2268 3776
295 307 396 360 190

741 286 805 337 P.
861 285 1169 342 OVIDII
1218 285 1608 342 NASONIS

357 402 746 483 Tithonosque
777 402 935 462 annis
963 402 1168 463 sortior
1196 427 1314 465 esse
1345 405 1477 465 suiS.

277 502 406 561 Haec
436 499 574 559 mihi
603 499 946 578 contigerat;
976 500 1073 561 sed
1101 500 1187 559 vir
1214 524 1332 561 non
1361 501 1599 580 contigit
1626 500 1726 561 illi.

358 598 514 677 Quas
537 619 687 656 nunc
716 596 1027 680 concipiam
1056 621 1158 680 per
1184 620 1330 658 nova
1358 614 1488 659 vota
1512 601 1744 682 preces?

276 695 457 756 Credo
488 694 652 755 etiam
682 718 913 772 magnos
933 741 947 767 ,
981 718 1093 776 quo
1120 718 1242 754 sum
1272 709 1384 755 tam
1416 697 1654 780 turpiter
1681 720 1817 757 usus
1835 744 1850 770 ‚
2013 714 2067 769 45

353 791 607 852 Muneris
639 789 816 851 oblati
838 792 1163 874 poenituisse
1194 793 1364 852 Deos.

275 895 558 979 Optabam
582 909 725 955 certe
754 895 959 977 recipi;
988 919 1111 955 sum
1139 919 1340 978 nempe
1367 910 1656 978 receptus:

357 991 567 1054 Oscula
593 992 766 1064 ferre;
796 991 900 1052 tuli
926 1017 938 1052 :
964 992 1253 1075 proximus
1280 1016 1427 1064 esse3
1457 992 1555 1052 fui.

275 1092 408 1171 Quo
437 1089 577 1149 mihi
608 1089 843 1150 fortunae
875 1092 1130 1152 tantum?
1155 1114 1267 1173 quo
1299 1113 1470 1168 regna
1499 1089 1618 1150 sine
1649 1090 1795 1149 usu?

358 1187 513 1267 Quid
531 1234 546 1259 ‚
578 1187 688 1247 nisi
715 1188 940 1271 possedi
972 1187 1121 1249 dives
1152 1211 1373 1259 avaruS‚
1399 1210 1534 1269 opes
1557 1189 1581 1247 Ξ)

2042 1218 2067 1241 (D

2013 1203 2038 1244 Cr

263 1287 363 1347 Sic
394 1301 510 1347 aret
534 1286 731 1354 mediis
762 1286 914 1347 taciti
943 1285 1203 1365 vulgator
1231 1286 1292 1346 in
1319 1285 1520 1358 undis3

352 1384 665 1467 Pomaque,
694 1407 817 1466 quae
844 1383 1002 1443 nullo
1034 1398 1281 1467 tempore
1313 1397 1536 1462 tangat,
1562 1383 1748 1443 habet.

272 1482 323 1541 A
348 1495 535 1542 tenera
565 1481 859 1564 quisquam
889 1481 967 1541 sic
997 1481 1178 1560 surgit
1204 1505 1364 1542 mane
1388 1479 1605 1564 puella,

310 1606 317 1611 ·
353 1578 620 1638 Protinus
649 1593 714 1638 ut
743 1592 962 1638 sanctos
992 1578 1175 1661 possit
1204 1578 1354 1639 adire
1387 1579 1557 1638 Deos,

272 1740 418 1782 Pelias
437 1754 451 1781 .·
491 1754 585 1781 non
606 1737 728 1781 enim
744 1754 865 1782 nunc
882 1738 936 1782 de
955 1739 1127 1782 seniore

271 1806 457 1848 Nestore
477 1805 644 1861 agitur,
665 1804 741 1847 sed
760 1804 814 1848 de
834 1805 990 1849 talibus
1008 1807 1129 1849 seni-

269 1868 350 1910 bus
360 1901 371 1922 ,
387 1868 462 1924 qui
476 1867 582 1910 olim
599 1868 647 1911 in
658 1869 935 1925 juventutem
949 1870 1127 1914 rediisse

268 1936 480 1979 dicuntur
498 1953 508 1979 :
532 1953 666 1994 quare
689 1945 733 1980 et
754 1937 887 1980 Peliae
905 1937 1127 1981 Tithonus

268 2001 469 2057 jungitur
486 2034 497 2054 ,
523 2001 598 2057 qui
621 2017 772 2043 revera
793 2002 1020 2045 renovavit
1048 2003 1127 2058 ju-

269 2074 516 2108 ventutem.
541 2065 674 2108 Peliae
690 2075 838 2108 autem
857 2065 1012 2108 eadem
1030 2082 1126 2123 spes

271 2149 351 2189 per
372 2133 582 2176 Medeam
600 2133 711 2175 sacta
731 2131 883 2176 sesellit
905 2145 915 2172 ε
935 2132 1040 2175 hinc
1060 2133 1126 2175 es-

270 2197 518 2241 ficaciorem
534 2197 665 2253 hujus
679 2196 831 2253 puellae
851 2205 1018 2240 tactum
1034 2212 1126 2239 om-

271 2262 398 2305 nibus
415 2261 591 2305 Medeae
607 2261 741 2305 succis
755 2261 914 2304 innuit.
933 2261 1097 2304 BuRM.

327 2330 393 2384 43.
417 2332 523 2372 Haec
544 2331 660 2372 mihi.
681 2328 870 2372 Palatini
889 2327 978 2370 duo
993 2359 1005 2382 ‚
1030 2330 1126 2371 Hoc

269 2400 638 2452 mffiicontzgrerat:
655 2395 731 2439 sed
747 2397 920 2439 frustra.
941 2396 1125 2454 Proprie

268 2465 476 2516 contingit
491 2461 632 2517 puella
646 2494 658 2516 ‚
680 2460 804 2517 cujus
820 2461 942 2517 copia
960 2460 1023 2504 fit.

329 2529 395 2582 45.
422 2529 514 2581 Quo
535 2543 642 2582 sum.
669 2527 813 2581 Malo,
836 2532 930 2570 sim.
955 2528 1124 2572 HEINS.

275 2593 388 2646 Quia
404 2604 496 2633 sum
514 2599 701 2647 quatuor
718 2591 829 2633 libri.

325 2656 392 2711 46.
413 2656 602 2698 Muneris
615 2659 760 2698 oblati.
780 2655 1014 2701 Potiundae
1033 2656 1126 2700 sci-

269 2723 370 2766 licet
390 2720 558 2778 puellae.

326 2793 392 2849 49.
415 2790 506 2843 Quo
522 2787 821 2843 mihifortunoe
843 2793 1023 2838 tantum,
1045 2803 1126 2843 quo

269 2874 398 2913 regna
424 2860 516 2900 sine
543 2872 620 2899 usu
638 2859 658 2891 Ρ
700 2855 871 2899 Eadem
905 2855 1125 2899 sententia

273 2922 450 2966 Horatii
471 2922 541 2964 lib.
564 2934 604 2975 1,
632 2920 768 2977 Epist.
790 2934 820 2964 v
835 2953 847 2975 ‚
880 2937 928 2963 12
950 2936 961 2963 ε

273 2995 349 3034 Quo
359 2993 440 3023 mihi
452 2993 613 3031 fortunas,
631 2993 657 3023 si
672 3003 738 3023 non
750 2992 939 3023 conceditur
950 2991 999 3022 uti
1011 2990 1030 3022 7
1054 2992 1091 3023 C.

268 3080 327 3089 ·—
353 3059 445 3110 Quo
468 3057 719 3099 Puteaneus
735 3069 838 3099 cum
860 3056 1026 3112 optimo
1045 3056 1123 3099 Pa-

272 3121 429 3164 latino:
444 3130 489 3163 et
502 3135 602 3162 mox
614 3154 624 3174 ,
640 3137 719 3176 quo
729 3136 867 3175 regna.
890 3122 1125 3174 Qut'ddona

270 3192 365 3230 sine
382 3204 479 3236 usu,
503 3187 628 3230 Junii
649 3197 692 3230 et
719 3197 907 3244 quatuor
924 3187 1006 3230 alii.
1032 3190 1124 3242 Quo

271 3258 403 3305 dona,
425 3254 592 3297 Moreti
605 3255 758 3297 tertius
774 3271 783 3298 :
800 3254 960 3298 deinde
973 3286 987 3310 ,
1012 3256 1130 3309 Quid

272 3326 561 3377 mffiipossedi
570 3322 679 3366 alter
690 3324 940 3367 Puteaneus
956 3342 966 3375 ;
985 3323 1060 3367 sed
1078 3332 1123 3367 et

270 3387 332 3429 ibi
352 3387 551 3442 mallem,
582 3390 695 3443 Quo,
720 3391 996 3443 micipossedc·
1009 3391 1122 3434 dives

270 3466 446 3502 avarus,
467 3467 565 3505 opes
579 3454 602 3495 P
620 3451 782 3494 BURM.

1267 1742 1332 1782 51.
1357 1740 1429 1783 Sic
1443 1745 1550 1782 aret.
1582 1736 1833 1782 Clarissimo
1853 1733 2036 1778 Barthio
2051 1766 2064 1788 ‚

1210 1801 1325 1845 Adv.
1345 1817 1488 1846 xxxlv
1503 1836 1515 1857 ,
1543 1820 1594 1845 22
1613 1835 1625 1857 ,
1649 1801 1847 1858 displicet
1866 1799 1959 1843 haec
1975 1798 2066 1841 lec—

1209 1870 1300 1922 tio;
1328 1885 1462 1927 quare
1489 1870 1698 1927 supponit
1714 1901 1726 1922 ‚
1751 1872 1816 1911 sic
1834 1873 1960 1910 avet:
1986 1863 2063 1908 sed

1209 1951 1301 1978 non
1321 1935 1586 1978 meminerat
1603 1934 1672 1977 vir
1689 1932 1789 1977 alias
1811 1939 2033 1975 accuratus
2050 1962 2062 1983 ‚

1208 2011 1363 2046 contra
1385 2001 1606 2045 rationem
1628 1999 1761 2044 metri
1779 2006 1827 2042 a'c
1849 1995 2063 2055 prosodiae

1209 2066 1294 2110 hoc
1311 2083 1401 2110 esse
1422 2079 1432 2106 z
1452 2075 1660 2123 praeterea
1683 2064 1773 2121 ipse
1797 2061 1983 2107 Ovidius
2003 2060 2064 2104 sic

1207 2130 1376 2174 loc-utus
1389 2139 1452 2174 est
1468 2163 1480 2185 ,
1496 2130 1567 2173 lib.
1587 2143 1649 2186 11,
1670 2129 1765 2172 Art.
1785 2128 1879 2171 605.
1893 2127 1951 2169 Et
1970 2125 2063 2169 Se—

1207 2213 1314 2242 neca
1331 2231 1343 2252 ,
1380 2197 1562 2257 Thyest.
1594 2196 1691 2241 Act.
1724 2209 1766 2251 1,
1788 2213 1827 2238 v.
1852 2197 1877 2250 ,4
1902 2211 1911 2237 :
1932 2195 2063 2249 Pejus

1205 2267 1415 2306 invenlmn
1433 2268 1503 2305 est
1518 2265 1598 2304 siti
1605 2262 1652 2305 A
1653 2267 1766 2304 reale
1780 2265 1826 2303 in
1835 2262 1960 2303 undis
1974 2262 2060 2301 ali-

1205 2329 1326 2382 quid,
1361 2332 1407 2369 εἰ
1424 2326 1553 2382 pejus
1560 2325 1686 2381 same
1710 2327 1872 2368 II1‘anle
1890 2339 2062 2379 semper.

1205 2415 1262 2424 —-
1282 2393 1428 2435 Tacili
1438 2394 1642 2446 vulgator.
1660 2390 1872 2434 Tantalus
1892 2389 1967 2447 qui
1986 2395 2058 2432 ta-

1205 2458 1339 2499 cenda
1360 2456 1649 2514 evulgaverat.

1261 2522 1327 2565 53.
1352 2523 1398 2565 A
1428 2528 1569 2565 tenera
1592 2524 1809 2577 quisquam
1836 2524 1902 2563 sic
1929 2523 2065 2576 surgit

1206 2604 1329 2631 mane
1333 2591 1481 2644 puella
1495 2598 1576 2632 etc.
1591 2588 1759 2644 Tanaq.
1776 2588 1878 2631 Fab.
1897 2588 1951 2630 ad
1973 2588 2058 2629 Lu-

1206 2663 1312 2698 cret.
1331 2655 1401 2698 lib.
1422 2670 1439 2697 1
1456 2687 1467 2710 ,
1492 2671 1587 2712 pag.
1606 2654 1684 2709 432
1708 2669 1720 2697 z
1741 2653 1918 2711 corrigit
1940 2654 2057 2696 hunc

1203 2723 1351 2765 locum
1374 2722 1434 2764 ita
1453 2734 1463 2760 :

1206 2795 1240 2827 A
1253 2803 1361 2827 tenera
1374 2796 1525 2838 quisquis
1536 2796 1582 2825 sic
1599 2796 1702 2836 surgit
1714 2807 1807 2828 mane
1823 2796 1929 2838 puella
1940 2819 1952 2834 ‚

1244 2858 1396 2890 Protinus
1414 2858 1442 2888 is
1459 2864 1585 2889 sanctos
1603 2858 1704 2899 possit
1716 2858 1804 2899 adire
1818 2860 1919 2889 Deos.

1206 2921 1261 2963 In
1289 2937 1374 2977 qua
1404 2919 1515 2962 nihil
1542 2936 1622 2977 ego
1645 2919 1817 2962 venusti
1841 2936 2026 2977 agnosco
2044 2954 2056 2975 ,

1204 2984 1278 3028 sed
1294 3000 1463 3027 meram
1475 2983 1736 3039 scabritiem,
1756 2983 1919 3027 Ovidio
1939 2984 2056 3027 indi-

1205 3068 1337 3109 gnam
1361 3065 1370 3092 z
1395 3061 1439 3095 et
1459 3057 1675 3107 quisquam
1698 3060 1815 3094 recte
1838 3062 1890 3094 'se
1911 3050 2055 3095 habet.

1206 3120 1278 3163 Sic
1291 3120 1473 3162 Terent.
1491 3119 1606 3162 Eun.
1620 3133 1680 3173 11,
1702 3132 1760 3160 111
1774 3150 1786 3172 ,
1813 3119 1864 3160 82
1880 3134 1890 3161 :
1912 3120 2056 3172 Quan-

1203 3187 1419 3240 doquidem
1436 3187 1604 3226 illarum
1616 3199 1744 3238 neque
1762 3188 1802 3224 le
1824 3182 2055 3238 quisquam

1202 3255 1327 3302 novit,
1349 3267 1476 3307 neque
1492 3254 1731 3307 scitquist‘s
1748 3268 1760 3293 .-
1776 3251 1851 3292 ubi
1874 3266 1954 3307 pro
1970 3253 2054 3292 ali-

1201 3335 1285 3374 qua
1312 3319 1501 3375 ponitur.
1542 3318 1701 3375 Scripti
1728 3334 1832 3361 vero
1852 3317 1961 3360 nihil
1982 3316 2052 3358 hic

1201 3385 1392 3438 variant,
1416 3384 1500 3427 nisi
1519 3383 1636 3440 quod
1656 3399 1832 3439 magnos
1843 3384 1960 3425 Deos
1977 3381 2048 3424 ha·

1201 3448 1301 3494 beat
1322 3450 1545 3495 Palatinus
1566 3449 1793 3493 secundus.
1819 3449 1980 3492 Bunm.
