2268 3776
245 288 318 341 26

711 289 776 343 P.
831 288 1128 346 ovmn
1171 290 1542 351 NAsoms
1596 266 1606 278 '

324 402 432 463 Hei
457 400 620 462 mihi!
655 427 818 486 quam
840 403 1006 484 longe
1037 429 1190 489 spem
1220 407 1349 469 tulit
1376 433 1508 471 aura
1534 414 1744 474 meam!

244 499 303 559 Si
331 499 462 559 satis
493 523 549 559 es
578 514 771 582 raptae,
803 503 1007 575 Borea,
1035 527 1248 565 memor
1275 505 1569 589 Orithyiae,

324 602 450 660 Huc
481 599 632 674 adeS‚
664 616 718 662 et
748 603 939 664 surdas
966 603 1180 666 flamine
1211 606 1381 667 tunde
1408 607 1571 669 fores.

243 703 398 763 Urbe
422 701 583 762 silent
611 717 727 763 tota
753 728 765 764 :
796 705 1080 789 vitreoque
1109 707 1383 770 madentia
1413 733 1538 771 rore
1956 730 2010 773 55

322 806 595 888 Tempora
616 806 794 866 noctis
824 823 985 881 eunt;
1016 824 1206 870 excute
1233 825 1396 894 poste
1430 835 1620 873 seram.

242 907 360 966 Aut
383 931 486 984 ego
511 907 622 988 jam
648 907 903 991 ferroque
931 910 1158 994 ignique
1183 913 1430 995 paratior
1456 913 1604 997 ipse,

326 1008 509 1087 Quam
536 1008 650 1070 face
681 1010 958 1086 sustine0‚
992 1027 1135 1073 tecta
1164 1015 1404 1098 superba
1432 1030 1632 1099 petam.

244 1111 373 1171 Nox
401 1125 455 1171 et
481 1111 657 1172 Amor
680 1112 979 1197 vinumque
1008 1114 1151 1174 nihil
1178 1115 1517 1178 moderabile
1544 1115 1813 1178 suadent:
1894 1111 1902 1120 ’

322 1211 426 1273 Illa
452 1213 666 1296 pudore
692 1230 845 1277 vacat
865 1240 878 1290 ;
902 1217 1072 1278 Liber
1100 1219 1385 1301 Amorque
1411 1233 1579 1280 metu.
1960 1236 2016 1278 60

246 1314 449 1375 Omnia
474 1318 754 1378 consumsi
779 1344 792 1378 ε
827 1342 928 1379 nec
959 1333 1011 1379 te
1040 1320 1365 1402 precibusve
1395 1321 1626 1383 minisve

324 1418 647 1492 MovirnuS,‘
669 1443 702 1479 o
728 1418 946 1480 foribus
977 1421 1199 1481 surdior
1223 1422 1342 1506 ipse
1372 1422 1514 1483 tuis!

242 1593 428 1638 Heinsio
454 1595 659 1652 placuisse
687 1613 739 1640 ex
760 1597 980 1655 adscriptis
1001 1615 1090 1644 orae

240 1657 340 1701 libri
359 1659 452 1715 ejus
470 1661 585 1704 notis
603 1661 752 1706 video:
771 1662 847 1706 sed
860 1664 989 1722 longe
1007 1665 1089 1709 ele-

241 1724 412 1779 gantius
429 1734 493 1769 est
511 1730 713 1770 animoso.
730 1727 790 1771 Et
805 1728 1011 1785 Virgilius
1027 1743 1064 1773 11
1076 1763 1088 1786 ,

242 1788 402 1848 Georg.
433 1793 526 1846 441.
551 1797 766 1836 animosos
805 1796 945 1838 Euros
973 1794 1091 1839 dixit.

241 1852 301 1897 Et
320 1854 380 1898 ita
400 1856 611 1913 Apuleius
627 1857 701 1901 lib.
714 1872 747 1913 1,
771 1858 955 1902 Metam.
975 1876 1091 1903 exa—

241 1922 375 1963 nimes
403 1927 552 1965 ventos
585 1939 759 1980 quoque
791 1923 907 1967 dixit.
943 1924 1016 1968 Sic
1048 1933 1093 1969 et

238 1988 475 2029 animosum
488 1989 666 2043 fluvium
694 1989 804 2033 Stat.
829 2003 923 2045 vn,
949 1990 1091 2034 Theb.

240 2050 345 2103 325;
364 2060 407 2096 et
418 2057 648 2097 animosum
662 2055 780 2099 idem
795 2064 872 2111 est,
889 2057 1006 2114 quod
1020 2074 1091 2101 ve-

240 2114 425 2161 hemens
448 2150 460 2173 ‚
498 2119 726 2165 violentus.
761 2123 851 2166 Pro
880 2126 1088 2178 impulsa,

241 2180 430 2225 malebat
464 2183 593 2227 etiam
629 2186 838 2231 Heinsius
865 2204 918 2231 en
936 2191 1088 2244 pulsa,

163 2275 169 2283 ,
243 2246 361 2302 quod
372 2247 418 2290 in
435 2265 526 2292 uno
541 2250 688 2295 codice
703 2253 893 2296 exstabat
907 2271 916 2306 3
934 2253 1011 2296 sed
1022 2270 1093 2297 ve-

239 2309 490 2358 hementius
508 2347 520 2370 ,
558 2325 602 2359 et
626 2321 816 2361 animoso
837 2324 963 2362 vento
982 2333 1093 2363 con-

239 2376 486 2423 venientius
504 2384 697 2435 impulsa.
719 2382 882 2426 BURM.

295 2443 359 2485 58.
396 2447 529 2498 Quam
547 2446 657 2501 sace
690 2452 889 2491 sustineo.
933 2449 1064 2502 Quem
1076 2481 1088 2500 ,

241 2507 492 2554 Puteaneus
516 2518 559 2553 et
589 2510 915 2555 Arundelianus
933 2545 944 2567 ,
989 2529 1092 2556 cum

241 2571 503 2618 editionibus
522 2577 759 2620 nonnullis.
787 2578 931 2632 Ignem
947 2578 1093 2620 subin-

241 2637 384 2695 tellige
395 2645 699 2696 :proparation
715 2641 867 2698 primae
878 2641 1092 2684 editiones

242 2711 287 2744 et
303 2703 600 2750 Scriverianus
613 2739 624 2761 ,
635 2710 858 2762 potentior.
878 2706 992 2748 Mihi
1012 2705 1093 2748 dis-

243 2767 393 2811 tichon
428 2769 512 2814 hoc
536 2779 788 2828 suspectum
817 2779 894 2814 est.
925 2771 1092 2814 HEINS.

244 2831 347 2876 Non
363 2843 453 2877 tam
468 2836 588 2879 facile
607 2835 816 2879 damnare
831 2834 971 2878 audeo
987 2852 997 2887 ;
1016 2833 1092 2878 sed

242 2912 294 2938 ex
314 2899 501 2956 vestigiis
521 2900 722 2945 codicum
742 2901 935 2957 legerem
957 2914 968 2942 ε

241 2974 314 3004 Aut
330 2984 388 3014 ego
401 2975 469 3014 jam
485 2976 635 3019 ferroque
650 2977 781 3019 ignique
801 2975 942 3017 paratior
952 2996 966 3015 ,
990 2974 1052 3005 ista

283 3035 391 3074 Quam
404 3035 472 3067 sace
486 3038 627 3068 sustineo
641 3061 652 3076 ‚
680 3044 764 3068 tecta
779 3035 917 3078 superba
931 3041 1049 3076 petam.

244 3096 347 3139 Hoc
358 3113 489 3140 sensu
506 3116 516 3152 ;
535 3115 616 3156 ego
628 3100 719 3154 jam
732 3097 983 3142 instructior
1000 3099 1092 3153 (pa-

241 3167 334 3204 rali
347 3163 504 3207 milites
516 3195 528 3218 ‚
546 3165 720 3218 armati)
741 3165 819 3208 ista
822 3164 951 3219 face⁷
969 3179 1091 3220 quam

243 3232 448 3280 sustineo,
465 3235 610 3284 pelam
629 3238 754 3273 tecta.
776 3230 954 3285 siquem
975 3228 1090 3271 reti-

244 3292 446 3336 nendum
467 3303 530 3337 est
548 3328 559 3350 ,
582 3295 674 3353 lege
694 3311 799 3350 cum
822 3293 1006 3337 Francio
1026 3305 1036 3334 :

424 3371 560 3412 Ignique
575 3371 717 3413 pamtior
731 3372 788 3404 ino
801 3394 811 3410 ,
829 3370 884 3404 vel
895 3370 965 3413 ipso
977 3393 987 3411 ,

244 3430 353 3472 Quem
366 3432 433 3465 sace
452 3433 603 3467 sustineo.

1171 1601 1239 1646 Ut
1264 1600 1415 1658 ignem
1443 1617 1467 1645 a
1497 1601 1589 1645 sace
1615 1599 1875 1659 distinguat3
1906 1598 2016 1657 gerit

1170 1666 1292 1709 enim
1313 1667 1463 1724 ignem
1488 1666 1535 1709 in
1555 1666 1646 1710 sace
1664 1698 1676 1721 ,
1709 1673 1759 1708 ut
1779 1664 1849 1708 alii
1867 1663 1914 1707 in
1937 1663 2015 1706 lu·-

1169 1747 1301 1774 cerna
1316 1747 1326 1774 :
1341 1740 1392 1775 ut
1407 1731 1544 1788 Epist.
1557 1744 1611 1785 11,
1632 1745 1711 1773 120
1730 1746 1741 1774 :
1762 1728 2024 1785 Sepulchrali

1167 1798 1328 1839 Iumina
1356 1801 1471 1838 mota
1477 1796 1615 1852 face,·
1646 1803 1690 1838 et
1716 1810 1831 1851 supr.
1851 1807 1889 1836 11
1903 1826 1916 1848 ‚
1955 1810 2018 1836 ιιι

1178 1862 1284 1904 Vidi
1290 1877 1366 1916 ego
1373 1862 1577 1917 jactatas
1588 1860 1816 1917 moiasacc
1834 1875 2019 1903 crescere

1158 1928 1378 1983 flammas;
1393 1928 1583 1970 etVarro
1599 1925 1713 1983 apud
1727 1926 1843 1969 Non.
1856 1923 2018 1978 infax:

1170 1994 1290 2048 Ignis
1301 1996 1346 2035 in
1352 1992 1457 2048 sace
1473 1992 1673 2048 adfertur.
1693 1991 1745 2034 In
1761 1988 2019 2047 quibusdam

1171 2065 1266 2100 erat
1280 2090 1292 2112 ,
1307 2062 1505 2113 paratior·
1521 2060 1637 2103 omni
1646 2072 1663 2112 ‚·
1682 2056 1729 2100 in
1756 2070 1847 2099 uno
1864 2087 1876 2110 ‚
1895 2053 2021 2111 firo-

1172 2126 1266 2165 cior·
1275 2126 1399 2166 omni.
1421 2122 1587 2167 BURM.

1225 2187 1293 2230 60.
1315 2189 1486 2230 Pudore
1503 2193 1646 2230 vacat.
1663 2186 1818 2230 Solent
1835 2185 2023 2243 plerum-

1173 2267 1258 2309 que
1273 2253 1459 2310 cujusvis
1475 2252 1639 2296 ordinis
1653 2251 1856 2295 homines
1866 2258 1994 2294 nocte
2007 2283 2020 2304 ,

1172 2333 1306 2374 quam
1324 2317 1394 2361 die
1410 2350 1423 2373 ,
1444 2333 1535 2361 esse
1551 2317 1884 2370 licentiosiores3
1906 2323 1949 2358 et
1967 2313 2023 2357 ad

1171 2382 1364 2426 facinora
1392 2380 1685 2440 perpetranda
1717 2380 1943 2437 (quoniam
1968 2379 2021 2424 ab

1173 2448 1264 2492 aliis
1296 2464 1390 2491 non
1422 2447 1744 2506 adspiciuntur)
1773 2445 2024 2503 paratiores.

1173 2513 1342 2557 Idcirco
1365 2512 1513 2557 Caesar
1530 2545 1542 2568 ,
1577 2527 1715 2569 quum
1731 2519 1861 2555 nocte
1880 2517 2023 2566 posset

1177 2576 1570 2634 Corfinium‚quod
1582 2576 1754 2630 milites,
1767 2575 1842 2631 qui
1850 2574 1906 2617 ibi
1916 2588 2021 2630 prae·

1171 2642 1282 2686 sidio
1295 2651 1422 2685 erant
1433 2674 1445 2696 ,
1462 2643 1542 2698 ipsi
1557 2657 1600 2685 se
1621 2641 1713 2697 j'am
1730 2638 1993 2682 dedidissent
2005 2670 2016 2692 ,

1171 2706 1342 2764 ingredi
1354 2706 1508 2749 noluit.
1521 2704 1768 2763 Ejusverba
1778 2711 1882 2746 sunt
1894 2702 1964 2746 lib.
1982 2715 2017 2757 1,

1172 2771 1227 2815 de
1252 2771 1366 2814 bello
1404 2769 1532 2814 Civili
1553 2786 1564 2813 :
1589 2787 1611 2808 α
1635 2769 1806 2812 Tamen
1827 2767 1988 2810 veritus
2004 2799 2018 2822 ,

1171 2852 1230 2879 ne
1239 2835 1430 2879 militum
1439 2834 1638 2888 introitu,
1649 2842 1693 2877 et
1701 2831 1905 2877 nocturni
1913 2841 2020 2875 tem-

1172 2901 1289 2958 poris
1305 2900 1480 2943 licentia
1491 2932 1502 2954 ,
1526 2898 1736 2957 oppidum
1756 2897 2019 2954 diriperent,

1171 2982 1262 3020 eos,
1284 2966 1358 3023 qui
1382 2973 1596 3008 venerant
1614 2997 1627 3020 ‚
1648 2962 1861 3007 collaudat
1876 2972 1956 3007 etc.
1970 2981 1993 3000 »

1226 3031 1293 3074 62.
1315 3031 1496 3073 Surdior.
1509 3031 1676 3078 Dur-ior,
1697 3028 1743 3071 in
1756 3028 1959 3071 omnibus
1976 3026 2021 3070 li-

1171 3095 1260 3140 bris
1278 3095 1457 3151 scriptis.
1481 3092 1613 3138 C10F.
1637 3095 1810 3137 Surdior
1824 3091 2024 3149 Neapoli·

1172 3169 1316 3215 tanus,
1334 3174 1414 3217 pro
1431 3158 1599 3202 diversa
1612 3158 1824 3210 lectione3
1846 3156 2021 3212 elegan-

1173 3235 1259 3270 ter:
1270 3223 1494 3282 quomodo
1506 3232 1549 3267 et
1563 3222 1864 3267 Scriverianus
1874 3219 2019 3264 codex.

1173 3291 1312 3336 Paulo
1334 3299 1434 3334 ante
1449 3323 1460 3345 ,
1483 3306 1592 3333 vers.
1615 3290 1668 3343 54
1683 3320 1695 3342 ,
1720 3286 1845 3330 dixit:

1216 3363 1291 3394 Huc
1304 3362 1379 3393 ades
1392 3385 1402 3400 ,
1416 3368 1447 3392 et
1462 3360 1574 3392 surdas
1587 3358 1715 3390 flamine
1731 3356 1832 3388 tunde
1845 3354 1940 3387 fores.

1179 3425 1302 3469 Infra
1325 3423 1450 3480 Eleg.
1472 3435 1559 3471 v111
1579 3438 1590 3476 ;
1610 3435 1715 3465 vers.
1741 3434 1787 3476 77
