2268 3776
532 276 931 336 AMORUM
973 278 1106 333 111.
1162 277 1407 336 ELEG.
1458 280 1609 336 V11.

180 399 290 462 Sed
315 421 433 460 non
461 395 694 471 blanda,
718 409 860 480 puto
880 441 897 469 ,
921 418 1039 456 non
1071 395 1283 479 optima
1310 398 1555 480 perdidit
1585 399 1645 459 in
1673 424 1759 461 me

1865 303 1960 360 191

262 493 470 558 Oscula
495 518 507 554 :
531 517 649 555 non
679 491 832 554 omni
861 490 1184 553 sollicitavit
1213 516 1336 576 ope.

178 590 280 654 Illa
309 613 498 671 graves
530 589 721 674 potuit
752 613 1016 673 quercus,
1045 589 1444 674 adamantaque
1473 591 1703 667 durum,

258 686 547 771 Surdaque
577 685 865 749 blanditiis
900 711 1030 749 saxa
1057 711 1277 751 movere
1307 688 1440 749 suis.

179 784 361 863 Digna
389 808 607 846 movere
638 783 746 845 fuit
778 799 924 847 certe
954 786 1220 870 vivosque
1247 785 1540 870 virosque;

261 880 373 943 Sed
398 905 579 966 neque
610 895 729 944 tum
758 883 897 956 vixi,
923 907 1025 944 nec
1053 883 1165 957 vir,
1194 896 1257 943 nt
1288 898 1444 956 ante,
1468 884 1566 945 sui.
1916 908 1976 950 oo

178 977 333 1060 Quid
357 978 536 1060 juvet,
562 979 630 1040 ad
661 979 857 1041 surdas
889 980 936 1041 si
967 995 1151 1042 cantet
1182 980 1447 1042 Phemius
1474 986 1677 1044 aures?

257 1075 415 1156 Quid
443 1076 703 1149 miserum
734 1077 1048 1161 Thamyran
1079 1078 1229 1161 picta
1258 1077 1463 1139 tabella
1486 1079 1638 1161 juvet
1664 1083 1689 1141 ?

175 1172 254 1234 At
282 1196 403 1256 quae
431 1196 549 1234 non
583 1173 748 1235 tacita
775 1174 1009 1236 formavi
1037 1176 1238 1255 gaudia
1265 1191 1451 1237 mente
1474 1178 1488 1236 !

256 1270 421 1351 Quos
444 1293 548 1350 ego
579 1295 696 1332 non
724 1270 860 1333 finxi
893 1271 1258 1357 disposuique
1291 1273 1525 1334 modos!

175 1366 382 1429 Nostra
412 1381 595 1430 tamen
621 1369 869 1450 jacuere,
895 1368 1048 1431 velut
1075 1386 1433 1454 praemortua,
1466 1372 1713 1434 membra
1914 1395 1970 1437 65

257 1463 547 1548 Turpiter,
578 1464 834 1527 hesterna
864 1465 1216 1547 languidiora
1248 1493 1388 1530 rosa.

181 1559 322 1640 Quae
347 1585 497 1623 nunc
530 1586 654 1624 ecce
684 1562 872 1642 rigent
901 1564 1319 1650 intempestiva,
1350 1565 1679 1650 valentque:

261 1658 426 1720 Nunc
456 1683 600 1743 opus
630 1676 940 1744 exposcunt
965 1661 1329 1747 militiamque
1361 1687 1532 1724 suam.

181 1753 340 1835 Quin
367 1755 492 1817 istic
520 1756 854 1841 pudibunda
877 1758 1024 1841 jaces
1043 1807 1058 1835 ,
1086 1784 1214 1844 pars
1244 1761 1484 1844 pessima
1511 1761 1733 1823 nostri?

261 1857 353 1920 Sic
382 1882 505 1920 sum
534 1858 801 1944 pollicitis
836 1876 1033 1946 captus
1063 1878 1117 1924 et
1148 1877 1274 1925 ante
1308 1864 1436 1925 tuis.

1919 1899 1974 1941 70

178 1962 268 2025 Tu
298 1962 580 2027 dominam
606 1963 752 2028 fallis
777 1991 791 2028 ε
820 1990 922 2051 per
951 1967 1342 2053 te'deprensus
1372 1969 1598 2031 inermis

234 2132 300 2176 55.
323 2132 411 2177 Sed
425 2148 507 2178 non
531 2135 690 2179 blanda
704 2168 715 2186 ,
734 2140 851 2191 puto.
870 2135 938 2179 At
953 2152 1035 2180 non

177 2201 338 2245 blanda
358 2205 468 2246 sale's
481 2237 492 2255 ,
517 2220 599 2248 naa
618 2208 776 2261 oplima
796 2204 950 2249 Douza
969 2206 1037 2251 le-

179 2265 321 2323 gebat.
336 2268 403 2325 ᾼΙ
413 2283 496 2311 uon
508 2270 686 2320 blanda,
696 2275 820 2325 puto,
836 2270 1034 2314 mallem:

180 2341 232 2377 ut
253 2331 327 2378 lib.
345 2346 383 2377 11
400 2366 413 2390 ,
437 2333 625 2379 Metam.
649 2336 758 2380 566:

182 2406 245 2446 At,
259 2414 354 2450 puto,
361 2419 426 2441 non
440 2408 542 2449 ultro,
551 2420 610 2441 nee
618 2411 794 2454 quiequam
800 2412 866 2445 tale
873 2418 1039 2452 rog-ntem

183 2468 242 2500 Me
259 2469 366 2511 petiit.

862 2475 973 2506 Inus.

239 2527 307 2572 61.
336 2531 590 2587 Quidjuo‘et,
606 2534 672 2575 ad
680 2536 834 2577 surdas
845 2539 892 2577 si
901 2539 1045 2577 cantet

185 2595 385 2640 Phemius
405 2614 541 2642 aures.
574 2599 762 2644 Homer.
794 2599 954 2661 Odyss.
979 2617 1007 2645 x
1026 2636 1038 2659 ,

188 2662 270 2706 330
290 2681 302 2718 ς
326 2664 430 2709 ibid.
453 2666 553 2725 347.

240 2730 307 2774 62.
336 2733 455 2788 Quid
470 2737 663 2777 miserum
701 2735 927 2793 Thamyrin
960 2744 1041 2780 etc.

187 2796 259 2843 De
273 2798 487 2860 Thamyri
507 2817 531 2845 a
544 2801 686 2846 Musis
702 2811 860 2846 caecato
874 2818 925 2845 ex
935 2802 1043 2862 My-

189 2864 439 2924 thographis
468 2877 575 2913 nota
605 2869 764 2913 sabula.
794 2869 1044 2914 Videantur

191 2931 411 2977 zenobius
424 2966 436 2988 ,
458 2943 501 2978 et
517 2935 789 2993 Apostolius,
807 2938 853 2980 in
875 2939 1046 3001 Θάμυρις

191 3001 382 3052 μαίνεται.
395 2997 484 3040 Pro
508 3001 733 3058 Thamyrin
749 3002 938 3058 optimus
953 3005 1046 3047 Pu-

193 3067 374 3103 teaneus
412 3063 456 3104 et
494 3060 584 3104 duo
627 3062 697 3106 alii
721 3095 733 3117 ,
768 3099 770 3108 Α
794 3066 1045 3123 Thamyran.

196 3121 448 3179 Utrumque
458 3121 628 3168 dicitur.
640 3125 731 3181 Hui
737 3141 786 3169 us
798 3129 1047 3183 argumenti

196 3204 246 3233 ac
275 3189 465 3232 nominis
491 3189 770 3247 Tragoediam
811 3193 1047 3250 Sophocles

195 3252 436 3309 scripserat,
450 3269 546 3310 quae
558 3270 696 3310 quum
712 3255 878 3300 Polluci
893 3257 963 3301 lib.
980 3273 1045 3313 ιν,

196 3330 288 3372 cap.
307 3330 335 3358 x
347 3349 359 3371 ,
374 3318 548 3379 Θάμυρις
566 3318 620 3361 sit
637 3351 648 3373 ,
674 3327 717 3362 et
742 3318 980 3378 Anonymo
999 3322 1047 3365 in

195 3379 284 3422 vita
297 3379 525 3438 Sophoclis
542 3414 554 3435 ,
575 3381 791 3426 Athenaeo
809 3392 958 3427 tamen
976 3384 1047 3428 lib.

198 3459 248 3491 lv
265 3481 278 3505 ‚
302 3458 347 3493 et
366 3463 444 3495 xlv
463 3482 474 3505 ,
496 3466 590 3493 non
611 3451 691 3494 sub
711 3455 951 3514 Θαμύριδος,
973 3452 1048 3496 sed

1115 2141 1295 2200 Θαμύρου
1333 2138 1516 2182 nomine
1551 2137 1763 2181 laudatur.
1804 2138 1972 2181 Hiems.

1171 2203 1238 2255 54.
1257 2202 1560 2246 Medos-..locos
1573 2202 1765 2258 plurimi,
1780 2210 1823 2245 et
1837 2201 1973 2246 editio

1117 2266 1258 2324 prima
1282 2284 1294 2319 ;
1332 2266 1445 2309 male
1477 2279 1488 2306 ι
1518 2269 1653 2308 modis
1669 2274 1770 2308 sunt
1803 2268 1974 2308 Veneris

1116 2334 1233 2374 mille
1237 2334 1410 2389 figure,
1435 2338 1485 2374 ut
1509 2330 1581 2373 lib.
1607 2344 1644 2372 11
1662 2363 1674 2386 ,
1702 2330 1799 2373 Art.
1823 2331 1907 2390 679
1927 2339 1972 2374 et

1121 2408 1203 2449 111,
1233 2396 1324 2453 787.

1174 2463 1242 2506 66.
1255 2465 1462 2506 Hesterna
1472 2463 1738 2518 languidiora
1748 2477 1858 2505 msa.
1879 2463 1975 2506 Ele·

1123 2539 1276 2588 gauter
1288 2530 1503 2574 hesternae
1517 2545 1625 2573 1·oeae
1641 2539 1864 2587 comparat
1879 2531 1975 2574 lan-

1124 2597 1252 2655 guida
1270 2614 1347 2642 sua
1365 2598 1565 2641 membra
1583 2631 1594 2651 ‚
1625 2606 1669 2640 et
1689 2608 1864 2642 mortua
1883 2615 1893 2641 :
1918 2599 1977 2642 ita

1129 2668 1319 2720 ἧμιθανεῒς
1339 2667 1523 2722 etqui-nug
1542 2664 1648 2708 dixit
1667 2674 1794 2722 poeta
1814 2666 1860 2708 in
1880 2667 1977 2709 An-

1124 2728 1230 2772 thol.
1254 2730 1328 2774 Sic
1350 2733 1555 2786 languida
1574 2734 1718 2773 virilia
1738 2730 1874 2772 Mart.

1177 2797 1246 2855 67.
1270 2800 1370 2853 Quae
1386 2813 1498 2840 nunc
1512 2813 1608 2840 ecce
1626 2801 1775 2851 vigent.
1795 2798 1975 2850 mgent,

1124 2861 1267 2918 prima
1284 2861 1419 2904 editio
1439 2870 1483 2904 et
1503 2877 1575 2903 sex
1590 2860 1737 2916 scripti
1758 2872 1768 2898 :
1786 2860 1976 2916 optime;

1125 2928 1228 2972 hinc
1244 2939 1288 2973 et
1304 2933 1482 2983 arrigere
1496 2927 1550 2969 de
1567 2927 1636 2969 illa
1654 2935 1789 2983 parte.
1809 2927 1977 2970 HEINS.

1180 2996 1248 3055 69.
1283 2998 1394 3050 Quin
1410 2998 1508 3037 istic
1513 2997 1760 3048 pudibunda
1762 2994 1878 3047 jace.
1896 2996 1979 3036 Ja-

1126 3079 1197 3105 ces
1214 3096 1224 3108 ,
1255 3061 1457 3104 meliores
1473 3094 1483 3114 ‚
1514 3069 1630 3103 recte
1648 3078 1658 3112 ς
1685 3061 1825 3117 prima
1844 3061 1980 3104 editio

1127 3134 1173 3169 et
1203 3124 1431 3168 Mediceus
1455 3124 1621 3180 primus
1640 3158 1652 3178 ,
1671 3141 1777 3179 pars
1791 3129 1982 3181 pessima

1127 3206 1257 3232 rerum
1280 3202 1293 3227 .·
1314 3204 1405 3230 non
1429 3188 1673 3231 invenuste.
1697 3190 1832 3232 IDEM.

1187 3273 1250 3313 70.
1265 3258 1335 3299 Sic
1351 3271 1454 3298 sum.
1477 3255 1596 3298 Libri
1609 3257 1699 3299 sere
1718 3272 1894 3311 omnes,
1915 3262 1984 3301 sic

1129 3335 1250 3372 sum,·
1276 3328 1318 3362 et
1341 3319 1525 3362 Putean.
1555 3327 1703 3374 captus
1719 3336 1765 3362 es
1794 3337 1806 3362 .·
1834 3321 1951 3364 unde
1968 3355 1981 3377 ‚

1090 3432 1092 3434 ,
1128 3393 1278 3443 captus
1293 3393 1336 3430 et
1344 3387 1516 3441 resumi,
1526 3388 1709 3431 minima
1722 3391 1979 3435 mutatione.

1190 3471 1252 3510 71.
1272 3456 1511 3510 Deprensus
1527 3459 1706 3499 ι’πεηπιίς.
1739 3458 1949 3513 Deceptus
1961 3491 1974 3509 ,
