2268 3776
276 330 377 381 118

745 329 810 380 P.
860 296 1156 383 ov1n1'1
1200 327 1580 384 NASONIS

351 443 559 503 Oscula
585 466 597 501 :
626 465 729 525 pro
759 442 940 503 reditu
967 443 1188 504 victima
1210 459 1339 504 vota
1364 445 1520 506 cadet
1546 470 1559 504 ε

267 542 444 622 Inque
476 540 587 599 tori
616 539 850 601 formam
876 539 1073 601 molles
1103 555 1421 601 sternentur
1449 564 1623 602 arenae
1647 588 1660 615 ‚

349 639 426 696 Et
449 635 699 696 tumulus
722 661 922 698 mensae
950 637 1185 721 quilibet
1208 638 1384 697 instar
1406 638 1530 698 erit..

265 732 387 792 Illic
417 732 677 814 adposito
704 734 957 794 narrabis
984 732 1158 794 multa
1185 735 1350 815 Lyaeo
1371 779 1386 806 ‚

282 867 284 869 >
349 830 510 889 Paene
543 829 616 889 sit
643 843 707 888 ut
732 829 928 890 mediis
957 830 1161 889 obruta
1185 829 1340 889 navis
1368 827 1527 910 aquis
1551 851 1564 886 :
2002 847 2056 889 50

268 928 528 1008 Dumque
554 925 623 986 ad
650 950 736 986 me
763 950 1057 1010 properaS,
1090 950 1191 986 nec
1225 924 1431 1007 iniquae
1459 938 1709 1006 tempora
1732 924 1913 985 noctis
1933 972 1948 997 ‚

342 1026 457 1084 Nec
489 1039 541 1084 te
568 1024 885 1107 praecipites
916 1024 1233 1085 extimuisse
1263 1024 1463 1082 Notos.

264 1121 470 1182 Omnia
491 1144 596 1204 pro
628 1120 769 1180 veris
801 1121 1047 1194 credam,
1067 1121 1192 1181 ⁴sint
1216 1119 1344 1179 ficta
1366 1117 1574 1178 licebit.

344 1219 461 1279 Cur
490 1242 594 1296 ego
621 1242 738 1277 non
766 1219 910 1278 votis
939 1218 1197 1279 blandiar
1226 1218 1345 1301 ipse
1372 1215 1554 1276 meis?

255 1315 393 1375 ‘Haec
418 1315 554 1375 mihi
587 1316 997 1398 quamprimum
1027 1315 1160 1376 caelo
1190 1314 1561 1374 nitidissimus
1587 1311 1701 1372 alto
2003 1330 2058 1371 55

342 1412 564 1472 Lucifer
593 1412 835 1473 admisso
864 1428 1117 1495 tempora
1144 1425 1334 1494 portet
1355 1433 1502 1492 equo
1531 1411 1544 1468 !

259 1593 335 1631 que
346 1579 470 1619 ulnis.
491 1575 543 1620 C.
574 1577 720 1628 Ulnis,
746 1587 946 1635 excerpta
967 1577 1116 1621 Jureti

260 1651 305 1684 et
327 1643 515 1685 Puteani
535 1659 637 1685 cum
657 1642 805 1686 codice
824 1643 1088 1686 Sarraviano
1102 1675 1114 1697 ,

261 1715 306 1748 ct
326 1723 399 1749 sex
419 1707 522 1750 aliis.
544 1707 633 1751 Sed
662 1707 837 1765 vulgata
858 1707 1033 1765 respicit
1061 1706 1114 1750 ad

261 1771 398 1814 ritum
419 1771 544 1814 illum
558 1806 568 1823 ‚
595 1789 682 1828 quo
704 1789 727 1816 e
743 1773 844 1815 navi
864 1772 1013 1815 alienis
1031 1772 1119 1815 hu-

263 1836 396 1879 meris
417 1853 495 1892 per
516 1837 677 1893 primas
699 1836 837 1880 undas
856 1836 1119 1880 desereban-

262 1911 338 1943 tur
366 1910 563 1944 vectores
587 1902 634 1944 in
656 1910 832 1945 terram.
862 1902 1032 1945 HEINS.
1063 1924 1119 1934 —-·

264 1966 445 2010 Laetitiae
473 1975 601 2024 poeta
630 1967 861 2024 impatiens
885 2000 897 2021 ,
937 1967 993 2010 ob
1012 1967 1116 2010 seli—

264 2049 362 2077 cem
375 2033 523 2076 amicae
537 2032 747 2089 reditum,
761 2036 853 2076 non
867 2033 970 2076 sinit
983 2032 1118 2075 alium

263 2097 574 2141 advenientem
602 2103 818 2155 excipere3
851 2108 896 2142 et
921 2099 1010 2155 ipse
1031 2099 1117 2142 suis

263 2171 488 2219 exceptam
508 2163 705 2207 humeris
723 2172 869 2220 portat
896 2180 1043 2207 ovans.
1063 2188 1118 2199 ·-

263 2229 404 2271 Multa
442 2234 534 2272 sine
570 2232 715 2272 ordine
751 2245 921 2285 carpam
946 2231 1116 2287 Oscula.

267 2298 445 2350 Carpere
456 2299 604 2340 oscula
615 2313 835 2354 nusquam
847 2297 999 2341 dixisse
1012 2297 1118 2342 Ovi-

265 2360 390 2403 dium
418 2361 608 2405 asfirmat
631 2363 786 2407 Heius.
816 2363 1005 2420 ideoque
1033 2380 1118 2406 su—

262 2441 386 2476 mam,
410 2443 511 2469 cum
528 2427 807 2484 Sarraviano,
828 2428 998 2472 duobus
1019 2430 1117 2472 Pa-

219 2541 223 2559 Ι
258 2489 427 2545 latinis,
450 2500 494 2534 et
516 2501 704 2548 quatuor
726 2494 816 2537 aliis
832 2528 844 2549 ,
876 2493 1116 2552 legendum

263 2554 421 2601 rectius
440 2556 661 2613 proponit.
697 2557 896 2603 Catullus
926 2567 1077 2603 tamen
1101 2591 1114 2615 ,

1206 1591 1341 1620 carm.
1357 1587 1522 1628 vanr,
1544 1589 1639 1629 127,
1654 1572 1709 1616 de
1727 1570 1966 1628 Columbo,
1981 1573 2056 1618 ait:

1198 1646 1321 1677 Oscula
1338 1643 1499 1676 mordenti
1517 1653 1644 1685 semper
1663 1643 1841 1685 decerpere
1855 1650 1973 1674 rostro.

1256 1707 1322 1762 46.
1360 1709 1543 1750 Victima
1561 1710 1674 1748 vota.
1716 1704 1871 1761 Quam
1896 1704 2055 1749 scilicet

1199 1782 1278 1816 tuo
1300 1789 1381 1830 pro
1400 1772 1546 1816 reditu
1565 1788 1788 1816 voveram.

1255 1840 1320 1893 48.
1336 1842 1421 1881 Pro
1431 1854 1577 1881 mensa
1593 1840 1777 1881 tumulus
1786 1840 1962 1894 quilibet
1967 1840 2056 1879 ins-

1199 1908 1270 1944 tar
1293 1906 1381 1945 erit.
1415 1904 1479 1945 Et
1500 1905 1693 1945 cumulus
1716 1918 1868 1944 mense
1886 1905 2059 1957 quilibet

1198 1983 1292 2011 esse
1314 1974 1478 2024 potest,
1505 1969 1757 2012 Puteaneus
1786 1983 1796 2010 ε
1819 1976 1906 2010 tres
1921 2000 1932 2021 ,
1970 1968 2056 2009 Pro

1199 2049 1345 2077 mensa
1356 2036 1567 2077 cumulus:
1582 2034 1725 2090 prima
1737 2032 1839 2075 edit.
1853 2040 1897 2075 et
1908 2032 2056 2088 scripti

1199 2100 1419 2154 nonnulli,
1438 2102 1502 2143 Et
1515 2102 1707 2143 cumulus
1722 2115 1873 2141 mensa·
1886 2100 2061 2154 quilibet

1199 2170 1339 2208 instar
1367 2170 1467 2217 erit,
1501 2163 1727 2222 quomodo
1759 2172 1804 2207 et
1835 2162 2055 2206 Arunde-

1199 2230 1340 2274 lianus
1363 2246 1374 2274 ι
1391 2247 1475 2274 nec
1492 2230 1618 2273 aliter
1639 2229 1926 2273 sarx-avianus
1944 2260 1955 2282 ,
1972 2227 2056 2270 nisi

1201 2296 1320 2353 quod
1336 2297 1382 2339 in
1401 2296 1503 2351 illo,
1538 2297 1744 2349 tumulus,
1770 2303 1815 2339 et
1833 2303 1965 2338 recte.
1993 2294 2055 2336 H.

1256 2363 1321 2418 53.
1349 2363 1505 2405 Omnia
1512 2379 1592 2419 pro
1605 2366 1709 2407 veris
1721 2364 1900 2405 credam.
1915 2360 2056 2402 Totus

1199 2429 1270 2473 hic
1282 2428 1415 2486 spirat
1429 2427 1686 2472 Ovidius.-
1695 2429 1873 2471 Licebit.
1886 2426 2053 2482 Quam-

1199 2494 1285 2548 vis,
1309 2493 1489 2537 etiamsi.
1510 2513 1568 2528 -ι
1588 2492 1715 2537 Idem
1736 2507 1903 2550 argum.
1929 2490 2052 2534 Pro-

1199 2568 1308 2617 pert.
1331 2559 1529 2605 tractavit
1548 2591 1560 2615 ,
1582 2560 1627 2614 1,
1651 2558 1771 2616 Eleg.
1792 2572 1894 2605 v111.
