2268 3776
256 319 328 374 99
730 303 793 355 P.
845 303 1141 359 ov1D11
1180 303 1557 371 NASONIS

870 598 1270 669 ELEGIA
1326 602 1407 670 V.

260 915 311 945 IN
330 913 519 945 AMICAM
536 911 801 946 INVEHITUR
817 934 829 957 ,
858 916 967 958 QUAE
982 937 994 954 ,
1016 917 1115 948 1Pso
1138 918 1414 960 PRAESENTE,
1437 918 1495 949 ΕΤ
1515 918 1717 951 ΒΟΜΝΠΜ
1735 919 2002 955 SIMULANTE
2018 942 2030 964 ,

415 996 591 1029 AMORIS
621 997 716 1029 NON
746 999 878 1030 DUBII
906 998 1045 1031 SIGNA
1074 999 1291 1032 CONVIVAE
1321 999 1506 1032 CUIDAM
1537 1001 1870 1034 CONCESSERAT.

258 1150 571 1235 NULLUS
597 1199 753 1235 amor
782 1177 923 1236 tanti
952 1192 1062 1250 est3
1095 1177 1286 1251 abeaS,
1317 1177 1633 1261 pharetrate
1657 1179 1911 1263 Cupido;

341 1275 421 1332 Ut
446 1273 584 1333 mihi
612 1274 724 1334 sint
754 1275 917 1336 toties
943 1275 1177 1336 maxima
1206 1289 1335 1336 vota
1359 1277 1518 1336 mori.

258 1369 402 1429 Vota
431 1369 575 1429 mori
606 1395 723 1430 mea
754 1386 916 1444 sunt,
948 1395 1120 1454 quum
1144 1387 1196 1433 te
1218 1395 1469 1455 peccasse
1491 1373 1770 1434 recordor.

340 1468 448 1527 Hei
474 1467 638 1540 mihi,
668 1484 1000 1553 perpetuum
1026 1484 1156 1529 nata
1176 1469 1360 1553 puella
1391 1468 1628 1531 malum!
1693 1517 1699 1522 .

258 1568 388 1627 Non
418 1566 557 1625 mihi
584 1566 772 1628 deletae
801 1568 1015 1629 nudant
1045 1581 1140 1627 tua
1166 1564 1582 1636 factatabellae:

2015 1582 2040 1623 C!

338 1665 467 1723 Non
499 1665 625 1724 data
653 1665 852 1726 furtive
883 1688 1112 1725 munera
1142 1664 1347 1724 crimen
1374 1664 1599 1725 habent.

260 1761 316 1821 O
343 1762 555 1822 utinam
586 1785 870 1840 arguerem
899 1763 1005 1835 sic,
1037 1777 1102 1823 ut
1124 1787 1242 1822 non
1263 1763 1476 1822 vincere
1504 1763 1756 1844 possem!

340 1861 437 1926 Me
465 1861 754 1921 miserum!
787 1885 953 1944 quare
980 1875 1091 1921 tam
1120 1861 1271 1920 bona
1294 1884 1456 1920 causa
1482 1883 1601 1920 mea
1629 1859 1749 1919 est?

258 1958 435 2031 Felix,
471 1960 593 2042 qui,
625 1959 778 2042 quod
805 1973 974 2030 amat,
1007 1957 1294 2018 defendere
1323 1957 1540 2017 fortiter
1566 1955 1763 2016 audet:

344 2056 451 2117 Cui
480 2080 578 2116 sua
598 2103 612 2127 ‚
639 2081 738 2116 non
745 2055 864 2138 fici
871 2104 885 2125 ‚
922 2056 1101 2116 dicere
1129 2055 1300 2116 amica
1327 2057 1547 2140 potest!
1627 2103 1630 2106 .
1997 2082 2044 2109 10

259 2153 492 2214 Ferreus
524 2167 632 2224 est,
662 2152 1005 2236 nimiumque
1034 2176 1136 2212 suo
1163 2152 1308 2213 favet
1332 2151 1424 2213 ille
1455 2149 1665 2222 dolori,

347 2251 452 2311 Cui
481 2251 693 2333 petitur
719 2251 863 2310 victa
884 2250 1065 2333 palma
1093 2264 1319 2310 cruenta
1348 2273 1454 2329 rea.

264 2349 391 2430 Ipse
420 2348 586 2408 miser
612 2347 725 2407 vidi
736 2388 759 2421 ‚«
779 2372 952 2431 quum
979 2372 1065 2408 me
1095 2346 1333 2407 dormire
1359 2359 1584 2429 putares
1603 2390 1618 2416 ,

321 2542 358 2567 2.
385 2526 447 2566 Ut
454 2527 659 2567 mt'hisint
671 2529 797 2567 toties
812 2530 1000 2568 maxima
1014 2530 1118 2568 vota

264 2593 380 2633 mori.
401 2588 585 2646 Egregie
605 2589 806 2644 Propert.
828 2602 845 2630 1
861 2622 872 2642 ‚
896 2590 1016 2646 Eleg.
1035 2603 1084 2631 VI
1102 2622 1113 2644 ,

265 2658 319 2701 23
336 2690 348 2711 ‚
365 2664 558 2700 mortem
570 2658 720 2698 ultima
737 2655 1000 2697 miserorum
1017 2661 1117 2698 vota

267 2723 372 2766 dicit
394 2736 404 2763 τ

223 2838 225 2840 ¹
266 2800 309 2831 Et
322 2798 381 2829 tibi
396 2810 460 2830 non
474 2809 619 2840 unquam
632 2805 759 2829 nostros
773 2809 853 2839 puer
866 2798 926 2829 iste
938 2798 1063 2829 labores

309 2860 447 2892 Adferat
457 2884 466 2899 ‚
481 2866 514 2890 et
529 2859 670 2890 lacrimis
685 2859 806 2889 ultima
819 2866 897 2889 vota
910 2859 1002 2888 meis.

324 2927 363 2967 5.
398 2926 495 2968 Non
518 2926 627 2966 mila·
644 2925 831 2978 deceptoe
858 2925 1023 2965 nudant
1045 2927 1120 2964 tua

256 2994 390 3051 facta
409 2995 592 3035 tabellae.
606 2992 755 3035 Scribe
774 3024 785 3046 ,
803 2992 900 3036 Non
913 2996 1119 3046 intercep-

270 3064 324 3101 toe
340 3092 350 3108 ‚
381 3056 447 3100 vel
464 3091 474 3107 ‚
507 3059 600 3100 Non
617 3059 681 3098 mi
700 3060 948 3110 interceptoe.
972 3057 1119 3097 Inter-

270 3129 405 3181 ct'pere
431 3128 579 3166 literas
604 3124 784 3167 usitatus
806 3124 979 3180 optimis
1009 3140 1120 3167 auc-

271 3189 437 3232 toribus
468 3188 678 3244 loquendi
707 3188 876 3231 modus.
900 3189 1010 3231 Met.
1037 3202 1086 3230 1x
1106 3222 1118 3244 ,

276 3269 291 3294 1
302 3270 350 3294 22
369 3254 458 3295 :Ne
473 3268 539 3294 res
552 3256 753 3307 intercipe
766 3258 944 3295 nostras.
967 3253 1021 3296 In
1042 3268 1122 3309 op-

275 3319 384 3362 timo
403 3319 601 3362 Palatino
612 3352 623 3373 ‚
639 3321 811 3361 deletoe:
827 3320 959 3361 etiam
972 3319 1120 3375 probe.

272 3385 430 3428 Malim
452 3395 600 3428 tamen
616 3419 627 3440 ,
651 3388 746 3429 Non
761 3388 870 3427 male
884 3388 1043 3428 deletoe.
1060 3385 1120 3427 H.

275 3450 459 3494 Incertae
483 3450 722 3493 admodum
743 3450 810 3495 hae
829 3450 1090 3506 conjecturae
1112 3464 1122 3491 ε

1195 2526 1384 2579 decepta·
1409 2520 1580 2563 Marius
1605 2515 1805 2575 explicuit
1838 2520 2046 2571 intercep—

1198 2594 1255 2630 toe
1276 2604 1288 2630 .·
1307 2585 1465 2630 vellem
1483 2583 1784 2627 auctoritatem
1804 2580 2023 2623 adtulisset
2039 2596 2049 2621 ε

1197 2651 1245 2693 ἱῐι
1261 2651 1407 2696 codice
1423 2648 1684 2693 Sarraviano
1699 2654 1791 2689 erat
1802 2678 1814 2699 ,
1837 2647 1932 2686 Non
1946 2647 2054 2686 mihi

1198 2722 1373 2773 decepto
1393 2734 1406 2759 .·
1431 2716 1549 2772 quod
1569 2729 1707 2771 quum
1726 2727 1904 2755 sensum
1923 2711 2049 2754 saciat

1198 2780 1485 2825 commodum
1506 2811 1518 2833 ,
1558 2794 1646 2836 prae
1666 2775 1926 2833 conjecturis
1944 2792 2050 2819 me·-

1199 2847 1285 2889 rito
1305 2845 1456 2902 placet.
1479 2844 1644 2886 BURM.

1260 2928 1323 2952 12.
1347 2912 1431 2952 Cui
1438 2913 1690 2964 petituretc.
1711 2905 1894 2949 Victum
1914 2921 1959 2947 se
1979 2920 2049 2946 ve-

1200 2978 1264 3032 lit,
1281 2986 1325 3020 et
1338 2984 1561 3034 praeoptat‚
1579 2975 1623 3017 in
1638 2974 1707 3017 illa
1719 2988 1851 3030 quam
1863 2973 2051 3015 intentat

1197 3045 1273 3087 lite
1293 3062 1303 3096 ;
1328 3053 1370 3086 et
1385 3042 1575 3098 palmam
1594 3039 1795 3097 repudiat
1815 3042 2049 3085 cruentam,

1203 3108 1303 3165 quia
1337 3123 1430 3149 non
1459 3102 1552 3149 sine
1586 3104 1860 3148 acerbissimo
1893 3100 2054 3143 doloris

1201 3190 1331 3218 sensu
1350 3173 1488 3216 victor
1507 3171 1760 3215 discederet.
1781 3167 1917 3222 Nudi,
1938 3167 2053 3210 sim-

1203 3243 1331 3300 plices
1364 3250 1408 3285 et
1437 3241 1560 3283 omni
1592 3240 1692 3281 suco
1720 3252 1896 3294 prorsus
1925 3234 2056 3277 alieni

1203 3319 1342 3367 poetae
1364 3325 1525 3352 sensus.
1551 3307 1664 3362 Quis
1681 3305 1801 3348 enim
1831 3319 1934 3347 cum
1954 3303 2056 3346 Na-

1203 3390 1308 3418 sone
1328 3390 1420 3417 non
1440 3370 1716 3416 conclamet?
1738 3367 1855 3412 Felix
1870 3399 1882 3422 ,

1246 3451 1306 3483 Cui
1322 3461 1379 3482 sua
1389 3473 1399 3489 ,
1415 3449 1573 3492 non-feci,
1588 3447 1692 3478 dicere
1706 3445 1808 3476 amica
1823 3448 1926 3486 potest
1941 3443 1951 3472 1
