2268 3776
562 303 950 362 AMORUM
999 305 1083 358 11.
1126 302 1373 359 ELEG.
1426 302 1606 358 XVI.

1878 302 1975 378 137

286 424 363 485 Et
388 422 758 484 subventuros
787 419 995 481 auferet
1018 418 1169 479 unda
1196 419 1349 479 Deos
1371 443 1384 491 ;

146 536 148 538 ’
203 523 292 583 Tu
320 519 527 582 nostris
555 518 744 580 niveos
774 517 1017 578 humeris
1045 516 1269 599 impone
1300 515 1566 577 lacertos:

288 617 534 700 Corpore
563 638 669 675 nos
698 612 844 675 facili
872 613 1031 675 dulce
1058 612 1295 675 feremus
1322 634 1479 672 onus.
1930 628 1983 670 30

149 765 153 775 ,
207 712 359 797 Saepe
389 726 582 796 petens
611 713 763 772 Hero
790 711 1004 793 juvenis
1033 724 1339 771 tranaverat
1367 707 1579 780 undas;

284 810 443 870 Tunc
472 832 693 892 quoque
726 823 1019 880 tranasset3
1054 806 1149 869 sed
1180 805 1265 866 via
1292 828 1430 866 caeca
1458 804 1579 866 fuit.

204 906 284 967 At
316 905 433 966 sine
468 919 546 979 te,
578 906 826 990 quamvis
858 904 1082 989 operosi
1110 902 1316 964 vitibus
1343 902 1460 981 agri

287 1003 383 1063 Me
415 1015 664 1073 teneant;
699 1002 946 1085 quamvis
973 1000 1231 1062 amnibus
1260 1022 1384 1059 arva
1411 1012 1631 1069 natent,

207 1099 283 1159 Et
311 1111 470 1158 vocet
498 1097 558 1157 in
584 1095 734 1157 rivos
764 1111 1047 1180 parentem
1074 1097 1315 1158 rusticus
1346 1095 1578 1167 undam,
1935 1113 1989 1152 35

287 1193 619 1276 Frigidaque
647 1192 905 1254 arboreas
933 1192 1171 1254 mulceat
1199 1217 1330 1253 aura
1360 1215 1573 1263 comas;

205 1291 337 1351 Non
363 1312 469 1368 ego
500 1287 765 1367 Pelignos
793 1288 988 1350 videor
1016 1288 1290 1351 celebrare
1323 1286 1573 1348 salubres
1592 1332 1607 1358 ‚

286 1387 419 1446 Non
446 1408 550 1464 ego
580 1383 845 1459 natalem,
875 1409 1003 1446 rura
1031 1400 1285 1469 paterna,
1318 1384 1529 1446 locum:

209 1482 321 1545 Sed
351 1483 658 1567 Scythiam,
690 1482 999 1566 Cilicasque
1027 1483 1175 1544 feros
1200 1529 1215 1555 ‚
1243 1482 1553 1564 viridesque
1581 1479 1879 1539 Britannos
1898 1522 1912 1548 ‚

293 1582 543 1665 Quaeque
561 1579 907 1661 *Prometheo
937 1603 1063 1640 saxa
1091 1602 1285 1639 cruore
1316 1578 1538 1638 rubent.
1942 1589 1995 1643 40

214 1678 414 1740 Ulmus
441 1692 586 1739 amat
612 1678 805 1749 vitem,
835 1676 963 1736 vitis
991 1700 1108 1736 non
1137 1675 1340 1736 deserit
1367 1673 1605 1734 ulmum:

292 1776 532 1859 Separor
556 1798 587 1835 a
613 1772 838 1834 domina
867 1795 965 1832 cur
992 1796 1095 1851 ego
1126 1795 1268 1855 saepe
1298 1772 1464 1832 mea?

213 1873 291 1934 At
316 1872 454 1933 mihi
485 1886 536 1932 te
568 1870 825 1932 comitem
847 1870 1060 1951 juraras
1090 1893 1268 1952 usque
1296 1869 1540 1930 futuram
1559 1914 1574 1940 ‚

294 1970 402 2032 Per
428 1992 543 2043 me,
575 1991 785 2052 perque
818 1965 1043 2040 ocuIOS‚
1078 1965 1258 2029 sidera
1282 1980 1499 2038 nostra,
1532 1979 1677 2026 tuos·

268 2138 335 2183 33.
369 2139 715 2196 Operosivilibus
727 2139 832 2193 agri.
844 2136 898 2180 In
913 2136 1068 2194 quibus

213 2220 351 2261 opera·
375 2203 569 2248 multum
595 2202 950 2248 consumendum
970 2210 1036 2246 est
1050 2235 1065 2263 ,

221 2268 325 2326 quia
354 2269 518 2315 feraces
550 2267 804 2311 admodum.
847 2268 920 2312 Sic
956 2267 1066 2310 Ho-

217 2341 299 2377 rat.
316 2346 381 2388 Ν,
393 2332 482 2377 Od.
499 2350 522 2376 a
535 2365 547 2387 ,
562 2348 736 2388 operosa
748 2340 873 2376 vocat
887 2332 957 2376 illa
972 2347 1071 2375 car-

219 2402 358 2448 mina,
382 2413 499 2455 qum,
521 2398 615 2455 ipso
636 2405 771 2452 teste,
786 2413 864 2452 per
889 2399 1070 2440 laborem

213 2465 438 2519 plurimum
458 2461 667 2519 fingebat,
681 2465 796 2504 circa
806 2475 963 2511 nemus,
979 2464 1073 2503 uvi-

221 2528 344 2586 dique
379 2530 548 2573 Tiburis
577 2533 712 2585 njoam
724 2542 740 2582 ,·
786 2536 830 2572 et
859 2528 941 2571 alio
975 2527 1071 2571 loco

222 2593 391 2638 divitias
404 2597 667 2649 operosiores.
676 2616 732 2626 —
740 2594 924 2651 Proprie
943 2609 1048 2649 opus
1056 2627 1068 2646 ,

223 2657 277 2702 de
300 2658 561 2717 agricultura
576 2691 588 2714 ‚
605 2667 649 2702 et
666 2659 813 2702 labore
835 2659 1008 2702 rustico,

278 2724 345 2767 35.
374 2726 438 2767 Et
453 2730 576 2768 vocet
585 2729 629 2768 in
641 2729 753 2768 rivos
758 2730 972 2780 parentem
986 2740 1073 2767 rus-

225 2791 335 2832 ticus
370 2791 537 2834 undam.
573 2789 729 2832 Malim
763 2795 905 2833 evocet
927 2806 938 2841 ;
974 2788 1074 2833 edd.

226 2851 614 2909 prisoae‚cutreniem
624 2855 809 2898 rusticus
817 2868 957 2906 uvam:
964 2854 1071 2908 aliae,
1086 2880 1087 2883 =

228 2922 502 2962 currentem...
511 2922 680 2962 undam.
697 2919 787 2963 Sed
804 2936 855 2963 ex
870 2919 1074 2976 antiquisq

227 2979 328 3023 simi
360 2981 516 3026 codicis
550 2984 803 3027 auctoritate
837 2983 1075 3042 legendum

229 3045 400 3088 censuit
419 3046 586 3091 Marius
607 3065 798 3104 amnem,·
827 3058 921 3103 aut,
957 3049 1076 3106 quod

231 3109 372 3153 multo
393 3110 570 3166 melius,
590 3116 767 3164 undam,
790 3122 839 3158 ut
855 3114 1078 3171 interpre-

233 3182 351 3217 tetur
364 3183 491 3231 poeta
504 3175 622 3236 quod
641 3177 730 3233 ipse
750 3194 880 3234 supra
895 3177 1075 3233 dixerat,

231 3242 425 3282 amnibus
438 3255 539 3282 arva
552 3244 982 3284 natent.—Parentem
997 3260 1079 3286 un-

234 3306 333 3346 dam
347 3313 545 3361 excerpta
558 3305 763 3360 Puteani,
777 3307 886 3350 Scal.
901 3309 1078 3352 etc-Ve-

156 3365 164 3375 ”
234 3377 362 3412 nuste
385 3369 678 3414 mehercules!
704 3371 911 3414 exclamat
926 3373 1080 3418 Heius.

289 3433 355 3476 36.
385 3435 648 3480 Arboreus....
665 3451 817 3483 comas.
839 3436 1015 3483 Poetice
1037 3446 1082 3483 et

1150 2135 1395 2194 eleganter,
1418 2150 1499 2192 pro
1514 2134 1720 2190 frondes,
1745 2146 1841 2188 quae
1862 2132 1998 2175 arbo-

1149 2218 1252 2245 rum
1273 2218 1411 2245 come.

1205 2269 1271 2327 39.
1309 2268 1550 2322 Viridesque
1568 2267 1815 2308 Britannos.
1838 2262 2001 2316 Caesar,

1152 2331 1206 2375 de
1227 2331 1337 2375 Bell.
1359 2330 1470 2374 Gall.
1489 2344 1543 2384 v,
1570 2331 1645 2383 14:
1667 2329 1875 2373 «Omnes
1896 2344 2001 2371 vero

1151 2413 1196 2441 se
1213 2396 1415 2440 Britanni
1428 2401 1538 2439 vitro
1551 2393 1755 2438 inficiunt
1766 2426 1779 2448 ,
1794 2393 1910 2451 quod
1926 2410 2004 2437 cae-

1151 2461 1328 2507 ruleum
1356 2460 1491 2504 efficit
1518 2459 1711 2504 colorem
1728 2491 1740 2514 ,
1762 2467 1892 2516 atque
1921 2459 2005 2503 hoc

1154 2527 1400 2571 horridiore
1411 2535 1514 2570 sunt
1530 2527 1575 2570 in
1590 2542 1737 2583 pugna
1750 2524 1968 2583 adspectu.
1983 2544 2003 2562 ›·

1155 2593 1247 2637 Ubi
1257 2592 1354 2636 vide
1368 2607 1463 2650 quae
1478 2590 1748 2636 adnotarunt
1757 2591 1896 2635 nostri
1911 2589 2005 2634 Cae-

1154 2659 1259 2703 saris
1276 2657 1700 2702 Editores.—Unde
1718 2658 1919 2714 Propert.
1940 2670 1977 2698 11
1992 2689 2004 2709 ,

1157 2723 1279 2780 Eleg.
1301 2737 1380 2766 nv
1393 2757 1405 2779 ,
1442 2725 1518 2777 25,
1550 2723 1730 2778 infectos
1747 2739 1761 2776 ‚·
1793 2721 2006 2764 Martialis

1155 2792 1343 2846 ‘lepti-tos
1361 2797 1487 2833 vocat
1505 2789 1755 2832 Britannos.

1211 2857 1278 2910 4ο.
1313 2857 1463 2898 Cruor-e
1482 2856 1663 2896 madent.
1690 2855 1861 2895 Ilubent
1878 2851 2007 2895 multi

1158 2918 1264 2963 editi
1285 2928 1331 2964 et
1350 2918 1615 2962 Bersmanni
1645 2917 1741 2960 libri
1759 2950 1770 2972 ,
1795 2917 1913 2974 quod
1934 2918 2005 2960 ille

1157 2984 1313 3042 probat
1333 2999 1343 3027 :
1362 2987 1567 3038 sanguine
1582 2998 1694 3024 saxa
1711 2986 1858 3026 rubent
1869 3017 1880 3033 ‚
1919 2982 2007 3026 duo

1160 3050 1406 3093 Heinsiani.
1422 3048 1525 3092 Vid.
1539 3062 1606 3104 lv,
1625 3050 1810 3093 Metam.
1830 3051 1926 3104 481.

1213 3116 1279 3169 4¹·
1316 3115 1464 3156 Ulmus
1490 3121 1610 3157 amat
1638 3118 1756 3158 vites.
1786 3114 2007 3171 Quaedam

1161 3179 1420 3236 exemplaria
1438 3180 1649 3236 scriptum
1667 3179 1831 3224 habent
1843 3213 1855 3235 ‚
1867 3185 2003 3232 vitem,

1162 3260 1258 3301 quae
1279 3244 1406 3288 lectio
1431 3245 1567 3303 magis
1587 3245 1726 3302 placet
1744 3263 1753 3297 ;
1774 3262 1880 3288 nam
1906 3246 2007 3289 sin-

1162 3309 1300 3366 gulari
1322 3325 1519 3353 numero
1549 3312 1771 3367 sequitur,
1798 3316 1898 3354 vitis
1923 3328 2007 3354 non

1159 3377 1313 3417 deserit
1329 3378 1493 3418 ulmum.

1219 3440 1285 3495 44.
1313 3441 1468 3496 Perque
1487 3442 1632 3484 oculos
1644 3473 1656 3493 ,
1680 3443 1819 3485 sidera
1839 3447 1981 3485 nostra
1996 3475 2005 3491 ,
