2268 3776
698 290 1111 345 REMEDIA
1162 292 1517 348 AMORIS.

309 407 580 491 Quisquis
609 428 698 479 eS‚
729 430 794 466 ex
824 404 922 466 illo
941 452 956 479 ‚
987 405 1167 479 zoile,
1192 431 1398 469 nomen
1427 408 1616 469 habes.

227 513 302 572 Et
327 526 420 572 tua
450 508 721 588 sacrilegae
750 507 1028 571 laniarunt
1057 510 1295 572 carmina
1324 510 1525 591 linguae
1543 558 1558 583 ‚

309 610 545 674 Pertulit
572 611 681 672 huc
709 611 886 673 victos
917 636 1029 696 quo
1061 612 1199 674 duce
1229 613 1399 694 Troja
1428 614 1596 674 Deos.

230 715 453 775 Summa
480 713 622 797 petit
650 712 792 774 livor
817 738 829 775 ε
855 714 1089 798 perflant
1117 714 1381 776 altissima
1412 716 1561 775 venti
1588 739 1600 775 :

311 815 533 876 Summa
561 830 759 899 petunt
784 817 972 878 dextra
997 816 1230 878 fulmina
1258 817 1425 878 missa
1446 819 1481 877 J
1486 818 1618 878 ovis.

1920 839 2000 895 350

230 917 307 979 At
335 932 425 990 tu,
453 918 786 1003 quicumque
816 943 905 993 es,
939 943 1101 1003 quem
1130 933 1323 980 nostra
1351 917 1572 980 licentia
1602 918 1781 992 laedit;

310 1019 370 1079 Si
399 1020 546 1103 sapis
566 1068 580 1094 ‚
607 1021 676 1082 ad
703 1044 966 1083 numeros
995 1022 1149 1099 exige
1182 1020 1428 1105 quidque
1457 1045 1607 1082 suos,

228 1117 418 1180 Fortia
446 1119 698 1180 Moeonio
734 1119 976 1198 gaudent
1004 1118 1144 1203 pede
1175 1117 1320 1180 bella
1348 1118 1564 1180 referri:

309 1213 537 1275 Deliciis
563 1214 676 1275 illic
706 1215 831 1298 quis
860 1214 1019 1276 locus
1047 1238 1164 1276 esse
1194 1216 1432 1298 potest?

232 1310 452 1372 Grande
481 1325 683 1371 sonant
699 1311 949 1390 Tragici,
970 1311 1238 1390 Tragicos
1260 1311 1456 1372 decet
1440 1335 1521 1372 ira
1543 1312 1881 1374 cothurnos,
1924 1332 1975 1390 35
1984 1333 2011 1374 5

312 1407 525 1468 Usibus
555 1430 583 1467 e
612 1406 808 1467 mediis
843 1431 1038 1469 soccus
1066 1408 1358 1469 habendus
1387 1409 1507 1470 erit.

230 1503 442 1565 Liber
428 1528 486 1565 m
515 1505 771 1565 adversos
798 1505 988 1566 hostes
1020 1506 1325 1585 stringatur
1348 1507 1573 1567 Iambus
1599 1531 1612 1577 3

263 1608 271 1614 ”
313 1603 422 1664 Seu
450 1603 623 1676 celer,
650 1618 955 1665 extremum
987 1628 1082 1664 seu
1112 1604 1292 1665 trahat
1316 1602 1408 1664 ille
1437 1603 1650 1687 pedem.

231 1698 444 1761 Blanda
468 1700 816 1784 pharetratos
840 1697 1065 1778 Elege‘ia
1096 1714 1280 1761 cantet
1307 1701 1540 1760 Amores
1563 1746 1579 1770 ‚

312 1798 389 1858 Et
418 1794 551 1857 levis
577 1796 808 1856 arbitrio
840 1795 994 1856 ludat
1023 1796 1194 1856 amica
1223 1819 1341 1855 suo.

1931 1813 2014 1856 380

236 1891 557 1955 Callimachi
587 1893 832 1955 numeris
858 1917 975 1954 non
1005 1907 1089 1954 est
1122 1891 1388 1954 dicendus
1410 1889 1693 1953 Achilles:

286 2056 379 2102 366.
413 2059 611 2115 Quisquis
629 2073 676 2102 es
700 2066 780 2102 etc.
801 2057 952 2102 Recte.
977 2057 1081 2102 Non

231 2123 352 2169 enim
370 2123 611 2179 constabat,
633 2123 728 2180 quis
749 2132 823 2167 aut
838 2123 957 2181 cujas
977 2124 1085 2168 suis-

229 2197 296 2233 set
310 2187 472 2232 Zo'i'lus.

285 2253 380 2297 368.
399 2254 580 2296 Pertulit
596 2254 678 2295 huc
694 2255 846 2312 pictos
872 2269 952 2308 quo
978 2256 1086 2296 duce

240 2318 371 2374 Troja
380 2317 609 2362 Deos.Tan
615 2317 675 2375 git
685 2317 827 2361 obiter
840 2316 1083 2362 Carbilium

235 2384 457 2428 Pictorem
472 2417 483 2435 ,
507 2381 631 2439 cujus
651 2383 842 2427 exstabat
856 2383 1023 2428 libellus
1037 2384 1084 2427 in

233 2449 426 2494 AEneida
441 2482 453 2505 ,
470 2449 540 2494 cui
562 2449 712 2493 titulus
731 2451 1084 2503 AEneidornaste't,

236 2515 452 2560 Videatur
477 2514 882 2560 Pseudo-Donatus
907 2515 954 2559 in
983 2517 1086 2560 Vita

237 2580 420 2638 Virgilii.

288 2646 383 2705 369.
417 2645 586 2688 Summa
603 2650 716 2701 pem
747 2649 861 2689 livor.
892 2645 1087 2690 Velleius

237 2709 490 2753 paterculus
502 2709 614 2752 libro
627 2710 883 2767 posteriore,
899 2726 990 2768 cap.
1011 2713 1087 2766 40:

234 2775 456 2831 Nunquam
477 2778 702 2817 eminentia
719 2776 880 2818 envidia
903 2780 1058 2817 carent.

289 2839 383 2898 376.
411 2841 611 2884 Versibus
638 2856 662 2882 e
692 2842 854 2882 mediir.
885 2840 1044 2882 Usibus
1061 2857 1086 2882 e

235 2907 403 2954 medies,
431 2903 608 2961 Regius.
636 2906 832 2948 Versibus
847 2920 872 2946 e
887 2907 1077 2956 modice's,

237 2963 501 3012 Puteaneus.
520 2968 696 3025 Reliqui
711 2968 907 3025 plerique
927 2969 1086 3023 majori

236 3050 287 3076 ex
296 3041 416 3090 parte
434 3065 447 3087 ,
471 3035 666 3076 Versibus
677 3037 722 3076 in
732 3036 893 3077 mediis.
912 3034 971 3077 H.
989 3034 1085 3090 Ego

236 3102 380 3143 usibus
392 3114 484 3141 non
498 3098 696 3141 tollerem
708 3111 879 3142 :sensus
893 3108 957 3143 est
965 3100 1085 3142 enim

239 3183 290 3209 ex
300 3165 446 3209 medio
463 3182 545 3208 usu
558 3174 601 3209 et
616 3165 932 3210 consuetudine
948 3165 1086 3209 homi·

238 3247 350 3274 num
374 3231 634 3275 comoediam
654 3248 743 3275 esse
766 3231 1091 3276 assumendam.

293 3298 388 3342 380.
416 3300 478 3340 Et
493 3301 786 3341 levitarbilrio
808 3302 930 3340 ludat
947 3304 1086 3342 amica

239 3380 328 3407 suo.
353 3366 541 3415 Laudat,
570 3365 759 3422 Regius;
780 3373 823 3408 et
845 3370 994 3407 cantat
1009 3381 1086 3408 su-

241 3428 401 3485 periori
419 3446 558 3474 versu.
584 3431 757 3473 Laudat
775 3429 967 3486 quinque
988 3430 1055 3473 alii
1072 3447 1082 3473 ε

1164 2055 1308 2114 plures
1323 2088 1335 2110 ,
1363 2056 1549 2110 plaudat
1569 2069 1582 2096 .·
1615 2068 1728 2096 unus
1744 2085 1755 2107 ,
1778 2055 1932 2097 laudet.
1956 2054 2017 2098 H.

1165 2120 1285 2165 Nihil
1314 2127 1485 2163 mutem
1519 2134 1530 2162 :
1560 2117 1770 2172 licenter,
1806 2127 1854 2161 ut
1885 2119 2015 2174 velit,

1163 2189 1310 2235 ludat,
1337 2184 1517 2228 nemine
1551 2183 1765 2227 obstante.

1221 2250 1315 2292 381.
1350 2251 1446 2292 Non
1477 2254 1545 2290 est
1575 2250 1788 2292 dzeendus.
1822 2251 1920 2293 Non
1953 2257 2022 2293 es!

1165 2317 1435 2365 tractandus,
1453 2313 1691 2358 Vossianus
1713 2314 1875 2367 roden
1899 2315 2017 2372 quod

1168 2399 1261 2426 non
1285 2382 1407 2426 facile
1423 2382 1653 2438 rejecerim
1670 2398 1680 2424 z
1702 2382 1875 2439 proprie
1894 2382 2016 2425 enim

1166 2455 1354 2492 tractant
1369 2452 1550 2505 aliquem
1567 2458 1707 2506 poetae
1725 2481 1737 2503 ,
1760 2465 1898 2506 quum
1924 2451 2019 2507 ejus

1166 2532 1313 2559 mores
1330 2549 1342 2570 ,
1364 2515 1594 2572 ingenium
1616 2524 1658 2559 et
1684 2515 1808 2559 dotes
1826 2517 2020 2561 versibus

1168 2584 1401 2642 diligenter
1433 2582 1696 2627 describunt.
1749 2584 1814 2626 lta
1845 2584 2016 2641 egregie

1166 2655 1348 2692 lraclare
1359 2664 1584 2703 personam
1602 2649 1648 2692 in
1675 2647 1766 2692 Cic.
1788 2665 1869 2705 pro
1884 2648 2019 2692 Arch.

1166 2731 1202 2757 c.
1216 2732 1257 2768 α,
1273 2714 1467 2771 exposuit
1479 2714 1759 2758 Passeratius.
1777 2713 1835 2756 Et
1850 2714 1908 2756 ita
1918 2729 2020 2755 mox

1166 2780 1326 2824 Noster
1341 2812 1353 2833 ‚
1379 2786 1526 2835 partes
1550 2786 1815 2836 peragentem
1847 2778 2017 2822 Tha'i'da

1167 2844 1282 2888 dicit.
1300 2845 1453 2901 Quare
1466 2877 1478 2898 ‚
1496 2860 1577 2901 ego
1592 2846 1841 2886 tractandus
1857 2843 1909 2885 ab
1923 2842 2015 2898 ipso

1168 2911 1333 2955 ovidio
1357 2910 1529 2954 fluxisse
1564 2919 1671 2967 puto
1700 2926 1710 2953 :
1734 2910 1882 2952 omnia
1910 2926 2017 2952 vero

1166 2975 1236 3019 hic
1246 2975 1426 3019 nomina
1438 3007 1449 3028 ‚
1465 2976 1658 3017 Achilles
1670 3008 1680 3025 ‚
1697 2975 1992 3017 Andromache
2002 3007 2014 3025 ‚

1175 3044 1330 3089 Thais,
1354 3038 1563 3096 capienda
1574 3054 1654 3095 pro
1672 3038 1891 3095 personis,
1911 3054 2018 3094 quas

1167 3113 1307 3161 poetae
1321 3103 1601 3160 ipsosjubent
1615 3119 1741 3160 agere
1759 3115 1770 3142 t
1794 3112 1842 3146 ut
1860 3103 1919 3146 ita
1940 3104 2016 3145 Co·

1166 3174 1297 3212 micas
1315 3177 1360 3211 et
1386 3171 1588 3224 Tragicos
1610 3168 1811 3212 homines
1830 3168 1912 3211 dici
1935 3184 2015 3211 os·-

1167 3235 1308 3279 tendit
1329 3235 1499 3292 egregie
1523 3235 1752 3291 Bentlejus
1772 3235 1824 3278 ad
1857 3236 2014 3278 Horat.

1168 3301 1264 3342 Art.
1285 3300 1409 3342 Poet.
1429 3299 1511 3356 963
1533 3298 1605 3342 ubi
1631 3301 1800 3343 Thaida
1815 3304 2015 3343 comicum

1168 3364 1383 3408 moecham
1410 3381 1433 3407 a
1464 3365 1695 3422 Propertio
1714 3367 1773 3410 ita
1794 3365 1878 3410 dici
1897 3373 2012 3408 recte

1168 3430 1306 3474 docet.
1330 3430 1493 3475 Buum.
