2268 3776
272 301 377 356 1570

739 281 803 335 P.
861 282 1166 337 OVIDII
1210 283 1595 341 NASONIS

264 399 331 455 In
361 410 524 479 caput
550 396 730 456 aurito
763 397 961 458 cecidit
990 398 1246 483 delapsus
1277 400 1463 461 asello,

357 493 676 554 Clamarunt
705 495 885 578 Satyri
912 521 925 556 ε
952 520 1114 575 surge
1144 521 1242 575 age
1259 543 1273 570 ‚
1296 487 1498 576 surge,
1533 500 1718 580 pater!

259 592 295 649 J
298 614 383 650 am
412 592 564 651 Deus
591 615 619 651 e
647 617 839 666 0111111,
876 618 1038 677 quem
1069 617 1344 655 summum
1376 611 1585 655 texerat
1613 596 1735 656 uvis
1756 642 1769 667 ‚

347 686 611 763 Tigribus
639 689 912 768 adjunctis
943 714 1104 750 aurea
1119 688 1247 774 'lora
1274 689 1458 750 dabat.

1935 687 1938 691 Ι
1966 712 2047 754 550

264 785 337 841 Et
367 782 545 855 color,
580 799 634 843 et
658 784 933 856 Theseu&
962 800 1017 844 et
1043 809 1150 844 vox
1178 785 1361 846 abiere
1391 785 1588 868 puellae
1615 811 1627 858 3

344 883 561 964 Terque
591 881 777 959 fugam
807 882 999 964 petiit3
1033 897 1224 965 terque
1253 897 1464 943 retenta
1492 898 1660 943 metu.

264 977 529 1049 Horruit,
564 992 629 1036 ut
657 976 896 1049 steriles,
931 978 1104 1056 agitat
1133 1001 1269 1061 quas
1295 994 1493 1039 ventus
1511 1025 1527 1051 ‚
1560 978 1736 1040 aristae
1761 1004 1772 1038 ε

345 1076 425 1132 Ut
452 1073 584 1133 levis
614 1073 673 1133 in
700 1074 918 1135 madida
949 1100 1122 1135 canna
1150 1075 1351 1158 palude
1376 1076 1577 1136 tremit.

267 1170 372 1230 Cui
399 1171 579 1243 Deus,
615 1199 642 1225 «
673 1196 741 1231 311
771 1173 964 1232 adsum
994 1174 1099 1233 tibi
1129 1197 1259 1233 cura
1285 1173 1530 1247 fidelior,
1556 1173 1742 1256 inquit
1767 1198 1778 1233 :

343 1268 497 1327 Pone
523 1283 731 1329 metum
759 1295 770 1329 :
796 1271 1031 1343 Bacchi,
1071 1271 1310 1331 Gnosias
1328 1317 1343 1343 ‚
1372 1295 1514 1330 uxor
1544 1271 1665 1331 eris.

263 1366 472 1424 Munus
502 1365 645 1426 habe
675 1366 865 1427 caelum
890 1393 902 1427 :
930 1368 1058 1428 caelo
1091 1367 1393 1451 spectabile
1426 1368 1579 1428 sidus
1599 1416 1614 1441 ‚

345 1463 498 1544 Saepe
527 1486 682 1542 reges
714 1462 942 1524 dubiam
973 1466 1169 1525 Cressa
1200 1465 1423 1525 Corona
1448 1479 1635 1525 ratem.
1666 1493 1694 1517 »

267 1559 452 1631 Dixit;
486 1574 541 1619 et
569 1584 597 1620 e
629 1584 820 1632 curru,
853 1585 922 1621 ne
955 1562 1123 1639 tigres
1152 1561 1247 1622 illa
1275 1562 1516 1633 timeret,

344 1658 578 1731 Desilit;
612 1659 880 1742 imposito
916 1660 1079 1720 cessit
1108 1685 1269 1722 arena
1297 1659 1458 1743 pedi:

1971 1678 2051 1721 560

267 1754 711 1838 Implicitamque
743 1756 896 1828 sinn,
927 1780 1110 1840 neque
1140 1758 1286 1817 enim
1311 1780 1559 1840 pugnare
1587 1754 1836 1828 valebat;

345 1851 602 1911 Abstulit
627 1877 638 1911 :
665 1867 730 1911 ut
750 1851 907 1912 facile
937 1869 1021 1914 est
1051 1856 1238 1915 omnia
1267 1879 1432 1938 posse
1464 1856 1605 1915 Deo,

196 1998 199 2001 ᾗ
267 1948 782 2037 ParssHymenaee,
814 1966 1053 2012 canunt:
1079 1976 1208 2035 pars
1233 1952 1496 2024 clamant,
1528 1952 1693 2025 Evie‚
1725 1954 1886 2012 evoe!

264 2118 369 2160 leno
394 2133 404 2159 :
433 2116 583 2158 omnia
605 2116 726 2159 enim
747 2116 801 2159 de
828 2117 936 2160 ludo
951 2135 1120 2174 „quem

273 2181 455 2226 Bacchae
468 2181 682 2225 faciebant
696 2181 847 2225 Sileno
863 2216 873 2236 ‚
892 2183 1116 2239 capienda:

266 2247 335 2290 vel
353 2253 492 2302 urget,
516 2255 580 2289 est
608 2247 792 2303 impellit
806 2282 817 2303 ,
848 2257 897 2290 ut
928 2263 1118 2305 progre—

268 2312 413 2354 diatur
440 2311 617 2354 tardum
646 2311 804 2354 animal
824 2345 836 2367 ,
866 2321 911 2356 et
941 2313 1119 2370 effugiat

268 2377 509 2419 mulierum
526 2393 694 2420 manus.
715 2378 852 2420 IDEM.

315 2444 407 2495 548.
418 2443 556 2498 Surge,
573 2445 711 2486 Pater.
725 2444 873 2494 Senex,
890 2442 1120 2487 oxonien-

267 2507 322 2550 sis
335 2516 378 2549 et
394 2507 690 2551 Sam-avianus.
714 2508 928 2564 Sequenti
942 2524 1084 2564 versu,
1097 2526 1120 2552 e

267 2588 389 2614 curru
411 2571 605 2627 quinque
626 2571 736 2614 libri.
752 2572 919 2615 HEINS.

332 2639 422 2682 553.
465 2640 633 2681 Sic-tiles
666 2642 806 2692 agila!
832 2655 938 2694 quas
973 2645 1120 2682 ventus

270 2710 423 2749 artlrloe.
440 2705 650 2762 Intelligit
661 2704 810 2748 aristas
823 2705 912 2748 sole
930 2705 1118 2760 adustas,

270 2789 318 2819 30
335 2771 522 2829 proinde
540 2770 718 2815 steriles.
738 2770 876 2828 Epist.
891 2785 920 2813 v
932 2804 944 2825 ,
972 2789 988 2814 1
1001 2790 1016 2814 1
1028 2790 1044 2814 1
1066 2789 1076 2815 ε

269 2849 311 2879 Et
327 2848 435 2878 minus
447 2849 541 2879 estin
559 2855 603 2886 te,
620 2859 719 2889 quam
730 2858 856 2878 summa
871 2848 995 2889 pondus
1007 2849 1118 2888 arista,

311 2911 393 2949 Qnae
404 2910 486 2941 levis
502 2909 780 2940 assiduis.sotibus
796 2915 869 2942 usta
883 2909 976 2949 riget.

327 2973 419 3025 554.
449 2973 502 3012 Iu
520 2973 706 3014 madida.
734 2970 1049 3014 Ambrosianus
1075 2979 1119 3014 et

272 3036 511 3081 Vossanius
530 3069 541 3090 ,
563 3040 715 3079 media.
741 3038 806 3080 Ita
831 3039 1045 3079 madidum
1075 3047 1119 3080 et

270 3105 447 3145 medium
476 3102 773 3145 confuderunt
807 3102 970 3145 librarii
1004 3101 1117 3159 apud

273 3164 503 3210 Claudian.
523 3171 575 3210 de
595 3170 726 3222 Bapt.
744 3182 804 3221 11,
826 3183 893 3225 91·

327 3234 419 3288 557.
454 3235 563 3275 Coelo
590 3236 818 3288 spectabile
847 3235 978 3276 sidus.
1018 3236 1126 3276 Caeli

270 3299 507 3349 spectabere
518 3297 645 3340 multi
659 3298 804 3354 scripti
814 3306 857 3340 et
870 3297 974 3340 editi
989 3298 1092 3340 olim
1106 3315 1114 3341 :

274 3363 599 3415 coelispeclabile
607 3363 738 3405 etiam
748 3363 983 3407 Bernensis
992 3380 1116 3407 unus.

276 3423 409 3467 Amat
430 3426 589 3469 Noster
608 3426 711 3469 illud
733 3427 919 3472 verbum
941 3433 1118 3482 specla-

1202 2123 1296 2169 bile,
1311 2135 1578 2175 quamquam
1592 2118 1705 2175 apud
1719 2118 1814 2174 ejus
1827 2118 1904 2161 aevi
1918 2119 2054 2175 scrip-

1202 2190 1316 2225 tores
1342 2198 1436 2225 non
1459 2182 1702 2226 admodum
1728 2183 1861 2226 suerit
1882 2183 1927 2224 in
1958 2199 2051 2226 usu.

1202 2247 1338 2303 Epist.
1353 2261 1425 2300 vl,
1441 2248 1509 2305 493
1527 2255 1571 2290 et
1589 2261 1674 2302 ΧΗ,
1688 2263 1762 2290 201
1781 2263 1791 2289 ε
1809 2247 1938 2289 Aries
1952 2251 2053 2290 villo

1199 2315 1443 2367 speclabt’lis
1459 2329 1598 2355 aureo.
1610 2312 1683 2356 Sic
1695 2312 1852 2355 Amor.
1871 2313 1908 2368 Ι,
1926 2313 2053 2370 Eleg.

1199 2390 1289 2420 vlu
1302 2410 1313 2432 ,
1336 2380 1389 2437 59
1411 2394 1421 2421 :
1443 2380 1573 2422 Palla
1591 2381 1836 2433 spectabilis
1855 2395 1995 2421 aurea.

1258 2444 1351 2487 562.
1395 2445 1456 2486 Ut
1472 2444 1616 2499 facile
1647 2450 1722 2487 est.
1757 2446 1808 2486 In
1826 2443 1969 2498 sacili
1989 2450 2056 2487 es!

1202 2505 1366 2564 Regius
1381 2517 1428 2551 et
1441 2524 1554 2552 unus
1570 2508 1817 2552 Patavinus.
1829 2507 2052 2552 0110111311-

1200 2572 1255 2614 sis
1274 2581 1319 2615 et
1339 2572 1577 2616 Vaticanus
1599 2589 1714 2616 unus
1731 2606 1742 2627 ,
1759 2589 1812 2615 en
1817 2573 1958 2628 facile
1974 2577 2052 2615 est.

1201 2636 1289 2691 Sic,
1305 2637 1508 2693 exfact'li.
1519 2637 1706 2682 Remed.
1720 2639 1872 2681 Amor.
1889 2640 1967 2680 522
1980 2653 2051 2679 :ex

1187 2703 1329 2758 facili
1333 2707 1493 2758 gaudia
1494 2705 1614 2760 ferre
1626 2708 1748 2758 licel5
1762 2714 1806 2748 et
1816 2721 1946 2761 supra
1954 2705 2048 2747 356.

1265 2769 1357 2811 563.
1391 2773 1501 2813 Pars
1530 2772 1753 2828 Hymenoee
1787 2777 1945 2813 canunt
1970 2780 2048 2814 etc.

1201 2834 1318 2876 IWire
1339 2835 1508 2877 variant
1529 2834 1600 2878 hie
1623 2845 1791 2880 veteres
1815 2837 1924 2879 libri.
1949 2837 2049 2879 Re-

1201 2899 1292 2956 gius
1305 2932 1316 2953 ,
1335 2915 1436 2942 curn
1450 2901 1658 2957 excerptis
1675 2900 1880 2959 Scaligeri
1896 2910 1940 2944 et
1954 2902 2048 2944 Pu-

1200 2965 1338 3020 teani,
1361 2965 1537 3022 aliisque
1559 2966 1803 3021 nonnullis,
1828 2975 1955 3023 atque
1977 2982 2049 3010 eos

1199 3029 1318 3073 inter
1333 3063 1344 3084 ,
1366 3031 1671 3074 Arundeliano
1686 3047 1696 3074 z

1198 3103 1277 3132 Pars
1286 3103 1466 3144 Hymenaee
1473 3110 1607 3142 canunt,
1615 3114 1689 3145 pars
1695 3103 1835 3134 clamant
1843 3103 1949 3135 Evion
1957 3114 2049 3134 evoe.-

1201 3164 1292 3208 Nec
1328 3164 1493 3207 abludit
1526 3164 1788 3209 Oxoniensis
1806 3198 1817 3220 ‚
1848 3165 1895 3207 in
1930 3180 2017 3221 quo
2035 3197 2046 3218 ‚

1198 3231 1307 3272 Epio
1320 3246 1416 3272 evoe
1425 3247 1436 3273 .·
1445 3231 1559 3273 forte
1572 3246 1655 3287 pro
1670 3263 1681 3285 ,
1695 3232 1803 3273 Evie
1817 3247 1926 3273 evoe.
1944 3231 2047 3273 Pos-

1199 3303 1264 3337 set
1285 3304 1329 3337 et
1348 3295 1430 3351 legi
1448 3329 1459 3350 ,
1482 3298 1605 3339 Euan
1622 3313 1718 3338 evoe
1735 3312 1747 3338 :
1767 3305 1817 3338 ut
1835 3310 1982 3338 versus
1994 3294 2047 3336 sit

1199 3361 1468 3417 sponda'l'cus.
1489 3362 1635 3405 Jureti
1654 3362 1763 3405 liber
1780 3379 1790 3405 :

1198 3434 1276 3464 Pars
1287 3435 1466 3476 Hymenoea
1479 3443 1586 3474 vocat,
1603 3446 1676 3477 pars
1691 3435 1789 3466 altera
1802 3434 1917 3465 clamat
1929 3431 2039 3464 evnhe.
