2268 3776
247 324 308 376 18
675 324 742 378 Ρ.
806 323 1105 382 OVIDII
1152 326 1532 386 NASONIS

846 570 1247 643 ELEGIA
1302 573 1384 646 V.

997 710 1236 725 -ἡ-

770 835 1001 868 LAETATUR
1016 857 1028 880 ,
1052 836 1205 870 AMICA
1224 840 1435 872 POTITUS.

228 913 333 1000 AE
350 952 512 1000 STUS
539 952 678 1013 erat,
710 939 1054 1026 mediamque
1085 944 1201 1005 dies
1231 960 1482 1025 exegerat
1507 945 1702 1011 horam
1725 973 1740 1010 x

302 1037 559 1121 Adposui
587 1037 770 1099 medio
800 1041 1047 1102 membra
1073 1040 1301 1104 levanda
1331 1059 1474 1105 toro.

222 1135 356 1195 Pars
386 1134 640 1217 adaperta
664 1134 772 1195 fuit
789 1183 803 1209 ‚
832 1140 960 1220 pars
987 1136 1156 1200 altera
1184 1140 1367 1203 clausa
1387 1143 1675 1219 fenestrae3

303 1229 478 1310 Quale
507 1230 618 1291 fere
649 1230 796 1292 silvae
825 1231 1010 1294 lumen
1039 1234 1242 1299 habere
1269 1237 1478 1311 solent;

221 1328 422 1410 Qualia
450 1328 744 1389 sublucent
772 1329 1017 1408 fugiente
1046 1334 1366 1417 crepuscula
1394 1334 1646 1396 Phoebo·
1632 1383 1648 1410 ‚
1973 1350 2001 1395 5

297 1426 414 1486 Aut
441 1425 541 1485 ubi
570 1448 679 1485 nox
711 1426 876 1499 abiit,
909 1450 1010 1488 nec
1041 1443 1223 1491 tamen
1252 1446 1376 1492 orta
1406 1427 1538 1493 dies.

217 1521 320 1583 Illa
347 1521 667 1584 verecundis
697 1520 794 1583 lux
823 1538 909 1584 est
936 1526 1234 1607 praebenda
1262 1527 1488 1611 puellis,

274 1686 308 1711 1.
328 1669 478 1711 AEstus
495 1672 598 1711 erat.
620 1670 796 1722 Festus‚·
814 1667 873 1712 sic
886 1667 1068 1725 quidem

211 1732 260 1776 in
289 1733 602 1790 exemplaribus
633 1732 860 1789 hucusque
900 1731 1064 1777 lectum

214 1805 299 1840 est:
312 1797 387 1840 sed
403 1814 495 1840 non
510 1797 594 1840 nisi
609 1798 783 1854 ineptus
802 1814 952 1841 sensus
968 1798 1064 1842 elici

212 1870 366 1919 potest.
383 1862 642 1920 Legendum
661 1862 819 1919 igitur,
843 1863 951 1906 utin
971 1878 1063 1906 cor-

210 1928 387 1971 rectiori
408 1927 554 1971 codice
572 1926 760 1971 vidimus
773 1961 785 1978 ‚
809 1929 986 1980 AEstus;
1012 1935 1063 1971 ut

212 2001 256 2035 et
273 1992 427 2036 aestatis
442 2001 614 2048 tempus
628 2025 640 2046 ‚
663 2007 751 2048 quo
767 2000 946 2048 propter
960 1999 1064 2036 noc·

213 2066 277 2101 tes
303 2057 523 2100 breviores
542 2057 684 2100 solent
704 2056 906 2100 homines
926 2057 1064 2099 meri-

215 2121 324 2164 diari
335 2155 346 2176 ‚
361 2121 613 2165 ostenderet
625 2139 634 2174 3
649 2121 864 2164 etmirum
875 2136 968 2164 non
982 2122 1037 2165 sit
1047 2154 1061 2176 ,

212 2185 330 2242 quod
345 2185 542 2229 Corinna
555 2186 600 2228 in
615 2184 776 2239 tunica,
787 2185 856 2228 vel
869 2185 1064 2229 tenuissi-

213 2267 286 2294 ma
299 2285 312 2306 ‚
333 2251 601 2308 processerit.
619 2250 750 2293 MAR.
765 2273 821 2282 —
834 2251 1064 2304 Exegerat.

212 2316 394 2373 Legitur
411 2324 454 2358 et
472 2319 742 2367 excesseram
763 2323 893 2358 recte.
906 2311 1062 2358 NAUG.

214 2381 342 2424 Idem
362 2381 530 2423 Marius
546 2380 710 2437 reperit
730 2380 777 2423 in
794 2395 874 2423 suo
888 2379 1061 2432 codice;

211 2445 287 2490 sed
300 2450 501 2500 exegerat
508 2445 864 2488 rectum.Auctor
875 2443 1062 2487 Moreti:

211 2517 287 2548 Jam
297 2517 516 2548 noxbibernas
527 2516 577 2547 his
584 2516 640 2558 qui

214 2601 269 2610 —
281 2579 452 2621 Horam.
470 2577 574 2619 Duo
593 2591 766 2633 quoque
782 2574 949 2618 Moreti
966 2574 1065 2618 libri

217 2648 426 2699 umbram;
441 2659 536 2700 quae
548 2642 759 2699 scriptura
777 2640 948 2697 probari
963 2655 1066 2696 pos-

218 2718 303 2762 set,
323 2726 373 2752 ex
384 2708 594 2753 similibus
612 2715 844 2764 poetarum
862 2705 964 2748 locis
985 2719 996 2747 ε
1015 2711 1066 2746 ut

219 2773 376 2815 Manil.
392 2774 503 2817 libro
520 2786 557 2815 11
573 2805 586 2828 ‚
609 2772 688 2831 796
708 2784 719 2811 :

216 2842 430 2883 Declinatque
439 2841 538 2880 diem,
547 2841 735 2882 mediasque
745 2839 907 2871 examinat
917 2837 1063 2870 umbras.

221 2901 281 2944 Et
295 2902 575 2946 Nosterlibro
596 2915 669 2957 111,
686 2901 784 2944 Art.
799 2900 945 2943 Amat.
964 2898 1068 2956 723:

219 2974 259 3005 Ja
242 2985 358 3015 auemq
341 2973 416 3004 eied
418 2984 494 3004 sme
477 2973 529 3004 eid
519 2984 570 3004 isu
556 2980 612 3004 set
595 2984 676 3004 enue

222 3034 313 3078 Sed
335 3034 507 3090 vulgata
526 3043 644 3077 recte
668 3050 712 3077 se
740 3032 904 3076 habet:
928 3033 1067 3074 media

219 3103 323 3142 hora
343 3134 352 3149 ‚
388 3109 452 3142 est
471 3099 669 3142 medium
689 3107 860 3155 tempus
882 3095 996 3139 diei:
1017 3103 1067 3137 ut

219 3166 268 3208 in
298 3165 385 3207 fine
419 3165 539 3220 Eleg.
568 3167 825 3208 Proveniant
850 3164 982 3205 medii
1002 3165 1068 3203 sic

222 3233 441 3284 mibisoepe
458 3232 562 3271 dites.
578 3229 744 3272 Hnms.
770 3229 919 3272 Recte.
938 3227 1011 3271 Sic
1024 3234 1070 3269 et

222 3294 332 3337 libro
350 3308 396 3334 1v
409 3327 420 3348 ,
444 3295 627 3336 Metam.
654 3311 730 3352 ¹99
748 3310 759 3336 z

226 3363 460 3404 Spectandique
478 3373 566 3392 mora
576 3363 736 3392 brumales
751 3363 887 3404 porrigit
900 3364 1008 3394 horas.

226 3423 318 3468 Ubi
337 3424 468 3467 etiam
487 3423 622 3468 MSS.
642 3414 820 3468 umbras.
841 3423 1004 3467 BURM.

644 2526 730 2557 nque
739 2523 901 2557 exegerat
906 2514 1013 2546 horas.
1019 2515 1060 2546 Β.

704 2980 798 3003 eorm
799 2982 874 3004 aerx
858 2971 1064 3003 tartumbas.

1203 1687 1241 1713 2.
1278 1670 1426 1714 mdia
1452 1674 1555 1715 tom.
1598 1666 1843 1714 Offendere
1877 1675 1995 1712 certe

1146 1731 1348 1778 delicatas
1369 1751 1493 1779 aures
1515 1733 1645 1779 debet
1666 1733 1759 1778 haec
1787 1748 1870 1777 vox
1884 1766 1896 1789 ,
1931 1734 1998 1777 bis

1145 1796 1304 1840 eodem
1325 1797 1509 1842 disticho
1528 1798 1725 1854 repetita.
1748 1797 1802 1840 In
1827 1797 1998 1840 duobus

1146 1862 1369 1906 Vaticanis
1383 1872 1478 1906 erat
1491 1895 1503 1918 ,
1526 1865 1718 1918 Imposui
1727 1868 1867 1906 tenero
1880 1866 1968 1905 toro
1984 1873 1997 1899 ι·

1146 1927 1265 1985 quod
1285 1944 1376 1972 non
1399 1929 1538 1986 placet
1559 1942 1570 1969 z
1598 1930 1734 1972 medii
1746 1936 1895 1971 tamen
1918 1930 2005 1970 lori

1143 1993 1496 2050 frequentissime
1518 1993 1688 2037 mentio
1706 2026 1719 2048 ,
1747 1993 1822 2036 ubi
1842 1991 1896 2034 de
1917 2007 1998 2035 se—

1144 2058 1402 2102 cubantibus
1421 2057 1584 2115 agitur:
1604 2057 1681 2102 sed
1697 2058 1798 2115 quia
1810 2056 1903 2100 haec
1915 2071 1999 2098 vox

1143 2138 1255 2180 saepe
1271 2138 1374 2166 cum
1389 2125 1516 2166 viduo
1530 2157 1542 2175 ,
1564 2122 1634 2166 vel
1653 2139 1789 2166 vacuo
1801 2138 2000 2166 commu-

1145 2196 1287 2242 tatur,
1309 2195 1360 2231 ut
1376 2203 1497 2244 supr.
1521 2186 1575 2231 ad
1597 2187 1733 2244 Epist.
1754 2200 1834 2229 x1x
1851 2219 1864 2241 ,
1892 2186 1970 2229 158
1985 2218 1997 2239 ,

1142 2252 1332 2297 vidimus
1346 2285 1358 2308 ,
1381 2253 1589 2296 alterutra
1601 2251 1672 2295 hic
1685 2251 1821 2309 recipi
1834 2258 1996 2308 posset:

1143 2316 1253 2360 nihil
1267 2326 1418 2362 tamen
1435 2325 1589 2361 contra
1601 2316 1770 2361 codices
1784 2315 1997 2359 audemus

1144 2397 1324 2426 movere
1339 2415 1351 2438 ,
1374 2382 1458 2427 nisi
1478 2381 1598 2439 quod
1617 2385 1826 2437 imposui,
1858 2379 1997 2436 magis

1143 2446 1284 2504 placet
1295 2481 1308 2504 ,
1325 2464 1459 2504 quam
1470 2450 1661 2504 adposui.
1673 2447 1837 2490 Bunm.
1852 2466 1908 2478 —-
1921 2446 1999 2488 Le-

1144 2514 1296 2555 vanda.
1318 2511 1578 2556 Recreanda
1597 2520 1642 2555 et
1661 2509 1912 2554 reficienda.
1944 2507 1998 2551 C.

1146 2577 1200 2620 In
1222 2593 1314 2620 uno
1335 2577 1502 2620 Mox-eti
1517 2607 1531 2630 ,
1559 2577 1755 2618 novanda
1775 2589 1787 2615 :
1812 2572 1911 2615 vide
1940 2570 1996 2613 ad

1145 2642 1282 2698 Epist.
1301 2655 1374 2695 ιν,
1399 2652 1511 2683 vers.
1527 2653 1595 2698 9⁰·
1611 2638 1841 2691 lavanda,
1866 2634 1996 2694 Gry-

1143 2706 1234 2763 phii
1256 2705 1416 2756 editio;
1436 2703 1603 2746 vitiose.

1199 2773 1237 2826 4.
1265 2773 1400 2824 Quale
1399 2769 1498 2825 sem
1516 2771 1631 2811 siloe
1644 2774 1725 2810 etc.
1753 2767 1909 2820 Qualia
1919 2780 1996 2809 su-

1143 2838 1315 2878 blucent
1332 2843 1411 2878 etc.
1445 2834 1539 2877 Aut
1555 2835 1633 2875 abi
1645 2847 1730 2874 nox
1748 2833 1882 2880 abiit,
1917 2845 1994 2873 nec

1145 2906 1287 2943 tamen
1305 2905 1399 2943 orta
1415 2901 1520 2942 dies.
1542 2897 1652 2940 Haec
1671 2903 1735 2939 est
1749 2927 1761 2950 ‚
1795 2909 1927 2951 quam
1946 2894 1994 2937 in

1147 2966 1310 3011 ovidio
1330 2982 1420 3009 esse
1453 2965 1513 3008 ait
1545 2961 1845 3019 Quintilianus
1859 2994 1869 3011 ‚
1892 2964 1993 3004 las-

1144 3035 1266 3074 civia.
1287 3030 1401 3074 Satis
1421 3037 1514 3072 erat
1533 3027 1676 3070 dicere
1693 3059 1705 3081 ‚
1741 3028 1900 3080 Qualia
1919 3041 1993 3067 su-

1144 3099 1316 3139 blucent
1333 3104 1412 3138 etc.
1431 3127 1443 3148 ,
1463 3093 1532 3136 vel
1553 3108 1693 3135 unum
1713 3108 1764 3134 ex
1783 3091 1833 3135 iis
1852 3105 1995 3133 exem-

1146 3161 1224 3217 plis
1257 3175 1436 3216 ponere.
1472 3156 1603 3200 Clor.
1642 3157 1696 3199 In
1730 3154 1991 3198 Sarraviano

1147 3233 1240 3268 erat
1250 3257 1262 3278 ,
1279 3239 1358 3280 pro
1373 3222 1538 3264 diversa
1550 3221 1759 3264 lectione:
1777 3217 1991 3272 (lualcfe-

1147 3307 1200 3333 ree
1218 3292 1339 3333 silvis
1349 3291 1485 3330 lumen
1496 3288 1648 3328 habere
1658 3286 1806 3328 solent.
1822 3283 1989 3338 Inepte.

1201 3355 1239 3397 5.
1255 3354 1351 3397 Aut
1360 3355 1436 3395 ubi
1442 3367 1528 3395 nox
1537 3353 1647 3394 abiit
1660 3357 1740 3393 etc.
1755 3346 1991 3391 Affirmare

1148 3419 1216 3462 vix
1231 3417 1428 3462 dubitem
1443 3415 1598 3460 melius
1612 3427 1879 3471 quemquam
1889 3443 1902 3465 ,
1924 3411 1990 3453 vel
