2268 3776
667 299 1054 356 AMoRuM
1103 300 1150 355 1.
1207 301 1453 357 ELEG.
1509 302 1598 355 11.
1986 323 2016 376 7

340 414 645 477 Cedamus:
677 414 791 477 leve
814 416 908 488 fit,
942 416 1095 500 quod
1122 417 1263 478 bene
1286 416 1486 489 fertur,
1520 439 1678 477 onus.
1972 447 2019 477 ω

189 511 191 513 ’
259 510 389 571 Vidi
415 534 517 589 ego
544 511 767 592 jactatas
794 527 943 574 mota
971 513 1084 575 sace
1116 538 1351 575 crescere
1380 513 1654 575 flammas:

337 606 413 668 Et
439 606 577 680 vidi,
608 607 764 669 nullo
794 610 1167 683 concutiente,
1194 611 1351 672 mori.

257 701 499 763 Verbera
526 702 687 787 plura
715 705 928 779 serunt,
964 731 1129 790 quam
1159 730 1300 792 quos
1326 706 1479 788 juvat
1506 728 1641 766 usus
1672 704 1833 766 aratri
1851 750 1867 777 ‚

296 795 304 804 ’
334 796 657 861 Detrectant
683 803 858 884 pressi
883 802 1013 864 dum
1041 804 1172 885 juga
1196 803 1373 887 prima
1399 802 1586 863 boves,

253 892 435 977 Asper
462 918 638 978 equus
669 897 821 958 duris
850 899 1211 960 contunditur
1238 923 1333 959 ora
1360 898 1601 982 lupatis;
1974 913 2022 954 15

333 990 509 1054 Frena
534 993 717 1054 minus
747 996 939 1068 sentit,
974 996 1228 1085 quisquis
1255 996 1325 1057 ad
1355 1020 1502 1056 arma
1530 994 1675 1055 facit.

252 1087 451 1149 Acrius
481 1090 710 1163 invitm„
738 1090 1026 1174 multoque
1054 1093 1293 1153 ferocius
1321 1106 1552 1170 urguet,

333 1182 516 1262 Quam
547 1184 644 1265 qui
673 1184 955 1244 servitium
983 1184 1123 1245 serre
1149 1186 1422 1260 fatentur,
1451 1188 1642 1247 Amor.

251 1278 340 1339 En
369 1302 472 1358 ego
501 1278 801 1352 confiteor;
826 1294 919 1340 tua
949 1304 1071 1342 sum
1099 1306 1240 1342 nova
1268 1284 1478 1366 praeda‚
1511 1282 1770 1365 Cupido!

332 1376 678 1456 Porrigimus
707 1376 877 1438 victas
906 1376 976 1438 ad
1006 1391 1099 1438 tua
1126 1379 1248 1459 jura
1276 1404 1510 1439 manus:
1973 1409 2026 1436 αι»

250 1469 345 1533 Nil
373 1494 514 1555 opus
545 1487 628 1533 est
651 1471 830 1544 bello;
854 1496 1044 1555 pacem
1071 1474 1391 1556 veniamque
1418 1498 1675 1552 rogamus
1700 1498 1714 1533 :

333 1569 448 1630 Nec
482 1569 587 1629 tibi
616 1568 758 1642 laus,
788 1568 952 1629 armis
982 1569 1157 1630 victus
1187 1570 1434 1643 inermiS‚
1468 1594 1579 1632 ero.

253 1666 424 1729 Necte
452 1690 664 1728 comam
691 1681 900 1750 myrt03
926 1681 1193 1728 maternas
1218 1667 1388 1748 junge
1412 1666 1730 1739 columbas;

255 1814 345 1872 ipae
361 1815 569 1860 deliberat
581 1848 594 1872 ‚
614 1824 764 1860 utrum
776 1823 949 1872 praestet
961 1815 1100 1859 amori

253 1883 401 1924 cedere
414 1914 424 1931 ‚
448 1897 504 1924 an
525 1883 726 1925 luctando
744 1882 879 1939 magis
899 1898 947 1925 ac
966 1882 1100 1938 magia

254 1945 515 1998 accendere;
534 1946 718 2002 necilli,
739 1962 818 1990 cur
835 1948 985 1999 cedat,
1003 1962 1101 1990 cau-

253 2025 310 2055 ³ae
329 2025 432 2054 mox
451 2010 651 2056 deerunt.

311 2091 373 2119 11.
410 2076 515 2120 Vidi
535 2092 612 2132 ego
634 2075 836 2131 jactatas
861 2080 977 2119 mota
990 2075 1100 2132 fiace

253 2155 436 2184 crescere
452 2142 667 2197 flammas.
694 2142 818 2184 Motu
835 2143 1094 2196 flavescere,

252 2219 368 2249 unus
386 2205 608 2250 Palatinus
627 2213 671 2249 et
691 2206 927 2250 Vaticanus
941 2239 953 2261 ,
980 2205 1098 2263 quod

255 2269 493 2314 Gebhardo
501 2271 548 2314 in
561 2268 826 2328 Crepundiis
836 2271 988 2314 arrisit.
999 2270 1099 2314 Gla-

253 2334 446 2380 serianus
463 2368 476 2391 ,
507 2341 621 2379 motu
639 2351 916 2379 concrescere.
937 2336 974 2380 F
975 2345 1100 2379 rute-

253 2400 346 2445 rius
361 2433 373 2456 ,
395 2401 466 2445 lib.
486 2414 505 2443 1
521 2433 534 2456 ,
552 2403 696 2446 Veris.
713 2419 804 2460 cap.
823 2420 846 2445 ιι
862 2435 874 2457 ,
892 2419 943 2445 ex
964 2402 1097 2446 Prisc.

254 2470 369 2508 motu
402 2467 694 2522 flammescere
733 2480 745 2506 :
786 2466 1011 2523 quomodo
1053 2474 1099 2510 et

256 2545 371 2573 unus
394 2530 558 2573 Moreti
576 2562 589 2584 ,
613 2546 716 2572 cum
738 2530 945 2585 excerptis
964 2529 1101 2572 Dou-

256 2609 330 2638 zae·
361 2593 574 2639 Nonnulli
598 2626 610 2648 ,
651 2600 766 2655 mota
784 2594 893 2650 sace
925 2609 1101 2649 surgere.

257 2659 320 2704 At
352 2658 533 2717 vulgata
557 2659 768 2716 scriptura
796 2658 909 2701 bene
941 2674 986 2701 se
1012 2658 1100 2701 ha-

256 2725 344 2769 bet.
365 2723 532 2768 Hents.

315 2807 379 2834 υ.
406 2793 472 2834 Et
497 2791 593 2834 vidi
602 2823 614 2842 ‚
658 2793 774 2834 nullo
802 2794 1067 2834 concutiente
1086 2824 1098 2842 ‚

258 2860 375 2900 mon‘.
398 2855 488 2899 Pro
507 2859 752 2913 exstingui-⁴
779 2857 1015 2914 opponitur
1034 2860 1104 2899 vi-

258 2937 376 2972 vete,
404 2936 486 2978 pro
501 2923 640 2965 lucem
653 2955 664 2973 ,
694 2924 851 2965 aedem.
880 2921 954 2965 Sic
980 2921 1102 2964 Pro-

259 2994 370 3042 pert.
387 2998 446 3029 111
459 3018 472 3041 ,
492 2994 542 3029 ut
559 3003 704 3043 supra,
726 2987 781 3030 ad
796 3004 838 3031 v.
855 2988 896 3040 8,
921 2980 1056 3044 Elegs
1068 3004 1103 3031 1.

319 3049 382 3093 13.
422 3052 536 3105 Quos
551 3051 683 3107 juvat
707 3068 819 3096 usus.
861 3053 1104 3108 Nunquam

258 3122 368 3171 puto
375 3114 548 3170 jupam,
563 3115 616 3158 id
633 3123 697 3160 est
713 3115 925 3160 delectare
941 3149 954 3172 ‚
974 3132 1105 3160 usum

258 3179 326 3222 rei
346 3178 484 3236 gravis
497 3187 541 3223 et
557 3179 760 3224 molestae.
779 3180 912 3225 Forte
929 3214 941 3236 ‚
963 3184 1078 3225 levat
1091 3195 1105 3222 .·

260 3244 483 3300 nisijuoat
502 3245 639 3302 capias
665 3261 746 3302 pro
764 3246 879 3290 levat
900 3280 913 3303 ,
943 3247 990 3291 id
1009 3256 1073 3292 est
1090 3280 1102 3303 ,

260 3309 363 3353 facit
377 3309 511 3354 levius
530 3318 736 3354 aratrum-
753 3311 918 3356 Bumu.

321 3390 337 3416 1
346 3375 383 3428 4.
397 3375 510 3416 Dum
510 3374 622 3429 juga
622 3379 771 3431 pn‘ma.
782 3376 894 3418 Dum
901 3392 982 3419 sua
994 3378 1107 3420 colla

267 3437 415 3483 tertius
428 3439 612 3487 Palatin.
631 3442 745 3483 Dum
751 3441 864 3496 juga
881 3457 1004 3484 curva
1018 3450 1106 3485 tres

1183 1816 1252 1860 alii
1273 1816 1382 1860 libri.
1398 1818 1528 1860 Fessi
1541 1815 1673 1859 etiam
1688 1815 1870 1860 Palatin.
1889 1831 2003 1860 unus
2015 1850 2028 1871 ,

1181 1897 1284 1927 cum
1305 1882 1474 1925 duobus
1494 1882 1596 1925 aliis.

1239 1948 1301 1991 ιδ.
1335 1951 1532 2004 θωὶςᾳιιὺ
1548 1949 1613 1990 ad
1630 1964 1747 1990 ama
1756 1947 1886 2003 facil.
1921 1946 2028 2003 Quo

1181 2013 1276 2070 quis
1289 2029 1445 2070 pugne
1460 2012 1617 2056 melior
1632 2029 1769 2069 equus
1780 2045 1792 2066 ,
1815 2028 1868 2055 eo
1883 2012 2028 2054 minus

1168 2079 1303 2135 frena
1321 2084 1479 2133 sentit,
1502 2078 1603 2135 quia
1622 2093 1713 2121 non
1736 2086 1927 2129 recusam
1947 2093 2028 2120 nec

1180 2143 1298 2187 unde
1320 2144 1530 2187 excitetur
1543 2176 1555 2197 ,
1585 2142 1721 2186 virtus
1740 2140 1918 2198 indiget.

1240 2226 1300 2267 ¹7·
1323 2211 1478 2252 Acn'us
1495 2211 1650 2250 invitos
1661 2240 1673 2253 ‚
1693 2208 1899 2261 multoque
1904 2205 2029 2261 fim-

1179 2278 1271 2317 cius
1297 2278 1455 2329 urguet.
1487 2273 1587 2315 Urit
1610 2271 1790 2315 malim:
1820 2279 1869 2314 ut
1894 2271 2029 2328 Epist.

1178 2352 1229 2381 lx
1245 2371 1257 2393 ,
1282 2340 1331 2381 15
1350 2351 1362 2379 ε

1382 2406 1443 2438 Vel
1463 2408 1491 2438 ni
1506 2407 1616 2438 minu·
1631 2405 1749 2437 aeriter
1761 2416 1853 2436 mr.
1874 2406 2007 2437 nnn.

1180 2466 1240 2512 Et
1259 2473 1366 2519 urit,
1401 2476 1446 2511 et
1469 2472 1619 2522 urguet
1643 2480 1794 2516 amor-3
1824 2464 1898 2508 sed
1931 2466 2030 2522 quia

1180 2531 1251 2575 hic
1273 2531 1489 2588 praecessit
1514 2530 1784 2587 comparatio
1809 2546 1832 2572 a
1846 2530 1965 2586 jugis
1986 2539 2030 2574 et

1169 2597 1313 2653 stem&
1328 2595 1527 2640 desumta
1541 2629 1553 2651 ,
1575 2596 1691 2639 malo
1710 2601 1867 2651 urguet.
1885 2596 2029 2639 Tibul.

1182 2675 1221 2704 11
1235 2694 1248 2716 ,
1270 2661 1391 2719 Eleg.
1410 2675 1428 2703 1
1442 2694 1455 2716 ‚
1481 2678 1560 2721 79,
1582 2661 1637 2704 de
1659 2661 1826 2704 Amore
1846 2673 1857 2700 :

1181 2729 1236 2762 Ah
1250 2730 1360 2761 miseri
1373 2754 1384 2769 ,
1397 2741 1481 2772 quos
1494 2729 1548 2761 hie
1569 2730 1709 2770 graviter
1722 2731 1811 2760 Deus
1826 2737 1956 2772 urguet.
1970 2730 2011 2761 B.

1236 2806 1305 2833 20.
1332 2792 1586 2848 Porrigimus
1603 2795 1744 2834 victas
1762 2793 1827 2834 ad
1840 2795 1915 2834 tua
1926 2791 2033 2846 jura

1183 2873 1345 2900 manus.
1369 2858 1451 2901 Ad
1466 2857 1679 2913 tuajum,
1713 2855 1860 2912 scripti
1891 2855 2031 2911 pleri-

1182 2938 1269 2979 que
1286 2933 1300 2962 ε
1319 2930 1509 2978 quatuor
1520 2954 1533 2975 ,
1553 2923 1617 2963 ad
1628 2925 1703 2962 lua
1710 2921 1842 2974 jussa
1858 2935 1871 2962 .·
1886 2920 2033 2963 minus

1181 2987 1312 3031 bene.
1330 2987 1531 3043 Propert.
1555 2998 1575 3027 1
1589 3016 1603 3039 ,
1627 2984 1748 3042 Eleg.
1767 2997 1816 3028 tx
1830 3017 1843 3039 ,
1863 2985 1890 3027 3
1909 2997 1922 3025 z

1183 3055 1266 3088 Ecce
1279 3057 1365 3097 jaces
1374 3079 1384 3094 ,
1403 3055 1605 3096 supplexque
1618 3055 1711 3085 vehis
1725 3055 1776 3085 ad
1788 3056 1869 3094 jum
1884 3054 2012 3095 puelle.

1238 3133 1304 3158 αι.
1333 3117 1415 3160 Nil
1428 3130 1532 3170 opus
1557 3120 1628 3157 est
1654 3116 1767 3158 bello
1791 3121 1872 3157 etc.
1908 3114 2029 3170 Quid

1183 3181 1306 3226 enim
1315 3181 1362 3223 in
1371 3179 1511 3235 illum,
1525 3195 1598 3237 qm
1600 3182 1788 3235 predam
1798 3196 1843 3222 se
1855 3177 2033 3235 Cupidi-

1183 3247 1252 3291 nis
1268 3245 1485 3302 confissus
1497 3253 1586 3299 est,
1605 3252 1650 3287 et
1669 3248 1838 3287 vinctas
1855 3242 1910 3286 ad
1923 3243 2034 3285 illius

1172 3312 1280 3367 jura
1309 3325 1459 3353 manus
1488 3309 1679 3366 porrexit
1695 3307 1717 3351 ἓ
1760 3307 1834 3352 Nil
1868 3314 1999 3350 restat
2019 3341 2030 3357 ,

1185 3375 1267 3419 nisi
1289 3382 1337 3416 ut
1357 3373 1410 3416 de
1430 3374 1545 3417 victo
1563 3372 1810 3429 triumphus
1831 3379 1993 3429 agatur.

1241 3440 1306 3483 23.
1320 3441 1453 3484 Necte
1462 3455 1623 3483 comam
1632 3443 1765 3496 mylw
1775 3445 1853 3482 etc.
1865 3438 2030 3492 Pompa
