2268 3776
691 294 1105 353 REMEDIA
1162 293 1537 353 AMORIS.

1888 298 1999 374 409

312 406 502 486 Quum
529 427 758 487 cuperes
781 403 984 486 patria,
1014 402 1239 478 Colchi,
1265 430 1481 467 manere
1513 406 1720 467 domo?

236 515 407 595 QUID
438 514 542 575 tibi
569 514 925 598 profuerunt,
957 514 1145 587 Circe,
1177 514 1462 576 Perseides
1488 517 1700 589 herbae,

317 611 506 690 Quum
534 633 632 670 sua
659 610 896 671 Neritias
926 610 1159 672 abstulit
1186 632 1317 671 aura
1344 626 1487 672 rates
1511 613 1535 672 ?

239 706 441 768 Omnia
462 706 638 767 fecisti
652 740 671 780 ‚·
690 731 759 768 ne
790 706 1021 768 callidus
1048 707 1253 791 hospes
1279 707 1492 769 abiret:
1924 730 2004 772 265.

317 801 415 863 Ille
444 802 593 864 dedit
620 819 776 866 certae
806 804 973 866 lintea
998 804 1160 888 plena
1185 803 1345 884 fugae.

236 898 443 960 Omnia
467 898 670 973 fecisti,
695 924 763 961 ne
793 915 845 962 te
873 900 1022 962 ferus
1050 915 1233 962 ureret
1263 900 1409 980 ignis
1436 925 1449 959 ε

316 997 547 1076 Longus
575 1013 630 1058 at
658 997 832 1058 invito
864 1012 1086 1081 pectore
1118 997 1262 1059 sedit
1283 1021 1453 1058 amor.

239 1094 463 1155 Vertere
493 1119 614 1178 quae
638 1110 859 1178 poteras
886 1094 1140 1156 homines
1165 1094 1225 1154 in
1251 1092 1400 1155 mille
1427 1091 1631 1173 figuras
1653 1141 1667 1163 ‚

318 1192 450 1252 Non
477 1206 701 1275 poteras
728 1191 896 1252 animi
926 1205 1132 1253 vertere
1158 1190 1280 1273 jura
1309 1190 1407 1250 tui.
1937 1217 2015 1259 270

238 1287 452 1348 Diceris
478 1288 567 1349 his
597 1288 787 1362 etiam,
820 1313 991 1372 quum
1015 1289 1126 1370 jam
1160 1286 1437 1348 discedere
1467 1284 1659 1356 vellet,

321 1381 644 1452 Dulichium
668 1384 852 1445 verbis
882 1384 1184 1445 detinuisse
1210 1382 1405 1443 ducem
1431 1406 1445 1441 :

242 1478 372 1540 Non
398 1502 533 1557 ego,
566 1479 719 1562 quod
747 1479 962 1563 primo,
993 1478 1244 1551 memini,
1278 1499 1494 1561 sperare
1525 1474 1770 1534 solebam
1789 1520 1803 1544 ‚

324 1578 450 1638 Jam
476 1601 694 1660 precor,
727 1592 791 1637 ut
819 1578 1022 1659 conjux
1051 1592 1111 1637 tu
1138 1599 1293 1636 meus
1321 1598 1437 1636 esse
1465 1572 1616 1634 velis.

245 1675 322 1734 Et
350 1688 555 1746 tamen,
587 1688 652 1733 ut
680 1674 880 1755 conjux
907 1697 1079 1734 essem
1110 1687 1205 1733 tua
1222 1718 1238 1745 ‚
1264 1671 1431 1750 digna
1460 1669 1686 1730 videbar
1709 1694 1721 1727 2
1942 1684 2021 1739 233

330 1770 503 1851 Quod
530 1771 674 1843 Dea,
703 1770 856 1853 quod
885 1770 1071 1849 magni
1096 1769 1210 1830 filia
1240 1767 1389 1828 Solis
1417 1791 1578 1828 eram.

248 1872 331 1931 Ne
360 1892 626 1953 properes
646 1915 661 1941 ‚
696 1869 827 1928 oro!
857 1867 1098 1950 spatium
1126 1890 1232 1949 pro
1262 1887 1492 1925 munere
1520 1886 1710 1946 posco.

331 1965 489 2046 Quid
515 1966 698 2026 minus
727 1964 909 2047 optari
931 1988 1031 2048 per
1058 1986 1179 2024 mea
1206 1977 1335 2023 vota
1365 1963 1595 2045 potest?

250 2065 326 2123 Et
352 2061 493 2124 freta
519 2078 669 2123 mota
696 2062 880 2135 vides3
914 2077 971 2123 et
997 2061 1163 2122 debes
1191 2059 1286 2121 illa
1321 2059 1526 2119 timere.

330 2157 540 2220 Utilior
566 2157 702 2220 velis
730 2157 1034 2243 postmodo
1063 2171 1258 2219 ventus
1288 2157 1407 2218 erit.

253 2336 335 2368 XIV
350 2356 363 2379 ‚
387 2339 497 2368 vers.
523 2324 613 2378 154.
630 2323 704 2367 Sic
716 2325 902 2366 Phasias
920 2323 1099 2381 passim,

255 2406 337 2450 pro
358 2388 535 2433 Medea.
556 2390 724 2433 Hssms.

314 2457 407 2512 264.
443 2458 577 2512 Quum
609 2458 693 2499 tibi
715 2456 902 2499 Neritias
929 2458 1109 2500 abstulit

256 2525 360 2566 bora
380 2527 504 2565 rates.
534 2521 589 2564 In
609 2523 813 2565 Nan'cias
833 2521 982 2579 scripti
1008 2522 1108 2565 libri

257 2587 456 2659 plerique
469 2594 658 2631 mutant.
674 2587 811 2631 Hom.
826 2587 876 2630 11.
890 2595 941 2642 B,
957 2587 1068 2630 631·

258 2656 386 2716 Αὐτὰρ
406 2642 601 2701 Οθυσσεύς
631 2655 694 2708 ἦγε
713 2658 958 2711 Κεφαλλὶἷνας
985 2671 1109 2708 μεγα-

316 2723 474 2772 θυμους,

261 2777 490 2835 Οιδθίθακην
498 2789 602 2839 εἶχον
615 2786 851 2844 καὶΝῆρι-τον
862 2786 1110 2839 εινοσίευλλον

262 2857 308 2892 et
335 2863 432 2905 quae
450 2856 720 2904 sequuntur;
741 2847 815 2890 ubi
834 2846 1110 2890 Eustathius:

261 2918 426 2976 Νήριτον
455 2916 497 2958 τὶ
522 2933 601 2974 ορος
632 2915 700 2957 δίὰ
728 2920 793 2956 τοῦ
818 2911 852 2957 τ’
872 2916 915 2957 τὲ
940 2915 1012 2975 γὰρ
1043 2915 1113 2956 διὰ

263 2986 331 3023 τοῦ
348 2977 382 3022 κ’
400 2982 562 3050 Νῆμικον
581 2999 626 3020 κο
610 2980 684 3026 ἅλις
704 2965 859 3039 ἠπείρου
879 2981 929 3027 ὥς
950 2984 988 3022 δε
994 2982 1112 3028 δήλω·

265 3062 344 3088 ται.
358 3042 479 3085 Hine
494 3035 629 3092 Ιθάκην
647 3048 832 3103 Νηρικιήν
847 3040 952 3084 dixit
963 3041 1110 3085 Perie-

267 3115 412 3166 getes3
441 3122 574 3163 quare
595 3121 687 3149 non
707 3107 881 3163 penitus
900 3115 964 3150 est
982 3106 1110 3150 dam-

266 3171 467 3216 nandum
483 3170 588 3214 illud
607 3172 873 3224 Nare'ciasst
855 3175 927 3214 απὸ
949 3180 1015 3216 τοῦ
1029 3182 1115 3224 Νη-

265 3243 368 3301 ρίιιου
385 3269 396 3291 ,
417 3253 493 3280 seu
513 3243 675 3296 Noept'xou
688 3268 701 3290 ,
723 3235 901 3279 Dorico.

325 3302 418 3344 268.
440 3302 610 3356 Longus
626 3307 669 3344 et
683 3305 814 3344 invilo
826 3305 992 3355 pectore
1007 3303 1120 3343 sedit

269 3382 397 3410 amor.
431 3366 548 3423 Lege
566 3398 578 3421 ‚
607 3371 657 3408 a!
680 3370 810 3408 invito
839 3381 941 3409 cum
969 3366 1117 3422 priscis

272 3430 534 3475 editionibus
548 3463 560 3486 ,
582 3439 627 3476 et
647 3429 817 3475 duobus
833 3431 998 3486 scriptis
1018 3447 1027 3474 :
1046 3431 1118 3475 alii

1949 2170 2030 2210 28«)

1184 2323 1414 2378 nonnulli,
1431 2327 1477 2366 ιἰι
1493 2324 1644 2365 heito.
1639 2335 1648 2347 ·
1661 2334 1743 2377 pro
1754 2319 1867 2361 sedi!
1876 2317 2035 2360 frustra

1176 2355 1442 2433 ,Puteanm’u
1462 2395 1507 2430 et
1525 2384 1727 2429 nonnulli
1748 2383 1844 2436 alii,
1866 2386 2034 2425 mansii.

1242 2454 1337 2514 269.
1371 2456 1534 2497 Verlem
1557 2468 1652 2508 quoe
1671 2454 1855 2505 poteras.
1877 2447 2037 2503 Scripti

1188 2535 1289 2563 cum
1302 2519 1443 2576 prima
1454 2517 1557 2561 edit.
1568 2522 1840 2571 ‚lupolerast
1831 2512 1965 2556 mihi
1978 2521 2037 2555 ta

1188 2604 1294 2631 men
1310 2587 1536 2645 vulgatum
1554 2584 1691 2642 magis
1706 2581 1882 2626 arridet.
1903 2582 2038 2636 Quum

1181 2659 1381 2710 poteras,
1402 2667 1519 2694 unus
1539 2649 1688 2694 codex.

1246 2718 1338 2776 276.
1373 2718 1500 2771 Quod
1513 2731 1653 2770 magm
1651 2716 1767 2770 filia
1785 2713 1897 2755 Solis
1914 2726 2043 2752 eram.

1194 2781 1323 2827 Circe
1344 2782 1457 2826 Solis
1472 2781 1558 2824 filia
1575 2796 1626 2823 ex
1643 2777 1865 2822 Perseide.
1882 2775 2036 2819 Hesio-

1192 2848 1301 2891 dus
1288 2864 1335 2890 ιιι
1356 2844 1638 2902 Theogonia‚
1659 2843 1754 2903 956.

1250 2930 1299 2970 27
1307 2931 1341 2971 7.
1354 2913 1541 2966 Spatium
1553 2925 1631 2964 pro
1643 2924 1807 2951 munere
1813 2921 1957 2963 posco.
1972 2906 2043 2949 Sic

1193 2978 1313 3022 Dido
1337 2975 1493 3032 virgil.
1515 2974 1731 3026 AEneam,
1763 2988 1842 3028 per
1863 2972 2043 3014 Annam

1193 3059 1390 3090 sororem
1401 3043 1644 3094 obsecrans,
1657 3038 1834 3082 AEneid.
1848 3039 1931 3092 IV,
1946 3038 2042 3093 433:

1194 3116 1339 3154 Tempus
1352 3113 1444 3142 inane
1457 3117 1544 3151 peto,
1553 3109 1699 3150 requiem
1707 3109 1918 3150 spatiumque
1925 3107 2040 3137 furori.

1251 3191 1344 3234 279.
1357 3177 1484 3216 Freta
1497 3178 1612 3216 mola
1624 3175 1755 3215 vides.
1765 3171 1897 3214 Unus
1908 3171 2043 3214 Hein-

1195 3240 1245 3284 sii
1259 3253 1438 3294 magna‚·
1453 3237 1767 3295 elegantissima
1777 3268 1790 3290 ,
1805 3253 1888 3279 nec
1902 3236 2046 3278 abins-

1197 3306 1284 3348 cito
1303 3303 1479 3346 librario
1499 3304 1692 3359 prosecta
1710 3302 1838 3345 lectio
1860 3318 1871 3344 :
1891 3317 2045 3356 magna

1199 3369 1319 3419 enim
1339 3367 1476 3410 maria
1494 3367 1638 3410 ventis
1656 3375 1701 3410 et
1717 3366 1919 3410 fluctibus
1935 3381 2045 3408 con-

1198 3432 1338 3475 citata.
1355 3430 1636 3476 Ind.Lucret.
1651 3436 1698 3474 in
1710 3447 1823 3475 mare
1837 3446 2043 3484 maguum.
