2268 3776
533 273 806 332 ARTIS
856 273 1352 329 AMATORIAE
1396 275 1560 331 LIB.
1606 276 1695 330 ΙΙ.

1907 296 2017 352 ²99

233 395 479 461 Riserit?
507 393 693 455 adt-ide
719 417 731 453 :
759 392 806 452 si
834 391 1022 464 flebit,
1053 390 1181 452 flere
1211 406 1506 454 memento.

314 495 570 576 Imponat
598 489 747 566 leges
773 487 1022 550 vultibus
1047 487 1143 549 illa
1171 488 1300 549 tuis.
1336 558 1339 561 Δ

232 590 344 651 Seu
370 587 548 660 ludet,
582 610 954 670 numerosque
984 610 1152 648 manu
1178 585 1412 668 jactabit
1440 586 1687 647 eburnos
1705 631 1721 660 ,

312 686 399 745 Tu
428 683 568 745 male
593 684 798 766 jactato
815 731 829 756 ‚
860 698 922 745 tu
947 683 1087 746 male
1114 684 1258 767 jacta
1286 682 1447 744 dato:

230 780 340 841 Seu
364 779 528 862 jacies
561 779 730 854 talos,
760 781 959 858 victam
988 806 1057 843 ne
1080 803 1245 866 poena
1275 795 1572 864 sequatur,
1940 799 2022 840 ποῖ»

309 878 580 939 Damnosi
608 878 776 939 facito
802 892 952 940 stent
980 878 1086 940 tibi
1115 902 1258 963 saepe
1287 902 1449 939 canes
1472 903 1484 938 ε

225 974 350 1036 Sive
380 974 658 1036 latrocinii
682 976 789 1037 sub
820 976 1060 1056 imagine
1095 974 1340 1038 calculus
1367 976 1502 1049 ibit,

304 1073 413 1132 Fac
441 1086 630 1155 pereat
651 1071 827 1134 vitreo
858 1072 1017 1135 miles
1047 1074 1117 1135 ab
1147 1074 1309 1135 hoste
1341 1088 1490 1134 tuuS.

225 1170 351 1252 Ipse
383 1183 506 1230 tene
537 1169 776 1231 distenta
807 1170 924 1256 sutis
953 1169 1278 1232 umbracula
1306 1169 1477 1250 virgis
1504 1193 1517 1229 ε

306 1267 434 1350 Ipse
464 1264 578 1328 face
609 1267 669 1327 in
699 1267 865 1328 turba
886 1314 901 1340 ‚
936 1292 1047 1352 qua
1075 1269 1229 1330 venit
1256 1266 1379 1341 illa,
1410 1266 1612 1328 locum.

1941 1295 2021 1325 210

224 1365 340 1426 Nec
369 1363 565 1426 dubita
595 1365 757 1427 tereti
787 1389 1071 1427 scamnum
1096 1366 1403 1450 producere
1434 1364 1579 1426 lecto
1606 1390 1618 1426 :

282 1538 376 1566 201.
405 1523 594 1576 Siflebit
611 1557 622 1575 ‚
642 1525 760 1579 flere.
786 1523 847 1567 'In
876 1524 1079 1568 Francos.

227 1597 322 1632 erat
334 1590 486 1644 ,flen‘t‚
501 1591 648 1645 deflere
660 1596 860 1633 memento
873 1606 886 1633 .·
901 1592 1079 1647 elegan-

227 1662 296 1698 ter
314 1655 568 1700 mehercule
583 1674 593 1708 ;
609 1656 912 1701 subintellecto
928 1657 1001 1701 illo
1013 1662 1074 1709 si,

228 1727 277 1763 ut
302 1720 468 1765 millies.
505 1721 606 1765 Vid.
636 1722 657 1766 1
677 1755 688 1777 ,
716 1723 869 1767 Amor.
903 1736 976 1776 ιν,
1012 1739 1080 1782 ²9·

225 1788 389 1843 Deflete
409 1804 514 1831 vero
534 1788 629 1846 plus
650 1798 715 1834 est
742 1806 875 1847 quam
882 1792 1007 1846 flere,
1029 1798 1080 1833 ut

227 1863 407 1911 apparet
439 1871 490 1898 ex
519 1872 600 1899 usu
621 1855 753 1913 hujus
782 1857 903 1900 verbi
927 1855 981 1900 ad
1002 1872 1080 1899 ro-

225 1935 355 1978 gum,
387 1922 462 1965 uhi
492 1924 753 1978 deflebantur
769 1922 933 1966 mortui
955 1938 964 1966 :
989 1938 1077 1980 quo

221 1984 335 2028 sorte
365 1985 566 2044 respicit;
586 1995 635 2030 ut
666 1987 881 2031 nimirum
898 2019 910 2041 ,
933 1987 1076 2045 puella

222 2046 358 2094 flente
385 2049 576 2108 aliquem
609 2068 660 2095 ex
694 2051 782 2096 suis
814 2060 1044 2096 mortuum
1062 2086 1074 2108 ,

222 2115 433 2167 amatori,
456 2125 683 2174 tamquam
704 2117 759 2161 ad
778 2134 938 2175 rogum
955 2152 967 2173 ,
989 2135 1076 2163 ve-

223 2178 474 2226 hememius
491 2181 750 2228 deflendum
768 2199 859 2228 esse
875 2215 890 2240 ‚
912 2183 1077 2242 praeci-

223 2244 324 2302 piat.
345 2246 510 2291 Bunm.

279 2313 373 2366 ²⁰4·
396 2313 460 2355 Tu
471 2316 581 2357 male
590 2314 763 2370 jactato
776 2324 857 2360 etc.
879 2315 950 2359 De
963 2314 1077 2358 duo-

224 2373 366 2420 decim
385 2377 650 2434 scriptorum
673 2379 770 2423 lusu
792 2380 892 2437 agit.
918 2379 1077 2425 Cicero

223 2439 270 2483 in
287 2441 549 2486 Hortensio:
567 2461 588 2480 «
600 2443 754 2500 Itaque
772 2445 849 2488 tibi
864 2446 1075 2503 concedo,

226 2505 344 2563 quod
360 2506 408 2550 in
427 2506 662 2552 duodecim
681 2509 849 2567 scriptis
866 2511 1074 2568 solemus,

225 2581 275 2615 ut
294 2573 720 2621 calculum'reducas
733 2609 746 2632 ,
766 2577 802 2621 si
833 2586 876 2622 te
896 2579 1078 2635 alicuius

226 2636 315 2682 dati
335 2639 556 2696 poenitet.»
579 2640 768 2697 Quintil.
789 2643 981 2688 Institut.
1000 2658 1050 2688 xl
1067 2677 1080 2700 ,

228 2701 406 2748 Orator.
429 2720 519 2762 cap.
541 2719 592 2749 11.
901 2748 903 2750 .

280 2773 376 2814 205.
405 2772 484 2814 Seu
505 2772 652 2827 jacies
681 2777 794 2817 talos
810 2808 821 2827 ‚
851 2779 1008 2819 victam
1027 2792 1079 2820 ne

220 2850 349 2888 poena
366 2845 564 2894 sequatur
575 2849 656 2884 etc.
674 2844 845 2885 Poenam
856 2842 928 2886 hic
943 2859 1078 2901 expo—

228 2901 295 2944 nit
311 2902 486 2948 Merula
503 2922 584 2963 pro
595 2907 767 2954 dolore:
780 2919 831 2954 ut
843 2911 897 2954 sit
909 2928 1076 2968 sensus,

228 2969 294 3012 Ne
308 2974 425 3013 victa
441 2975 540 3015 ludo
553 2978 698 3029 puella
710 2980 863 3020 doleat.
882 2979 999 3022 Mihi
1010 2996 1079 3023 ve-

229 3048 280 3075 ro
303 3035 438 3092 magis
461 3035 623 3093 placet,
642 3048 691 3083 ut
703 3057 867 3095 penam
887 3044 1080 3100 accipia-

228 3114 327 3142 mus
338 3115 417 3155 pro
431 3101 569 3146 multa
579 3135 590 3157 ,
605 3104 691 3147 sive
709 3107 893 3161 pecunia
904 3139 916 3161 ‚
929 3124 1077 3164 quam,

230 3164 305 3220 qui
333 3165 470 3210 victus
505 3176 570 3211 est
590 3200 601 3221 ,
627 3171 870 3225 persolvere
903 3171 1080 3219 necesse

229 3227 374 3271 hahet.
396 3231 596 3275 MICYLL.

285 3295 379 3337 206.
404 3298 620 3340 Damnosi
633 3315 771 3343 canes.
791 3301 981 3354 Semoni,
1007 3304 1082 3359 qui

229 3357 367 3412 jactus
393 3360 660 3406 felicissimus
675 3396 686 3417 ,
708 3366 815 3408 unio
833 3398 844 3420 ,
870 3383 948 3410 seu
965 3369 1082 3413 canis

228 3421 290 3465 illi
308 3425 553 3469 contrarius
569 3459 581 3482 ,
607 3430 911 3485 opponebatur
928 3449 939 3487 ;
961 3433 1020 3477 sic
1039 3442 1084 3478 et

1163 1524 1318 1569 Persio
1328 1526 1537 1568 damnosa
1552 1523 1764 1571 camb-ula,
1786 1520 1841 1565 de
1862 1519 2018 1564 eadem

1160 1606 1208 1633 re
1223 1622 1234 1643 ‚
1261 1589 1406 1650 Satyr.
1429 1602 1486 1632 111
1503 1621 1515 1643 ‚
1542 1591 1595 1648 49
1609 1621 1621 1643 ,
1659 1597 1703 1632 et
1724 1590 1871 1631 dexter
1888 1591 2021 1629 sem‘o.

1162 1655 1369 1712 Propert.
1392 1655 1461 1699 lv
1478 1686 1491 1709 ,
1518 1654 1640 1711 Eleg.
1662 1666 1774 1708 vlu,
1798 1655 1850 1708 45
1870 1668 1880 1695 :

1160 1729 1220 1761 Me
1227 1740 1359 1772 quoqne
1367 1740 1423 1771 per
1430 1730 1672 1762 natosvenemm
1680 1734 1845 1771 quarente
1852 1727 2027 1763 nec-mdo„

1201 1792 1335 1832 Semper
1349 1791 1498 1823 dumnoai
1514 1790 1696 1823 snb-ilum
1711 1801 1820 1823 unes.

1160 1851 1231 1895 De
1252 1855 1422 1895 senione
1435 1886 1446 1904 ‚
1465 1855 1665 1897 cam'cula
1679 1885 1690 1903 ,
1722 1861 1767 1896 et
1799 1854 1954 1896 Venere
1972 1851 2020 1895 in

1159 1918 1278 1975 jactu
1296 1918 1488 1962 talorum
1506 1918 1608 1963 satis
1641 1917 1844 1963 distincte
1866 1918 2019 1963 Scho-

1158 1982 1301 2027 liastes
1330 1985 1497 2029 Persii:
1520 2004 1542 2023 «ι
1559 1985 1696 2030 Senio
1725 1993 1771 2029 et
1806 1983 2020 2028 Canicula

1158 2058 1205 2093 et
1222 2050 1375 2094 Venus
1386 2052 1566 2109 proprio
1586 2051 1768 2094 nomine
1787 2051 1925 2107 jactus
1939 2059 2019 2094 tes·

1157 2131 1356 2159 serarum
1364 2117 1623 2161 sunt.verbi
1638 2117 1773 2174 gratia
1786 2132 1796 2159 :
1809 2116 1917 2159 dum
1931 2124 2019 2159 tres

1157 2181 1253 2226 seni
1270 2183 1560 2239 proveniunt,
1583 2183 1619 2225 is
1635 2184 1774 2240 jactus
1791 2186 1911 2225 senio
1927 2190 2019 2225 est:

1157 2249 1205 2293 in
1233 2265 1321 2307 quo
1341 2250 1591 2295 notandum
1606 2282 1618 2304 ,
1645 2249 1764 2306 quod
1788 2248 2019 2292 interdum

1159 2315 1293 2358 etiam
1317 2323 1384 2359 est
1402 2316 1577 2359 sinister
1596 2337 1605 2359 ι
1628 2315 1739 2359 dum
1768 2330 1875 2358 vero
1899 2324 1988 2359 tres
2003 2347 2016 2370 ,

1158 2383 1277 2431 unio,
1296 2384 1495 2424 canicula
1510 2397 1525 2424 :
1553 2383 1693 2425 Venus
1711 2390 1859 2425 autem
1875 2415 1886 2431 ‚
1910 2379 2020 2423 dum

1158 2444 1296 2500 jactus
1320 2445 1441 2502 juxta
1472 2446 1693 2490 rationem
1722 2446 1901 2489 numeri
1926 2461 2017 2502 op·-

1158 2509 1266 2554 time
1276 2520 1619 2565 connectuntur3
1633 2528 1767 2569 quam
1775 2512 2022 2555 connexio-

1158 2592 1266 2620 nem
1299 2577 1433 2632 unio,
1464 2578 1509 2621 id
1537 2586 1602 2622 est
1622 2578 1817 2623 canicula
1846 2578 1894 2621 in
1927 2577 2018 2620 fine

1159 2642 1316 2687 tabulae
1345 2642 1564 2688 conficere
1595 2644 1754 2690 solet.»
1781 2645 2020 2688 fimus.—

1159 2711 1399 2755 Vossianus
1413 2744 1426 2766 ,
1447 2715 1674 2756 damnosos
1689 2713 1848 2769 facua
1878 2709 1951 2756 Sic
1972 2719 2019 2754 et

1159 2776 1259 2821 alibi
1279 2776 1362 2821 hoc
1383 2778 1595 2834 loquendi
1618 2777 1756 2820 modo
1779 2778 1933 2821 utitur.

1214 2860 1309 2903 209.
1327 2845 1424 2899 Ipse
1444 2850 1537 2886 tene
1553 2846 1741 2886 dzlrlenla
1750 2847 1842 2886 suis
1859 2847 2020 2886 umbra-

1159 2909 1257 2949 cula
1274 2911 1418 2962 vt'rgtlr.
1435 2906 1549 2950 Vide
1574 2923 1672 2963 quae
1694 2907 1749 2950 de
1758 2910 1953 2963 flabellis
1975 2917 2022 2952 et

1159 2976 1352 3016 umbellas
1363 2971 1414 3015 ad
1420 2973 1683 3028 notavimus,
1697 2974 1751 3017 ad
1761 2974 1918 3017 Amor.
1929 2975 2017 3030 III,

1162 3038 1285 3095 Eleg.
1304 3052 1342 3080 11
1357 3071 1369 3092 ‚
1393 3039 1461 3082 38.

1218 3122 1241 3146 2
1251 3121 1266 3146 1
1278 3121 1294 3146 1
1303 3137 1312 3146 .
1332 3106 1376 3147 T
1369 3110 1475 3147 creti
1481 3121 1696 3148 scamnum
1701 3109 1929 3161 producere
1942 3109 2022 3150 lec·

1160 3178 1218 3215 to.
1252 3171 1423 3227 Lipsius
1444 3171 1515 3214 lib·
1550 3185 1610 3214 111
1623 3204 1635 3227 ,
1662 3171 1848 3216 centur.
1881 3173 2018 3230 Epist.

1162 3236 1287 3280 Misc.
1303 3250 1366 3278 11:
1387 3253 1614 3280 scamnum
1631 3237 1752 3281 idem
1770 3255 1859 3282 esse
1872 3271 1883 3291 ,
1899 3239 2020 3295 quod

1161 3301 1310 3344 sellam
1344 3302 1434 3345 sive
1465 3302 1717 3346 cathedram
1755 3311 1880 3360 putat
1905 3320 1914 3346 :
1939 3303 2017 3346 sed

1162 3386 1246 3427 qua
1283 3370 1452 3413 ratione
1491 3379 1596 3415 tunc
1631 3385 1861 3414 scamnum
1899 3371 2016 3414 lecto

1160 3432 1480 3490 produceretur
1502 3435 1521 3479 ?
1559 3435 1722 3480 Melius
1759 3436 1927 3493 capitur
1963 3435 2018 3478 de
