2268 3776
263 312 366 365 106

723 314 787 366 P.
840 314 1133 374 OVIDII
1178 313 1565 370 NASONIS

853 623 1244 693 ELEGIA
1295 625 1426 694 IX.

279 952 342 984 An
372 952 635 984 CUPIDINEM
658 958 668 985 ζ
691 953 950 987 non'rA'rUR
982 958 1045 989 U'r
1075 958 1129 988 IN
1157 955 1287 989 Amos
1316 957 1505 1000 QUOQUE
1535 957 1625 990 SUA
1655 956 1774 990 TELA
1803 957 2017 992 DEFIGAT.

262 1088 337 1173 Ο
376 1127 738 1201 NUNQUAM
766 1137 869 1197 pro
897 1139 984 1175 me
1017 1114 1468 1194 satisindignate
1495 1116 1747 1201 Cupide,

339 1210 392 1268 Ο
421 1209 480 1268 in
511 1209 677 1271 corde
706 1234 830 1271 meo
865 1210 1137 1272 desidiose
1166 1215 1333 1295 puer!

257 1304 414 1385 Quid
443 1329 557 1378 me,
592 1307 688 1389 qui
718 1307 876 1368 miles
908 1333 1195 1391 nunquam
1225 1324 1320 1369 tua
1349 1309 1507 1387 signa
1535 1308 1760 1392 reliqui,

336 1401 552 1462 Laedis?
582 1417 637 1463 et
666 1403 725 1461 in
756 1404 948 1463 castris
973 1404 1234 1464 vulneror
1263 1404 1382 1487 ipse
1412 1404 1592 1464 meis?

262 1497 377 1557 Cur
405 1511 500 1557 tua
526 1497 616 1558 fax
643 1499 782 1581 urit,
814 1498 939 1578 figit
968 1514 1097 1560 tuus
1128 1524 1286 1561 arcus
1318 1501 1564 1561 amicos?
2022 1521 2047 1561 5

344 1595 536 1656 Gloria
563 1613 878 1680 pugnantes
905 1597 1119 1659 vincere
1146 1598 1323 1679 major
1351 1612 1482 1659 erat.
1534 1604 1537 1606 ’

259 1693 453 1773 Quid?
478 1717 596 1752 non
624 1693 976 1767 Haemonius,
1010 1718 1173 1776 quem
1204 1694 1431 1778 cuspide
1460 1691 1724 1777 perculit,
1752 1692 1919 1752 heros

341 1789 684 1850 Confossum
709 1790 921 1850 medica
948 1790 1251 1878 postmtodo
1279 1791 1423 1873 juvit
1452 1791 1603 1874 ope?

316 1981 351 2007 1.
378 1963 417 2005 0
435 1977 642 2018 nunquam
652 1978 732 2017 pro
752 1965 940 2004 mesatis
961 1970 1042 2005 etc.
1064 1961 1112 2005 Si

258 2028 467 2072 attentius
487 2029 617 2085 paulo
625 2044 717 2085 quo
731 2036 823 2071 tota
838 2036 1002 2085 spectat
1015 2027 1111 2072 Ele·

250 2095 327 2153 gia
346 2094 631 2137 Burmannus
658 2102 703 2137 et
733 2094 802 2136 alii
835 2093 1114 2138 consideras-

258 2168 357 2203 sent
371 2194 382 2214 ,
413 2160 508 2202 nen
530 2160 583 2202 ab
603 2159 696 2216 ipso
716 2159 868 2202 limine
891 2159 1114 2203 haesissent

260 2225 383 2269 dubii
400 2224 504 2282 quid
535 2224 615 2268 sibi
649 2225 752 2268 velit
783 2224 899 2268 istud
912 2242 991 2280 pro
1013 2239 1110 2278 me,·

259 2307 344 2334 nec
367 2299 600 2348 postquam
632 2307 865 2347 perperam
887 2290 1116 2348 interpre-

260 2356 339 2399 tati
360 2389 373 2411 ,
408 2361 453 2399 in
478 2372 614 2399 meam
640 2359 871 2399 utilitatem
890 2389 901 2408 ‚
943 2373 998 2398 ex
1024 2373 1116 2399 meo
1142 2379 1146 2384 -

261 2436 340 2463 usu
356 2429 436 2463 etc.
447 2420 686 2478 legendum
703 2421 1030 2482 proposuissent
1037 2438 1116 2477 pro

264 2501 326 2537 re,
347 2485 495 2528 nescio
514 2486 638 2541 cujus
658 2486 815 2529 codicis
833 2520 845 2541 ‚
874 2503 1008 2543 quem
1021 2502 1115 2529 non

264 2549 501 2593 nominant
518 2582 530 2603 ,
565 2551 821 2593 auctoritate
839 2551 954 2594 freti.
975 2552 1116 2594 Inve—

263 2614 387 2656 hitur
395 2614 442 2656 in
454 2612 725 2670 Cupidinem
734 2629 815 2669 poe
821 2623 878 2668 ta,
891 2615 965 2670 qui
976 2631 1117 2657 unum

265 2695 310 2722 se
331 2678 425 2722 telis
446 2678 532 2721 suis
554 2677 799 2733 petendum
814 2711 825 2732 ,
847 2693 937 2734 prae
953 2678 1118 2720 caeteris

265 2744 468 2801 selegerit
494 2759 505 2787 ε
535 2758 709 2786 summa
736 2742 830 2786 haec
861 2743 992 2785 totius
1013 2758 1118 2785 car-

265 2810 410 2853 minis.
438 2810 550 2853 Jure
585 2810 718 2867 igitur
757 2825 988 2865 nunquam
1018 2808 1119 2851 satis

267 2880 530 2932 indignatum
549 2881 594 2919 in
613 2893 660 2919 se
689 2876 792 2919 dicit
806 2909 817 2931 ,
852 2885 896 2918 et
922 2875 1052 2918 unius
1074 2878 1120 2916 in

268 2945 392 2986 corde
411 2944 666 2985 desidiosum
677 2976 687 2993 ‚
704 2940 749 2983 id
765 2949 850 2994 est,
864 2948 1119 2983 cessantem.

270 3007 425 3050 Restat
444 3023 565 3050 nunc
585 3005 895 3052 excutiendum
918 3037 929 3059 ,
971 3020 1027 3046 an
1046 3004 1121 3045 lo—

271 3073 390 3116 cutio
403 3072 580 3127 haecpro
589 3089 665 3123 me,
680 3088 767 3129 quo
780 3071 963 3113 diximus
974 3086 1121 3126 sensu,

270 3137 406 3181 latina
425 3147 554 3181 sonet
572 3138 779 3195 legitime.
806 3137 901 3194 Ego
923 3137 982 3180 sic
1003 3135 1122 3179 acci-

273 3202 481 3259 piendam
498 3202 645 3258 judico
664 3218 673 3244 :
691 3218 922 3258 nunquam
935 3205 1045 3244 satis
1054 3204 1125 3243 in-

274 3262 447 3322 dignate
460 3302 471 3319 ‚
510 3268 583 3310 ubi
616 3270 669 3310 de
701 3284 765 3309 me
786 3272 930 3323 agitur
943 3302 954 3319 ,
991 3282 1123 3323 quem

274 3333 450 3375 unicam
471 3332 547 3375 tibi
570 3331 763 3388 praedam
792 3332 951 3375 videris
979 3331 1125 3375 vindi-

277 3413 414 3450 casse3
448 3398 515 3440 vel
528 3415 606 3453 pro
632 3415 718 3450 me,
744 3398 789 3440 id
812 3406 897 3452 est,
917 3415 996 3452 pro
1017 3401 1122 3450 illa,

280 3478 374 3520 quae
391 3462 442 3505 ad
461 3463 698 3506 amandum
714 3463 913 3520 propellit
929 3480 999 3506 me
1012 3496 1023 3518 ,
1046 3463 1124 3506 in-

1195 1961 1306 2006 dole.
1338 1961 1454 2018 Quae
1474 1968 1722 2018 sequuntur
1742 1960 1835 2002 fuse
1855 1956 1955 2001 satis
1974 1973 2050 2000 ex-

1196 2028 1371 2085 plicant.

1251 2095 1289 2148 4.
1309 2095 1409 2148 Ipse
1423 2095 1540 2136 meis.
1561 2091 1616 2134 In
1643 2087 1906 2146 quibusdam
1920 2120 1932 2142 ,
1954 2092 2050 2129 tuis.

1198 2158 1409 2203 Heinsius
1427 2156 1565 2200 edidit
1581 2189 1594 2211 ,
1616 2160 1708 2211 quse
1722 2158 1827 2196 mess
1845 2187 1854 2204 ,
1881 2160 2052 2196 secutus

1197 2224 1366 2268 codices
1385 2232 1477 2267 tam
1495 2238 1596 2267 suos
1613 2256 1624 2274 ,
1651 2237 1784 2279 quam
1810 2218 2018 2277 Naugerii
2039 2250 2050 2273 ,

1198 2289 1332 2334 Marii
1352 2295 1396 2333 et
1415 2287 1695 2332 Bersmanni.

1255 2373 1291 2414 7.
1322 2356 1476 2409 Quid?
1513 2370 1596 2396 non
1619 2353 1866 2395 Hemonius
1886 2383 1897 2400 ‚
1935 2365 2053 2405 quem

1197 2424 1370 2477 cuspide
1384 2416 1570 2477 peri-ulit
1589 2428 1670 2464 ete.
1705 2419 1865 2476 Agitur
1884 2415 1938 2459 de
1957 2433 2054 2459 cer-

1198 2487 1363 2530 tamine
1382 2485 1560 2529 Achillis
1573 2500 1675 2527 cum
1689 2481 1902 2539 Telepho.
1916 2481 2054 2524 Hasta

1200 2562 1349 2596 autem
1376 2555 1592 2595 Hoemom'i
1614 2554 1753 2594 beratze
1772 2583 1783 2601 ,
1825 2564 1910 2605 qua
1931 2556 2021 2590 arte
2041 2580 2051 2600 ,

1201 2618 1320 2676 quod
1340 2618 1558 2661 inflixerat
1573 2650 1584 2672 ‚
1606 2617 1764 2658 vulnus
1778 2621 1974 2666 sanaret,
1996 2613 2054 2654 sic

1200 2684 1370 2727 Plinius
1393 2682 1522 2725 docet
1539 2714 1552 2736 ‚
1576 2693 1734 2734 xxxw,
1763 2681 1810 2721 15
1831 2694 1840 2720 :
1865 2696 1886 2714 «
1911 2677 1989 2720 Est
2010 2685 2055 2719 et

1200 2748 1356 2803 rubigo
1376 2747 1466 2802 ipsa
1487 2746 1533 2788 in
1556 2743 1762 2787 remediis
1781 2760 1790 2794 ;
1815 2752 1860 2785 et
1881 2742 1940 2785 sic
1954 2741 2053 2784 Te·-

1200 2811 1381 2868 lephum
1403 2809 1605 2867 proditur
1639 2823 1808 2851 sanasse
1832 2806 2021 2849 Achilles
2041 2837 2052 2859 ,

1202 2877 1289 2920 sive
1323 2875 1369 2918 id
1397 2891 1508 2918 aerea
1526 2907 1537 2929 ,
1579 2874 1665 2917 sive
1703 2874 1847 2915 ferrea
1879 2868 2054 2925 cuspide

1201 2941 1304 2984 fecit
1325 2956 1334 2983 :
1354 2941 1412 2982 ita
1434 2949 1551 2983 certe
1584 2954 1683 2981 eam
1705 2936 1931 2980 decutiens
1966 2933 2057 2990 gla-

1204 3004 1289 3048 dio.
1310 3023 1333 3043 »
1356 3005 1447 3049 Ubi
1467 3004 1550 3047 vid.
1575 3003 1795 3047 Harduin.
1820 3010 1864 3044 et
1889 2999 2056 3058 Hygin.

1204 3071 1308 3114 Fab.
1334 3082 1394 3112 (21.

1260 3135 1297 3177 8.
1315 3134 1564 3190 Confossum
1578 3134 1744 3175 medica
1762 3140 1842 3174 etc.
1867 3130 2057 3185 Confos—

1204 3219 1294 3245 sum
1310 3236 1320 3253 ,
1353 3201 1531 3258 plurimi
1563 3199 1731 3243 codices
1755 3213 1765 3240 :
1793 3196 1868 3240 sed
1890 3196 2058 3253 gravius

1205 3269 1290 3311 hoc
1298 3268 1496 3318 verbum,
1510 3281 1598 3323 quo
1607 3267 1698 3308 sere
1711 3279 1885 3320 semper
1894 3262 1948 3304 de
1961 3261 2056 3314 illis,

1206 3334 1278 3390 qui
1301 3334 1360 3376 ita
1378 3333 1668 3375 vulnerantur
1690 3363 1702 3385 ,
1742 3338 1790 3372 ut
1813 3327 1917 3371 inde
1939 3343 2059 3370 mors

1206 3408 1437 3454 sequatur,
1463 3405 1652 3440 utuntur
1681 3404 1850 3437 veteres
1883 3409 1892 3436 z
1924 3409 2058 3449 quare

1209 3479 1289 3520 ego
1310 3479 1403 3506 non
1426 3462 1589 3505 alienus
1607 3475 1745 3504 essem
1763 3475 1785 3501 a
1803 3457 2057 3514 consessum,
