2268 3776
538 289 801 348 ARTIS
850 289 1318 347 AMATORIAE
1370 290 1528 348 LIB.
1578 293 1701 348 111.

1870 294 1969 348 381

303 409 566 491 Quasque
593 422 774 491 petas,
799 430 913 466 non
941 406 1034 467 det
1060 407 1222 489 janua
1253 408 1396 479 sola,
1425 409 1584 468 vias?

220 502 452 566 Fallitur
482 517 538 565 et
561 501 739 563 multo
770 502 1016 564 custodis
1045 526 1174 564 cura
1203 505 1363 586 Lyaeo
1389 529 1401 563 ε
1898 522 1980 578 645

302 597 404 659 Illa
429 596 514 659 vel
545 597 797 680 Hispano
826 595 966 658 lecta
994 598 1068 658 sit
1094 621 1196 659 uva
1222 599 1375 681 jugo.

223 693 368 754 Sunt
395 716 616 776 quoque
647 716 768 775 quae
795 692 998 754 faciant
1022 692 1166 755 altos
1188 694 1544 756 medicamina
1575 719 1833 769 somnos;

302 789 570 873 Victaque
599 788 819 851 Lethaea
850 788 1059 851 lumina
1091 803 1253 851 nocte
1279 805 1546 873 premant.

223 886 338 947 Nec
363 883 500 947 male
529 885 738 947 deliciis
770 886 1025 947 odiosum
1055 886 1272 947 conscia
1303 886 1475 947 tardis

306 982 562 1055 Detinet3
591 997 646 1043 et
674 981 841 1062 longa
867 983 1120 1065 jungitur
1146 982 1266 1066 ipsa
1294 1005 1465 1043 mora.

1906 1002 1990 1047 65⁰

229 1082 384 1164 Quid
410 1084 564 1166 juvat
587 1085 869 1164 ambages,
895 1099 1275 1169 praeceptaque
1303 1108 1470 1167 parva
1497 1107 1712 1146 movere
1729 1133 1744 1158 ,

311 1185 503 1265 Quum
527 1186 755 1247 minimo
785 1201 974 1248 custos
1003 1209 1226 1247 munere
1257 1186 1437 1269 possit
1464 1187 1614 1248 emi?

230 1289 499 1361 Munera,
528 1288 684 1350 crede
711 1288 876 1363 mihi,
906 1290 1131 1373 capiunt
1158 1289 1519 1373 hominesque
1549 1290 1841 1373 Deosque:

315 1389 571 1453 Placatur
598 1391 763 1452 donis
790 1392 1015 1476 Jupiter
1040 1392 1159 1476 ipse
1187 1392 1347 1454 datis.

238 1491 393 1575 Quid
424 1494 639 1578 sapiens
667 1494 867 1556 saciat?
894 1482 1098 1557 stultus
1127 1520 1349 1579 quoque
1376 1519 1599 1558 munere
1631 1496 1846 1576 gaudet.
1922 1515 2007 1559 655

317 1597 445 1679 Ipse
474 1596 580 1670 vir,
607 1612 830 1681 accepto
863 1622 1116 1671 munere,
1140 1613 1330 1660 mutus
1356 1598 1477 1660 erit.

239 1697 349 1760 Sed
377 1698 541 1761 semel
570 1715 654 1762 est
680 1715 867 1762 custos
897 1700 1127 1781 longum
1156 1701 1507 1763 redimendus
1532 1702 1592 1762 in
1621 1725 1853 1763 annum:

323 1801 475 1886 Saepe
501 1803 687 1877 dabit,
715 1802 928 1865 dederit
957 1828 1094 1887 quas
1127 1803 1322 1876 semel,
1352 1802 1444 1864 ille
1472 1827 1683 1864 manus.

296 1982 390 2037 644.
419 1982 612 2039 Quasque
621 1987 748 2038 petet,
771 1998 855 2027 uon
867 1984 940 2026 det
945 1983 1089 2039 janua

243 2050 337 2093 sola
352 2051 457 2092 vias.
474 2046 590 2107 Lege
607 2081 619 2105 ,
636 2065 796 2107 quaque
801 2056 926 2106 petas
937 2084 948 2101 ‚
969 2066 1089 2094 nem·

245 2131 298 2172 pe
313 2114 520 2169 amicum
537 2115 606 2159 vel
623 2116 783 2160 etiam:
808 2119 1090 2174 Qnasquepa-

247 2185 338 2224 lens
354 2195 438 2224 non
458 2182 530 2224 dee
532 2180 678 2236 janua
693 2184 806 2231 sola.
829 2185 925 2224 vias
939 2214 950 2233 ‚
973 2180 1091 2237 quod

248 2245 390 2291 verius
403 2255 478 2292 est.
501 2247 668 2293 Hssuts.
687 2247 807 2293 Nihil
825 2247 896 2291 hic
911 2257 1092 2292 mutan-

250 2308 382 2362 dum;
414 2326 544 2355 sanus
563 2311 684 2354 enim
700 2343 712 2367 ,
746 2311 780 2355 si
800 2310 895 2368 quis
915 2311 1027 2355 ullus
1046 2311 1092 2354 in

253 2374 427 2419 Nasone
442 2407 455 2431 ,
475 2373 547 2419 hie
558 2374 678 2420 locus
693 2393 704 2428 ;
724 2375 807 2420 nisi
823 2374 940 2431 quod
953 2375 1094 2432 legen·

254 2437 361 2482 dum
384 2470 398 2494 ,
428 2445 576 2495 pelas,
615 2439 682 2483 vel
704 2455 783 2496 per
801 2439 1018 2496 fenestras
1047 2447 1096 2482 ut

254 2520 372 2562 supr.
390 2521 500 2550 vers.
520 2505 602 2549 605
624 2524 634 2559 ;
666 2505 734 2549 vel
746 2522 825 2560 per
846 2511 995 2550 tectum
1009 2540 1019 2558 ,
1049 2515 1098 2549 ut

256 2568 326 2613 lib.
344 2583 362 2613 1
377 2601 390 2625 ,
425 2585 534 2614 vers.
559 2571 666 2625 245,
700 2569 768 2614 vel
787 2585 867 2627 per
892 2569 992 2614 alias
1011 2570 1098 2615 vias

259 2633 427 2678 aditum
447 2633 500 2678 ad
522 2636 719 2679 amicam.

311 2701 405 2757 646.
428 2703 514 2745 Illa
529 2705 601 2746 vel
611 2704 804 2758 Hispano
819 2705 929 2746 lecta
947 2706 1007 2745 si!
1021 2717 1102 2746 uva

248 2766 369 2822 jugo.
391 2766 458 2810 Ne
478 2766 582 2810 vino
600 2782 768 2823 pareas,
790 2767 858 2810 vel
877 2766 1096 2824 Hispano,

262 2829 379 2886 quod
399 2830 552 2875 ceteris
572 2831 712 2874 multo
734 2831 873 2875 carius
889 2863 901 2886 ,
937 2839 987 2873 ut
1005 2846 1104 2874 cus-

258 2894 385 2940 todes
402 2896 531 2940 sallas.
549 2897 666 2941 Sunt
688 2898 762 2954 qui
784 2900 1021 2954 Hispanum
1037 2898 1106 2940 vi-

266 2974 376 3005 num
395 2959 449 3004 de
471 2961 611 3004 viliori
629 2962 883 3020 intelligant.
904 2963 974 3007 De
995 2979 1105 3020 par-

267 3026 395 3071 ticula
412 3029 485 3070 vel
493 3060 504 3078 ,
524 3027 612 3070 vid.
633 3028 876 3073 Broukhus.
895 3029 949 3072 ad
962 3029 1105 3073 Tibul.

270 3093 315 3147 1,
338 3090 458 3149 Eleg.
479 3105 553 3146 ιχ,
577 3093 643 3136 53.

323 3157 418 3201 650.
432 3157 780 3213 Longajunge'lur
786 3162 880 3214 {osa
896 3175 1022 3202 mora.
1032 3161 1111 3202 Ille

273 3221 568 3264 Bersmannus
587 3230 630 3265 et
649 3221 851 3281 Micyllus
865 3255 877 3277 ,
910 3223 1029 3279 quasi
1055 3223 1110 3266 ad

273 3295 512 3331 amatorem
533 3287 784 3344 pertineret.
801 3290 1024 3343 Frangitur
1033 3292 1113 3332 illa

276 3350 437 3409 Regius
461 3370 471 3404 ;
505 3350 621 3408 quod
651 3351 870 3396 tolerabile
900 3361 1012 3395 esset
1030 3384 1042 3406 ,
1077 3353 1114 3395 si

274 3418 345 3460 ille
355 3415 571 3471 legeretur
587 3433 598 3469 ς
616 3423 664 3458 ut
675 3415 844 3460 conscia
853 3415 977 3460 illum
988 3416 1114 3461 blan-

1170 1982 1235 2027 dis
1267 1981 1408 2026 verbis
1438 1989 1483 2025 et
1512 1981 1556 2026 in
1585 1981 1767 2038 longum
1794 1980 2013 2039 productis

1170 2046 1389 2104 mitigaret
1411 2061 1422 2089 ε
1440 2044 1514 2089 sed
1536 2045 1656 2102 prior
1678 2046 1804 2089 lectio
1830 2055 2013 2103 prestat.

1225 2113 1320 2157 651.
1358 2114 1651 2168 Poeceptaque
1674 2129 1810 2166 parva
1847 2129 2016 2156 novere.

1173 2178 1323 2233 Malo,
1347 2183 1512 2221 monent
1545 2178 1617 2221 Sic
1643 2194 1750 2235 ego,
1781 2194 1882 2222 cum
1909 2178 2014 2222 edi-

1174 2244 1292 2287 tione
1316 2245 1456 2301 prima
1470 2276 1483 2297 ‚
1514 2252 1558 2287 et
1579 2244 1739 2288 Aldina
1755 2278 1767 2299 ,
1792 2254 1835 2287 et
1856 2261 2016 2290 novem

1173 2310 1340 2367 scriptis
1352 2343 1364 2364 ‚
1382 2325 1473 2353 non
1486 2325 1672 2364 mnere3
1690 2326 1782 2353 non
1797 2311 1916 2355 enim
1933 2329 2019 2355 no-

1174 2389 1317 2417 nemus
1333 2383 1544 2431 precepta
1557 2407 1569 2428 ,
1590 2373 1664 2417 sed
1684 2391 1762 2431 per
1782 2375 1852 2418 illa
1875 2375 2019 2419 homi-

1177 2456 1281 2492 nes3
1309 2449 1354 2483 et
1374 2442 1432 2484 ita
1453 2440 1703 2498 Stephanus
1724 2443 1768 2485 in
1795 2442 2021 2487 Thesauro

1177 2520 1257 2548 suo
1276 2505 1367 2561 jam
1385 2504 1531 2549 citavit
1550 2521 1560 2548 :
1578 2505 1735 2549 eodem
1753 2506 1887 2550 modo
1907 2507 2021 2565 apud

1178 2571 1614 2627 Horatium,lib.111,
1635 2571 1724 2617 Od.
1739 2587 1822 2621 vu.
1844 2589 1914 2628 ιο,
1924 2574 2021 2630 sal-

1178 2638 1255 2678 las:
1282 2638 1499 2680 limenius
1538 2643 1676 2680 neone!
1715 2637 1872 2695 legitur
1891 2671 1903 2692 ,
1944 2655 2024 2696 pro

1182 2715 1269 2756 quo
1287 2699 1510 2744 Tou-rentii
1530 2700 1699 2744 codices
1719 2734 1731 2755 ,
1759 2709 1894 2745 mooe!
1907 2711 2021 2746 recte

1181 2766 1345 2810 habent
1363 2783 1373 2811 z
1391 2767 1599 2824 frequens
1616 2768 1736 2809 enim
1752 2767 1913 2810 horum
1926 2784 2026 2811 vcr-

1183 2833 1342 2876 borum
1361 2834 1570 2877 confusio.
1592 2834 1729 2876 Inui.

1238 2897 1333 2940 653.
1346 2899 1548 2946 Munera,
1573 2899 1692 2939 coede
1703 2897 1826 2947 mihi,
1849 2902 2030 2951 capiunt.

1190 2961 1376 3017 Captant
1397 2960 1699 3004 Famesianus.
1729 2962 1912 3004 Placent
1927 2962 2031 3005 edi-

1186 3030 1328 3072 tiones
1347 3028 1511 3083 priores
1535 3035 1579 3068 et
1606 3041 1768 3068 novem
1789 3028 1934 3083 scripti
1956 3041 1966 3068 :
1986 3039 2031 3071 et

1187 3107 1290 3134 mox
1306 3124 1318 3145 ‚
1341 3093 1507 3144 Jupiter
1522 3093 1595 3132 ille
1619 3106 1731 3132 unus
1755 3090 1916 3148 Regius
1938 3107 1948 3134 :
1975 3091 2030 3134 de

1190 3174 1278 3214 quo
1297 3156 1543 3199 Broukhus.
1563 3155 1615 3198 ad
1635 3156 1779 3199 Tibul.
1794 3157 1833 3208 1,
1858 3170 1930 3211 IV,
1957 3175 2029 3217 19,

1190 3220 1276 3264 vid.
1296 3229 1339 3263 et
1359 3219 1413 3263 ad
1431 3220 1565 3276 Epist.
1583 3232 1677 3274 xxv,
1698 3224 1775 3279 953
1801 3228 1845 3263 et
1862 3220 1906 3263 11
1929 3221 2033 3263 Me-

1192 3286 1408 3343 tamorph.
1428 3288 1521 3346 849.

1247 3354 1340 3396 656.
1359 3355 1454 3408 Ipse
1472 3357 1547 3404 vir,
1562 3360 1734 3407 accepto
1748 3369 1920 3403 munere,
1936 3369 2036 3396 nw—

1194 3426 1262 3464 tus
1280 3423 1368 3466 cru.
1401 3420 1523 3462 mre&
1541 3424 1621 3463 erit
1634 3420 1759 3464 multi
1780 3419 1884 3464 editi
1903 3429 1946 3465 et
1967 3436 2037 3464 sex
