2268 3776
598 286 990 342 AMORUM
1038 286 1128 341 11.
1189 286 1438 342 ELEG.
1495 288 1572 342 X.

1877 309 1969 343 111

278 407 419 466 Ecce
447 403 581 464 duas
606 427 720 463 uno
749 417 996 485 tempore
1022 401 1202 484 turpis
1225 424 1366 462 am0.

200 503 446 583 Utraque
476 498 718 559 formosa
745 512 859 570 est;
888 520 1133 580 operosae
1159 496 1404 559 cultibus
1431 468 1640 559 ambae:

1956 520 1978 558 ὐἾ

278 595 512 658 Artibus
530 641 545 668 ,
574 594 633 654 in
664 593 838 654 dubio
866 608 973 667 est,
1006 594 1121 656 haec
1149 595 1249 668 sit,
1282 620 1353 656 an
1382 594 1503 668 illa,
1534 596 1703 679 prior.

199 691 494 754 Pulchrior
518 691 620 752 hac
651 690 746 751 illa
772 706 881 764 est;
907 691 1022 753 haec
1048 708 1132 754 est
1159 715 1381 777 quoque
1405 691 1691 777 pulchrior
1715 691 1842 755 illa:

279 791 354 851 Et
380 789 554 868 magis
577 789 693 850 haec
715 789 911 862 nobiS,
943 804 999 850 et
1027 789 1201 869 magis
1230 788 1323 850 illa
1350 788 1548 872 placet.

200 890 424 960 Errant,
455 901 520 947 ut
548 886 725 948 ventis
753 885 1107 948 discordibus
1134 901 1253 948 acta
1282 885 1509 959 sase105‚

280 983 694 1068 Dividuumque
723 998 915 1045 tenent
937 983 1078 1044 alter
1107 998 1164 1045 et
1188 982 1327 1045 alter
1359 1006 1532 1044 amor.
1940 1012 1988 1041 w

201 1080 356 1162 Quid
385 1080 654 1160 geminas,
682 1081 945 1164 Erycina,
978 1102 1132 1141 meos
1159 1079 1276 1142 sine
1305 1078 1413 1140 fine
1441 1076 1705 1139 dolores?

279 1179 480 1238 Nonne
511 1191 625 1238 erat
651 1177 709 1236 in
737 1200 894 1238 curas
924 1200 1034 1237 una
1063 1175 1251 1260 puella
1285 1176 1463 1238 satis?

202 1273 359 1354 Quid
384 1271 518 1334 folia
545 1273 871 1346 arboribuS‚
903 1272 1040 1358 quid
1069 1272 1239 1356 pleno
1267 1271 1445 1333 sidera
1471 1270 1636 1346 caelo,

283 1373 351 1432 In
376 1371 515 1433 freta
541 1370 797 1433 collectas
828 1370 938 1432 alta
967 1371 1103 1455 quid
1131 1370 1291 1431 addis
1318 1371 1533 1453 aquas?

206 1467 317 1529 Sed
346 1481 527 1530 tamen
557 1467 665 1528 hoc
691 1466 911 1540 melius,
943 1490 1109 1550 quam
1139 1466 1186 1527 si
1211 1466 1330 1526 sine
1359 1488 1543 1526 amore
1566 1465 1799 1547 jacerem
1828 1489 1842 1525 ε
1933 1482 1983 1525 15

288 1563 567 1631 Hostibus
597 1564 810 1625 eveniat
836 1563 948 1623 vita
977 1585 1160 1624 severa
1188 1562 1325 1625 meis
1348 1564 1359 1622 !

212 1737 260 1772 tu
273 1726 548 1786 persuasisses
557 1726 661 1770 duas
673 1725 800 1771 simul
815 1727 949 1769 amari
962 1739 1054 1769 non

135 1801 137 1803 ’
211 1809 356 1852 posse,
383 1792 687 1850 inopinantem
707 1791 862 1834 invasit
881 1791 1055 1835 alterius

211 1874 337 1902 amor
368 1857 545 1915 puellae,
582 1857 656 1914 qui
692 1855 901 1902 Corinnae
930 1857 1020 1915 jam
1040 1890 1053 1914 ,

209 1923 278 1967 vel
301 1923 535 1983 Cypasseos
554 1954 565 1977 ,
608 1921 846 1966 detinebar.

264 1989 304 2031 5.
337 1989 530 2043 Opemsoe
550 1990 733 2031 cultibus
757 1989 901 2030 amboe.
933 1987 1056 2042 Ope-

209 2056 343 2105 msis,
377 2052 567 2110 Regius.
557 2067 567 2079 ·
587 2068 767 2109 operosa·
782 2057 828 2096 in
847 2054 1054 2104 cultibus,

210 2118 346 2163 Scriv.
364 2141 420 2150 —
439 2117 692 2163 Puellarum
710 2117 813 2161 hinc
831 2118 1057 2162 conditio-

209 2199 316 2227 nem
329 2182 430 2227 licet
444 2183 686 2242 conjicere;
705 2199 844 2241 quum
865 2185 986 2228 enim
1004 2183 1059 2227 de

216 2248 421 2308 Cypassi
409 2264 523 2306 jam,
545 2248 665 2306 Eleg.
682 2263 778 2304 vn,
801 2250 852 2292 23
858 2249 1059 2304 ,dixerit,

214 2313 333 2370 quod
357 2316 556 2357 ornandis
585 2330 760 2371 operosa
779 2319 849 2357 est
871 2317 949 2357 zlla
976 2331 1061 2358 ca-

207 2381 354 2435 pillis,
383 2378 535 2422 dubito
555 2380 700 2423 nullus
729 2379 835 2435 quin
864 2379 935 2423 hic
957 2395 1062 2436 quo-

218 2459 301 2500 que
333 2453 484 2501 agatur
514 2443 568 2487 de
606 2444 728 2488 istius
759 2443 883 2487 modi
917 2445 1063 2488 ancil-

216 2507 292 2560 lis;
315 2517 360 2552 et
387 2507 661 2553 dubitantem
694 2509 919 2565 firmaret,
946 2508 1064 2566 quod

218 2574 439 2630 sequitur,
469 2577 630 2618 artibus
653 2578 698 2617 in
727 2576 854 2619 dubio
885 2580 955 2618 est
984 2583 1065 2618 etc.

222 2638 339 2696 quod
357 2637 411 2682 ad
431 2638 531 2682 alias
549 2639 702 2682 referri
723 2640 791 2683 vix
814 2640 961 2697 possit.¹
977 2640 1067 2684 Ex-

220 2719 368 2748 cusare
388 2720 433 2748 se
455 2704 570 2762 apud
590 2705 780 2748 amicum
802 2705 1066 2749 crediderim

222 2768 340 2824 quod
366 2774 498 2826 turpis
522 2779 640 2814 amet
660 2770 831 2814 ancillas
852 2804 864 2826 ,
895 2779 937 2814 et
957 2774 1068 2813 duas

224 2832 401 2889 quidem
412 2867 424 2890 ,
441 2835 492 2878 ab
505 2850 558 2879 eo
572 2835 681 2892 ipsas
694 2836 1065 2892 commendando,

225 2898 344 2955 quod
352 2899 398 2943 in
413 2900 493 2944 illis
506 2901 631 2945 unice
644 2902 1066 2960 commendandum,

226 2963 384 3008 scilicet
401 2965 452 3008 ab
471 2972 578 3019 oms
597 2967 738 3011 laude.

284 3050 321 3092 7.
347 3033 569 3076 Pulchrior
579 3035 660 3077 hac
674 3037 754 3078 illa
770 3040 839 3078 est
855 3044 935 3080 etc.
954 3036 1071 3080 Utra

227 3095 281 3139 sit
293 3098 523 3151 pulchrior,
545 3097 605 3141 ita
624 3098 669 3140 in
688 3099 890 3156 ambiguo
910 3109 974 3144 est
986 3133 998 3155 ,
1020 3109 1071 3144 ut

228 3160 364 3204 modo
399 3177 514 3215 una,
554 3162 686 3206 altera
717 3164 851 3207 modo
881 3165 1072 3222 palmam

228 3227 352 3270 serat.
371 3249 427 3258 —
448 3226 560 3282 Quis
581 3243 687 3277 vero
703 3227 850 3272 credat
867 3261 878 3284 ,
899 3230 982 3273 nisi
1001 3239 1073 3272 to-

229 3290 367 3334 tidem
394 3291 527 3335 literis
549 3291 808 3348 impressum
836 3293 1069 3352 legeretur,

231 3356 303 3412 qui
326 3357 522 3413 sequitur
537 3391 549 3413 ‚
571 3374 746 3401 versum
761 3391 773 3413 ‚

231 3427 273 3457 Et
286 3428 388 3467 magis
402 3428 468 3459 haec
481 3428 574 3459 nobis
591 3452 600 3467 ,
627 3437 658 3461 et
675 3430 776 3470 magis
796 3429 852 3460 iun
866 3430 968 3472 placet
982 3442 993 3471 ς

1132 1724 1423 1783 interpretem
1450 1732 1630 1768 nactum
1652 1741 1742 1769 esse
1757 1758 1770 1780 ‚
1789 1723 1868 1783 *qui
1890 1741 1990 1770 ver-

1134 1798 1275 1844 teret,
1298 1806 1405 1845 agre
1435 1792 1545 1833 mihi
1564 1793 1697 1834 ambe
1720 1792 1922 1846 placent!
1945 1791 1991 1836 O

1135 1871 1267 1913 quam
1290 1856 1408 1899 iratis
1425 1856 1565 1900 Musis
1579 1865 1623 1901 et
1642 1862 1779 1912 e’ervtta
1797 1858 1993 1901 Minerva

1134 1929 1290 1965 natum
1312 1920 1430 1964 hunc
1451 1938 1541 1965 esse
1564 1921 1744 1977 dixeris,
1767 1939 1901 1980 quem
1920 1925 1993 1967 su-

1135 1986 1246 2044 gerit
1266 1985 1478 2043 quidquid
1494 1987 1624 2031 lateat
1640 1987 1710 2031 hic
1726 1989 1962 2032 venustatis
1980 2022 1992 2043 ,

1134 2068 1213 2097 seu
1225 2051 1277 2095 ad
1293 2051 1578 2105 sententiam,
1596 2068 1673 2095 seu
1689 2052 1743 2095 ad
1757 2053 1846 2110 ipsa
1861 2054 1994 2097 verba

1136 2117 1400 2175 respexeris!
1445 2117 1519 2173 qui
1552 2132 1642 2160 non
1672 2119 1856 2161 senserit
1883 2134 1995 2162 sua-

1138 2183 1233 2226 vius
1245 2181 1427 2239 exprimi
1441 2198 1533 2224 non
1548 2198 1670 2239 posse
1682 2192 1844 2226 statum
1858 2184 1995 2227 animi

1141 2250 1214 2305 qui
1228 2248 1421 2297 delectus
1440 2248 1594 2291 incerti
1608 2248 1894 2294 fluctuatione
1909 2250 1995 2294 huc

1142 2311 1186 2357 et
1207 2313 1307 2356 illuc
1329 2312 1631 2356 indesinenter
1656 2315 1939 2372 propellitur!

1196 2395 1234 2438 9.
1265 2381 1416 2428 Errat,
1449 2383 1498 2420 ut
1513 2395 1543 2420 a
1562 2382 1714 2421 ventis.
1748 2379 1801 2421 In
1825 2379 1997 2423 veteri-

1141 2443 1223 2486 bus
1237 2476 1248 2497 ,
1272 2446 1451 2495 Errant,
1475 2449 1526 2486 ut
1536 2447 1687 2486 ventis.
1705 2443 1843 2500 quue
1858 2445 1997 2502 magis

1143 2508 1379 2565 poeticum,
1394 2517 1438 2551 et
1454 2507 1505 2551 ad
1521 2508 1786 2565 exemplum,
1804 2525 1892 2566 quo
1908 2510 1998 2553 uti-

1144 2583 1218 2618 tur
1246 2582 1398 2630 poeta‚
1431 2573 1584 2631 aptius.
1612 2572 1745 2618 Cior.
1765 2598 1821 2606 —
1848 2577 1999 2619 Ventis

1145 2641 1408 2682 discordibus
1435 2644 1538 2682 acta
1556 2639 1743 2695 faselos.
1782 2639 1879 2683 Cur
1906 2657 1999 2684 non

1147 2703 1369 2759 phaselos,
1389 2720 1527 2762 graeco
1545 2720 1669 2747 more
1682 2738 1695 2759 ‚
1718 2721 1857 2761 quum
1873 2722 1897 2749 a
1919 2708 2003 2750 Φά-

1148 2770 1291 2823 σηλοςῖ
1323 2770 1531 2815 Navicula
1553 2779 1647 2814 erat
1668 2771 1841 2828 longior
1867 2780 1912 2816 et
1932 2772 2001 2816 si-

1147 2836 1240 2879 mul
1261 2838 1486 2895 angustior
1501 2870 1513 2891 ,
1546 2837 1658 2879 mira
1680 2837 1896 2894 imprimis
1915 2855 2002 2882 ve-

1146 2903 1318 2947 locitate
1340 2912 1459 2947 nota.
1495 2903 1625 2946 Dicta
1654 2903 1715 2946 sic
1745 2907 1945 2956 Fasclos,
1978 2921 2003 2948 a

1148 2969 1377 3014 Phaselide
1405 3003 1417 3025 ,
1453 2969 1710 3026 Pamphiliae
1745 2971 1853 3015 urbe
1876 3004 1888 3025 ,
1926 2971 2003 3014 uhi

1148 3035 1344 3092 primum
1362 3035 1592 3077 inventum
1605 3034 1687 3078 hoc
1696 3036 1853 3093 navigii
1866 3053 2004 3094 genus

1151 3099 1352 3143 traditur.
1374 3100 1463 3143 Pro
1484 3099 1674 3156 qualibet
1693 3117 1804 3144 nave
1829 3101 1901 3145 hic
1918 3118 2002 3145 su-

1151 3165 1300 3208 mitur.
1311 3164 1542 3208 Vid.Voss.
1555 3163 1609 3207 ad
1626 3164 1783 3209 Catull.
1795 3182 1929 3210 earm.
1942 3179 2004 3209 lv.

1213 3245 1275 3272 10.
1304 3231 1611 3286 Dividuumque
1651 3235 1806 3274 tenent.
1851 3233 2005 3274 Dimi-

1152 3298 1342 3352 diumque
1358 3295 1491 3339 editio
1511 3297 1651 3353 prima
1678 3306 1723 3340 et
1741 3314 1814 3340 sex
1830 3298 1977 3355 scripti
1994 3313 2004 3340 t

1154 3362 1279 3405 male.
1297 3364 1506 3406 Dividunt
1526 3364 1684 3420 quippe
1702 3397 1714 3418 ,
1746 3379 1840 3408 non
1870 3366 2006 3407 dimi-

1156 3431 1279 3471 diant
1290 3462 1300 3480 ,
1332 3443 1427 3485 quae
1446 3438 1647 3473 mentem
1666 3434 1814 3473 tenent.
