2268 3776
578 289 838 345 Aarls
890 287 1358 342 AMAToRIAE
1403 290 1560 345 Lm.
1594 291 1640 343 1.
1891 312 1998 367 279

321 403 643 488 Quassanda
671 417 754 463 est
782 403 887 463 ista
917 401 1095 463 Pelias
1125 401 1281 463 hasta
1303 389 1491 463 inanu.

239 504 401 563 Forte
430 515 543 562 erat
570 500 627 559 in
659 497 895 559 thalamo
931 499 1087 578 virgo
1117 497 1315 577 regalis
1347 499 1538 559 eodem
1566 524 1577 558 :

320 598 446 657 Haec
472 594 627 655 illum
654 609 849 678 stupro
880 595 1153 678 comperit
1176 616 1292 655 esse
1322 595 1517 654 virum.

240 693 466 754 Viribus
495 690 586 751 illa
616 691 838 773 quidem
860 691 1009 752 .victa
1037 705 1146 762 est,
1180 691 1257 751 ita
1285 690 1500 751 credere
1531 706 1787 775 oportet:

318 787 428 849 Sed
455 786 633 848 voluit
658 787 803 849 vinci
830 788 1043 849 viribus
1068 786 1163 849 illa
1194 802 1391 848 tamen.
1920 821 2000 864 700

239 884 420 967 Saepe,
450 885 643 957 Mane,
676 883 841 958 dixit,
876 909 1047 967 quum
1072 885 1183 966 jam
1212 899 1535 967 properaret
1562 883 1841 945 Achilles:

314 980 503 1041 Fortia
530 1005 656 1040 nam
688 980 873 1064 posita
901 995 1170 1042 sumserat
1193 1004 1339 1041 arma
1366 979 1509 1041 colo.

237 1076 336 1137 Vis
365 1077 466 1138 ubi
494 1100 641 1137 nunc
666 1076 761 1138 illa
789 1078 917 1138 est?
946 1076 1078 1159 quid
1108 1075 1312 1137 blanda
1339 1101 1472 1139 voce
1501 1078 1733 1139 moraris

314 1172 613 1234 Auctorem
636 1173 842 1256 stupri,
872 1172 1158 1233 Deidamia
1177 1221 1192 1247 ,
1225 1174 1348 1235 tui?

240 1262 490 1345 Scilicet,
518 1284 582 1331 ut
605 1268 788 1353 pudor
815 1283 899 1330 est
926 1269 1207 1353 quondam
1236 1270 1464 1354 coepisse
1490 1271 1732 1354 priorem
1749 1318 1763 1342 ,
1931 1287 2012 1344 705

319 1365 410 1427 Sic
440 1364 549 1426 alio
587 1381 803 1445 gratum
827 1382 911 1427 est
939 1367 1235 1450 incipiente
1262 1367 1395 1451 pati.

244 1460 366 1522 Ah!
397 1462 567 1523 nimia
601 1477 684 1523 est
708 1463 895 1544 juveni
923 1464 1164 1547 propriae
1191 1463 1390 1525 fiducia
1414 1463 1628 1534 sormae,

321 1559 618 1640 Exspectat
649 1557 696 1618 si
724 1558 881 1641 quis,
913 1558 1044 1619 dum
1074 1559 1232 1642 prior
1258 1557 1352 1619 illa
1380 1561 1566 1637 roget!

242 1652 344 1712 Vir
372 1653 529 1736 prior
556 1654 804 1727 accedat;
829 1656 912 1715 vir
938 1655 1106 1716 verba
1133 1655 1411 1738 precantia
1435 1655 1607 1715 dicat:

323 1750 578 1834 Excipiet
605 1750 837 1812 blandas
867 1752 1096 1812 comiter
1123 1751 1215 1812 illa
1245 1774 1450 1835 preces.
1935 1782 2016 1823 710

244 1850 322 1909 Ut
349 1838 594 1932 pot-iare,
625 1872 796 1928 roga:
825 1863 1035 1910 tantum
1065 1849 1219 1932 cupit
1245 1847 1337 1908 illa
1367 1845 1567 1927 rogari.

321 1945 408 2004 Da
439 1969 656 2006 causam
686 1946 802 2006 voti
832 1945 1277 2029 principiumque
1309 1946 1406 2006 tui.

236 2041 458 2124 Jupiter
485 2041 553 2103 ad
583 2057 791 2103 veteres
822 2042 1059 2127 supplex
1089 2041 1359 2104 Heroidas
1389 2042 1538 2103 ibat:

323 2137 612 2220 Corripuit
636 2162 896 2217 magnum
924 2137 1079 2199 nulla
1107 2138 1292 2222 puella
1318 2141 1530 2199 Jovem.

243 2235 302 2294 Si
326 2250 508 2298 tamen
535 2260 566 2296 a
590 2236 852 2319 precibus
885 2236 1130 2296 tumidos
1160 2235 1411 2296 accedere
1441 2235 1614 2295 fastus
1939 2253 2018 2307 7113

324 2331 602 2405 SenseriS,
628 2333 851 2415 incepto
879 2356 1067 2415 parce,
1102 2332 1352 2415 referque
1377 2331 1588 2414 pedem.

243 2427 417 2506 Quod
442 2427 676 2506 refugit,
706 2426 892 2487 multae
921 2428 1188 2511 cupiunt:
1218 2427 1411 2499 odere,
1446 2425 1597 2510 quod
1625 2425 1829 2484 instat:

325 2523 530 2584 Lenius
558 2523 818 2584 instando
849 2524 1009 2585 taedia
1035 2523 1168 2585 tolle
1192 2525 1290 2584 tui.

247 2619 362 2679 Nec
393 2643 609 2703 semper
635 2621 868 2681 Veneris
899 2644 1024 2704 spes
1052 2636 1138 2681 est
1164 2618 1470 2704 profitenda
1492 2615 1711 2695 roganti
1737 2640 1749 2675 :

326 2717 504 2778 Intret
525 2717 776 2777 amicitiae
802 2718 1027 2779 nomine
1058 2732 1235 2778 tectus
1262 2739 1429 2777 amor.
1582 2707 1588 2712 ’
1937 2743 2016 2784 720

247 2811 371 2871 Hoc
402 2811 554 2872 aditu
582 2812 928 2894 vidi-tetricae
958 2813 1084 2874 data
1111 2812 1278 2874 verba
1303 2809 1537 2895 puellae:

311 2964 405 3024 696,
445 2967 696 3020 Quassanda
727 2975 794 3011 es!
822 2974 908 3013 isla
945 2971 1091 3013 Pelias
1231 2983 1322 3025 710.
1335 2970 1516 3011 Coml'lcr
1525 2966 1614 3007 illa.
1624 2962 1864 3019 perperam
1876 2962 2017 3016 mulii,

250 3029 376 3071 hasta
394 3045 528 3073 manu.
547 3030 647 3074 Vid.
662 3031 715 3075 ad
737 3033 871 3090 Epist.
893 3047 949 3076 111
964 3066 976 3088 ,
1002 3034 1092 3077 126.
1173 3036 1362 3077 molliter.
1380 3029 1494 3073 Vide
1515 3028 1675 3070 librum
1697 3041 1733 3070 11
1750 3060 1763 3082 ,
1785 3027 1898 3070 Fast.
1923 3028 2021 3083 788:

306 3092 400 3151 698.
417 3095 519 3136 Haec
530 3097 647 3137 illum
663 3102 804 3151 stupro
816 3105 897 3140 etc.
916 3098 1095 3153 Peperit
1179 3100 1358 3141 Comiter
1377 3097 1585 3148 excipitur
1600 3109 1613 3134 :
1634 3096 1835 3148 sanguine
1841 3094 2022 3149 junctus

255 3157 411 3214 quippe
444 3159 666 3217 Pyrrhum
686 3193 698 3211 ‚
733 3169 925 3216 paternae
959 3161 1095 3205 laudis
1174 3168 1266 3205 erat
1284 3177 1296 3204 :
1317 3169 1361 3203 et
1384 3160 1443 3203 sic
1464 3173 1575 3214 saepe
1597 3156 1756 3201 Livius.

255 3222 462 3265 aemulum
481 3238 573 3266 non
591 3223 866 3281 degenerem.
1233 3230 1323 3286 714.
1343 3229 1560 3280 Corripuit.
1581 3225 1761 3268 Frustra
1773 3257 1784 3279 ,
1806 3228 2021 3280 increpuit,

323 3290 416 3344 705.
459 3290 667 3342 Quiddam
702 3293 872 3344 coepisse
902 3293 1095 3346 priorem.
1178 3300 1222 3337 et
1242 3295 1424 3347 corrupi!
1441 3289 1511 3333 hic
1530 3289 1707 3346 qnidam
1728 3288 1908 3333 codices.

253 3351 462 3397 'Meliores
487 3353 584 3397 libri
601 3386 612 3408 ,
635 3357 811 3410 quadam
827 3389 837 3406 ,
860 3355 928 3398 vel
956 3372 1097 3412 quan—
1235 3374 1254 3412 7
1265 3358 1326 3398 15.
1347 3357 1546 3398 Tumidos
1559 3357 1756 3398 accedere
1756 3353 1918 3408 fastus.
1933 3354 2027 3394 Ha-

263 3419 372 3461 dam.
394 3417 542 3463 Scribe
559 3451 571 3476 ‚
595 3421 796 3477 quondam
816 3435 914 3463 cum
937 3436 976 3476 p.
999 3419 1100 3466 edit.
1179 3427 1248 3466 tus
1262 3455 1274 3475 ,
1294 3419 1581 3467 oxoniensis:
1599 3428 1792 3465 venuste.
1814 3418 2028 3464 Ceterum
