2268 3776
290 288 1678 314 mmmmmmwvmmmm
1993 289 2071 308 m

596 445 1220 532 VOLUMINIS
1276 445 1746 517 SECUNDI

745 647 1037 704 INDEX
1092 644 1606 701 SPECIALIS.

290 1091 509 1180 Postu
537 1132 725 1182 Ovmu
759 1132 989 1182 Nasoms
1017 1131 1266 1183 Amorum
1294 1131 1401 1183 libri
1430 1144 1525 1183 tres
1535 1166 1887 1181 ...........
1964 1076 2070 1182 Pagl.

286 1221 589 1292 Epigramma
613 1223 668 1272 P.
696 1222 860 1275 Ovidii
883 1223 1090 1273 Nasonis
1115 1225 1165 1273 in
1191 1242 1305 1274 suos
1324 1224 1528 1274 Amores
1541 1256 1889 1272 ...........
2038 1221 2071 1272 3

872 1393 1116 1443 LIBER
1158 1394 1483 1445 PRIMUS.

285 1539 490 1590 ELEGIA
515 1542 556 1590 I.
594 1540 699 1591 Cur
726 1542 875 1593 Poeta
898 1541 955 1592 ab
976 1542 1182 1594 heroicis
1209 1544 1268 1594 ad
1293 1544 1471 1595 erotica
1500 1545 1738 1594 transierit
1748 1578 1893 1592 .....
2043 1563 2071 1593 2

352 1671 422 1682 —
490 1646 559 1694 11.
597 1645 893 1715 Triumphus
923 1646 1119 1699 Amoris
1144 1646 1428 1699 describitur
1438 1682 1890 1698 ..............
2039 1644 2072 1695 6

352 1777 420 1786 -
488 1750 586 1798 111.
624 1747 773 1818 Apud
793 1751 985 1801 amicam
1004 1770 1055 1802 se
1073 1752 1374 1802 commendat
1389 1769 1415 1801 a
1433 1750 1652 1801 laudibus
1670 1768 1874 1819 poeseos
1887 1787 1903 1813 ,

554 1840 772 1892 moribus
799 1842 998 1912 integris
1014 1879 1030 1906 ,
1066 1852 1114 1894 et
1140 1861 1288 1911 pura,
1312 1860 1454 1909 quam
1483 1841 1747 1909 promittit,
1772 1841 1898 1891 fide..
2011 1858 2071 1889 ιο

353 1974 421 1983 -
489 1947 574 1996 IV.
615 1946 742 1997 Cum
768 1948 913 1998 amica
929 1958 1233 2012 coenaturus,
1251 1958 1418 1999 monet
1440 1965 1533 2014 qua
1557 1957 1663 2016 arte·
1674 1948 1749 2000 vel
1772 1965 1903 2015 prae-

551 2046 736 2086 sentem
763 2037 919 2088 virum
949 2038 1138 2088 conscia
1172 2036 1348 2086 amoris
1370 2036 1528 2086 mutui
1562 2036 1693 2106 signa
1717 2036 1904 2103 possint

544 2125 701 2176 fallere
712 2157 1886 2176 ...................................
2008 2124 2068 2173 13

349 2254 417 2264 —
483 2227 546 2276 V.
583 2228 823 2293 Laetatur,
839 2229 985 2279 amica
1002 2230 1185 2297 potitus
1195 2263 1890 2279 .....................
2011 2228 2072 2278 ι8

351 2361 418 2371 —
486 2334 575 2383 VI.
611 2333 745 2383 Dirae
768 2334 819 2383 in
845 2335 1111 2385 Janitorem
1130 2372 1145 2399 ,
1176 2335 1261 2402 qui
1303 2333 1431 2385 fores
1466 2334 1623 2384 oranti
1658 2333 1900 2401 adaperire

552 2422 796 2472 recusabat
799 2455 1891 2472 .................................
2007 2440 2067 2471 21

349 2552 416 2562 -—
482 2526 598 2575 VII.
635 2527 696 2574 In
721 2545 772 2576 se
797 2528 955 2594 ipsum
972 2564 987 2590 ‚
1006 2529 1142 2594 quod
1168 2528 1361 2578 amicam
1385 2546 1529 2577 manu
1558 2527 1733 2578 laeserit
1742 2559 1891 2574 .....
2008 2524 2074 2575 28

348 2656 416 2666 —
482 2629 625 2678 VIII.
661 2631 839 2680 Lenam
869 2642 1167 2695 exsecratur,
1195 2650 1303 2698 quae
1327 2633 1522 2681 amicam
1545 2630 1726 2682 artibus
1754 2650 1901 2682 mere·

547 2719 694 2770 triciis
708 2720 978 2795 ¹conabatur
1002 2722 1240 2772 instruere
1259 2755 1886 2770 ...................
2002 2720 2069 2783 34

344 2845 414 2860 -—
482 2822 573 2871 lx.
610 2823 866 2872 Militarem
898 2823 1069 2874 Artem
1098 2823 1362 2876 Amatoriae
1395 2825 1728 2877 venustissime
1755 2843 1898 2875 com-

546 2924 676 2979 parat
679 2947 1168 2964 ...............
1193 2960 1199 2963 ,
1224 2948 1885 2964 ...................
2000 2915 2067 2977 44

343 3041 412 3053 -
481 3015 548 3065 X.
583 3015 663 3064 Ad
689 3017 918 3083 puellam,
940 3036 1002 3068 ne
1033 3029 1219 3086 prostet
1243 3019 1420 3070 venalis
1431 3051 1887 3068 ..............
2000 3019 2067 3081 48

346 3146 415 3156 —
480 3119 571 3168 XI.
608 3118 656 3169 A
673 3121 832 3188 Nape,
843 3132 898 3171 ut
909 3122 1099 3174 tabellas
1114 3123 1172 3173 ad
1185 3123 1447 3174 Corinnam
1459 3125 1685 3192 perferat,
1703 3127 1880 3194 poscit.
1999 3127 2063 3178 53

347 3248 415 3261 -—
483 3223 600 3271 XII.
639 3223 699 3272 In
713 3222 931 3274 tabellas
916 3237 1228 3293 1mprecatur,
1241 3246 1350 3294 quae
1368 3228 1661 3324 efflagitatam
1676 3228 1733 3278 ab
1748 3231 1896 3281 amica

545 3322 737 3362 noctem
763 3323 989 3381 negantes
1013 3315 1249 3365 redierant
1253 3350 1879 3366 ...................
1998 3317 2065 3368 56

350 3442 416 3450 -
485 3415 630 3464 XIII.
667 3414 747 3464 Ad
776 3414 1048 3482 Auroram,
1070 3436 1131 3469 ne
1153 3419 1353 3468 nimium
1378 3430 1607 3486 properet
1610 3454 1887 3469 .........
2003 3420 2069 3490 59
