2268 3776
305 334 406 371 120

750 318 815 371 P.
873 317 1172 374 OVIDII
1217 316 1596 375 NASONIS

378 434 597 505 Cincta,
632 433 727 493 sed
758 448 840 493 est
871 434 1040 495 ductu
1068 451 1224 518 capta
1255 435 1442 518 puella
1463 460 1604 497 meo.

295 538 558 615 Pergama
591 563 761 620 quum
792 538 1072 611 caderent,
1104 538 1255 599 bello
1281 555 1535 622 superata
1562 539 1788 601 bilustri
1809 559 1828 614 ‚'

373 642 460 699 Ex
491 654 601 709 tot,
635 639 693 698 in
723 640 920 700 Atrida
950 664 1078 723 pars
1104 655 1275 722 quota
1298 635 1659 702 laudiserat?
2027 674 2074 704 10

292 742 369 802 At
396 765 515 801 mea
542 743 786 824 seposita
814 758 920 816 est,
954 758 1009 804 et
1038 744 1107 802 ab
1135 743 1286 802 omni
1314 743 1488 804 milite
1512 744 1722 805 dissors

380 843 597 917 Gloria3
629 869 729 905 nec
759 845 985 906 titulum
1014 846 1258 906 muneris
1286 844 1421 906 alter
1449 846 1633 907 habet.

291 947 386 1006 Me
418 946 581 1018 duce,
613 946 679 1006 ad
709 948 851 1008 hanc
880 949 995 1008 voti
1024 947 1216 1021 finem,
1246 973 1332 1008 me
1358 947 1559 1020 milite,
1591 947 1751 1009 veni:

374 1050 501 1132 Ipse
533 1073 729 1132 equeS,
761 1050 881 1133 ipse
911 1050 1103 1134 pedeS‚
1136 1049 1365 1128 signifer
1389 1050 1509 1134 ipse
1530 1049 1649 1124 fui3

289 1152 404 1211 Nec
435 1176 620 1212 casum
653 1151 877 1213 fortuna
906 1153 1042 1214 meis
1073 1152 1373 1212 immiscuit
1402 1153 1553 1213 actis.
2026 1169 2076 1213 15

371 1254 498 1315 Huc
523 1255 676 1327 adeS‚
708 1280 741 1315 o
773 1280 902 1317 cura
928 1271 1083 1340 parte
1105 1256 1411 1340 Triumphe
1438 1257 1584 1316 mea!

289 1359 405 1419 Nec
436 1358 572 1420 belli
602 1385 745 1420 nova
777 1385 938 1421 causa
965 1361 1074 1421 mei
1101 1386 1112 1420 :
1138 1361 1247 1421 nisi
1274 1376 1432 1444 rapta
1457 1360 1655 1421 fuisset

369 1461 667 1544 Tyndaris,
700 1465 940 1546 Europae
970 1487 1078 1547 pax
1106 1463 1363 1547 Asiaeque
1395 1463 1557 1524 foret.

289 1565 514 1626 Femina
541 1565 815 1628 silvestres
843 1567 1137 1652 LapithaS,
1170 1568 1555 1652 populumque
1583 1565 1876 1627 biformem

346 1769 410 1796 10.
440 1756 512 1796 Ex
529 1760 613 1806 lot,
646 1755 693 1798 in
713 1756 874 1799 Atrida
904 1765 984 1801 etc.
1019 1757 1139 1799 Male

289 1819 427 1875 quiin
450 1821 640 1871 Atrides,
681 1821 750 1863 vel
781 1837 883 1863 cum
910 1821 978 1864 ed.
1009 1822 1137 1879 prim.

287 1890 333 1927 in
355 1885 547 1928 Atridas.
581 1885 740 1942 Agitur
770 1887 891 1929 enim
925 1886 979 1930 de
1011 1887 1139 1944 Aga-

289 1967 558 2005 memnone,
590 1952 658 1994 cui
687 1953 914 2005 communi
949 1953 1139 1996 Graeco-

287 2022 390 2059 rum
428 2032 644 2060 consensu
682 2033 835 2059 rerum
874 2033 1048 2092 summa
1085 2017 1139 2061 ad

291 2082 475 2138 Troiam
498 2081 655 2124 tradita
680 2090 756 2125 est.
925 2125 930 2130 ,

347 2164 408 2188 ιι.
428 2147 496 2189 At
512 2162 604 2188 mea
616 2150 877 2201 sepositaest
887 2156 1006 2195 eto«
1021 2147 1139 2191 Nam

285 2210 458 2254 bellicas
478 2210 625 2254 laudes
646 2211 789 2254 solent
810 2208 990 2268 quidam
1008 2221 1139 2255 exte-

288 2292 426 2319 nuare
438 2276 602 2331 verbis,
625 2292 782 2332 easque
804 2275 1034 2319 detrahere
1055 2276 1140 2319 du-

287 2343 435 2395 cibus,
459 2341 785 2384 communicare
820 2358 923 2385 cum
955 2327 1103 2386 multis
1125 2376 1138 2397 ,

288 2422 345 2448 ne
366 2407 552 2462 propriae
563 2407 650 2450 sint
666 2407 996 2466 imperatorum.
1010 2431 1065 2439 —
1080 2406 1141 2450 At

288 2487 394 2513 vero
416 2470 546 2525 hujus
566 2471 710 2527 gloriae
724 2506 735 2526 ,
759 2470 922 2526 Caesar,
941 2489 1075 2528 quarn
1095 2489 1140 2516 es

289 2535 418 2592 paulo
440 2543 539 2577 ante
563 2535 743 2591 adeptus
760 2569 771 2590 ,
805 2537 973 2580 socium
1007 2537 1140 2581 habes

288 2601 531 2646 neminem.
555 2620 575 2638 »
611 2600 702 2644 Cic.
724 2618 804 2658 pro
835 2604 1031 2647 Marcell.
1072 2619 1109 2647 11
1126 2638 1139 2659 ,

290 2669 389 2726 6-7.
411 2691 465 2700 ··-
491 2669 554 2709 Et
582 2670 637 2708 ab
668 2671 787 2709 omni
811 2672 942 2710 milite
967 2671 1140 2712 dissors.

289 2735 405 2778 Vide
427 2734 481 2777 de
503 2749 552 2778 ea
578 2748 684 2776 voce
707 2748 803 2788 quae
822 2741 1027 2776 notamus
1044 2766 1056 2788 ,
1086 2733 1140 2776 ad

289 2801 533 2859 Epistolam
561 2799 713 2842 Sabini
740 2800 929 2856 primam
945 2832 956 2853 ,
988 2801 1053 2842 35.
1078 2801 1138 2843 H.

347 2867 408 2909 13.
439 2867 517 2909 Ad
540 2867 651 2907 banc
677 2868 770 2907 voti
780 2867 928 2921 finem.
959 2864 1141 2920 Legitur

289 2932 422 2975 etiam
439 2964 450 2985 ,
478 2931 558 2973 Ad
571 2932 681 2972 hunc
704 2946 717 2972 .·
742 2938 860 2972 recte
885 2938 1138 2985 utrumque.

288 2996 488 3039 Dicimus
511 2995 630 3038 enim
651 3028 661 3048 ,
685 2996 755 3036 hic
773 2999 817 3036 et
834 2996 1046 3050 baecfintls.
1068 2992 1141 3036 Sic

291 3061 518 3105 Lucretius
539 3061 696 3117 passim
712 3093 723 3114 ,
761 3067 809 3102 ut
829 3068 873 3102 et
895 3058 1102 3116 Virgilius
1124 3091 1137 3114 ,

291 3126 504 3170 Horatius
510 3126 639 3179 ,etalii
650 3125 803 3182 optimi
814 3125 891 3168 aevi
900 3125 1143 3182 scriptores.

350 3194 413 3234 15.
444 3193 534 3234 Nec
565 3206 707 3233 casum
731 3192 915 3245 fortuna
943 3200 1021 3235 etc.
1047 3190 1139 3234 Cic.

290 3256 393 3300 ibid.
423 3275 443 3293 «
478 3256 740 3312 Quinetiam
766 3256 835 3298 illa
868 3257 958 3313 ipsa
988 3272 1139 3299 rerum

291 3321 589 3365 humanarum
611 3320 790 3363 domina
812 3354 821 3373 ,
854 3322 1030 3364 fortuna
1045 3354 1058 3376 ,
1092 3321 1139 3364 in

290 3386 410 3429 istius
431 3403 474 3429 se
495 3387 744 3430 societatem
775 3386 919 3443 gloriae
939 3402 1031 3428 non
1064 3386 1140 3428 os-

290 3454 375 3494 fert
394 3468 404 3496 t
427 3452 503 3496 tibi
518 3452 632 3497 cedit
645 3471 657 3508 3
679 3462 801 3497 tuam
823 3469 867 3496 se
890 3469 980 3497 esse
1000 3461 1141 3496 totam

1222 1765 1267 1801 et
1296 1757 1519 1814 propriam
1559 1757 1733 1800 fatetur.
1776 1773 1799 1792 »
1840 1753 1956 1810 Quae
1980 1752 2075 1797 loca

1223 1821 1453 1866 Ovidianis
1473 1837 1522 1865 ea
1540 1830 1690 1864 mente
1713 1819 1893 1877 opposui
1912 1852 1923 1873 ,
1950 1827 1997 1862 ut
2017 1818 2077 1861 vi-

1222 1886 1323 1930 deat
1337 1888 1472 1930 lector
1486 1885 1710 1943 quomodo
1722 1885 1984 1942 scriptorum
1997 1901 2076 1941 par

1221 1952 1368 1995 nobile
1383 1969 1480 1996 rem
1497 1951 1702 1996 eamdem
1714 1984 1726 2005 ‚
1747 1950 1914 2007 poetice
1931 1966 2045 1993 unus
2060 1982 2073 2004 ,

1220 2016 1330 2060 alter
1359 2017 1547 2060 oratorie
1561 2049 1573 2072 ,
1598 2015 1898 2059 exornandam
1918 2030 2074 2058 susce-

1222 2082 1348 2138 perit.

1283 2163 1344 2203 17.
1373 2148 1463 2189 Nec
1485 2149 1589 2189 belli
1602 2162 1710 2188 nova
1732 2161 1865 2188 causa
1893 2149 1985 2188 mei.
2008 2144 2076 2188 Ita

1223 2209 1344 2252 enim
1372 2210 1612 2268 legendum
1637 2243 1649 2265 ,
1679 2209 1906 2267 repudiata
1935 2210 2075 2253 veteri

1221 2272 1426 2329 lectione,
1443 2292 1519 2318 nec
1532 2278 1712 2318 belliesl
1721 2291 1830 2318 nova
1849 2291 1950 2318 cura
1971 2279 2077 2329 mei5

1222 2338 1297 2382 sed
1310 2355 1391 2396 ego
1405 2349 1638 2397 utramque
1651 2355 1782 2384 sensu
1794 2355 1941 2383 carere
1953 2347 2076 2396 puto:

1222 2406 1437 2461 praecessit
1457 2407 1592 2450 etiam
1610 2405 1746 2448 modo
1761 2439 1773 2460 ,
1796 2421 1898 2449 cura
1913 2421 1926 2447 .·
1939 2421 2076 2461 quare

1222 2479 1329 2527 puto
1344 2470 1581 2529 legendum
1596 2470 1866 2528 transpositis
1880 2470 2074 2523 vocibus,

1222 2538 1313 2580 Nec
1326 2539 1523 2580 bellimea
1535 2553 1670 2580 causa
1683 2539 1792 2579 novi.
1809 2536 1901 2579 Nec
1912 2535 2072 2592 puella,

1223 2618 1247 2644 a
1267 2617 1339 2645 me
1359 2603 1471 2646 victa
1490 2636 1502 2657 ‚
1533 2611 1577 2646 et
1596 2602 1706 2645 mihi
1737 2601 1883 2644 'dedita
1904 2634 1916 2655 ,
1953 2616 2074 2643 nune

1223 2669 1306 2711 erit
1326 2683 1451 2710 causa
1468 2668 1571 2711 novi
1589 2667 1712 2720 belli,
1736 2674 1785 2708 ut
1808 2665 1982 2709 Helene
1999 2698 2011 2720 ‚
2030 2673 2076 2708 et

1223 2732 1315 2775 aliae
1336 2734 1528 2789 suerunt.
1547 2746 1566 2774 1
1581 2764 1592 2785 ,
1615 2732 1730 2774 Fast.
1751 2732 1831 2773 520
1855 2745 1865 2773 ξ

1262 2801 1328 2832 Hie
1340 2812 1469 2844 quoque
1479 2811 1575 2831 eausa
1584 2801 1661 2832 novi
1674 2799 1794 2830 semina
1809 2800 1928 2831 Martis
1942 2798 2015 2830 erit.
2030 2800 2072 2831 B.

1281 2881 1297 2906 1
1306 2864 1343 2906 8.
1354 2865 1624 2919 Europoepax
1633 2863 1678 2905 A
1679 2866 1831 2917 st'oeque
1825 2861 1954 2916 foret.
1965 2861 2076 2904 Tro-

1221 2930 1313 2985 iam
1333 2929 1447 2972 Asia
1460 2963 1470 2980 ‚
1499 2938 1544 2972 et
1564 2931 1736 2984 Europa
1758 2927 1974 2971 Graeciam
1992 2927 2074 2970 in-

1223 2995 1348 3038 dicat.
1367 2995 1553 3052 Egregie
1570 3011 1622 3039 ea
1634 2994 1688 3038 de
1703 3011 1751 3038 re
1770 2992 1928 3037 catull.
1939 3010 2072 3038 carm.

1223 3073 1370 3103 LXVIII
1388 3093 1399 3114 ,
1423 3060 1501 3119 89:

1221 3134 1323 3175 Troia
1348 3134 1438 3165 nefas
1450 3159 1461 3174 ,

1324 3195 1479 3238 Asioeque
1494 3207 1505 3236 ;

1493 3146 1665 3168 commune
1699 3134 1886 3176 sepulcrum
1913 3133 2054 3174 Europae

1261 3258 1362 3298 Troja
1369 3258 1477 3288 virum
1485 3264 1516 3287 et
1524 3256 1682 3288 virtutum
1690 3257 1838 3288 omnium
1849 3255 1964 3286 acerba
1975 3253 2070 3284 cinis.

1282 3338 1342 3381 19.
1367 3324 1542 3364 Femina
1564 3328 1643 3362 etc.
1666 3317 1962 3376 Hippodamia
1979 3349 1991 3371 ‚
2016 3315 2071 3359 de

1223 3403 1308 3443 qua
1327 3385 1424 3429 vide
1442 3385 1738 3442 Metamorph.
1758 3385 1831 3427 lib.
1857 3396 1925 3426 ΧΠ
1941 3415 1952 3436 ,
1979 3383 2071 3435 ²24·

1220 3474 1275 3487 --
1283 3454 1564 3508 Populumque
1575 3451 1788 3508 biformem
1803 3456 1883 3493 etc.
1893 3450 2072 3491 Bimem-
