<?xml version="1.0" encoding="UTF-8"?>
<!DOCTYPE html PUBLIC "-//W3C//DTD XHTML 1.0 Transitional//EN"
    "http://www.w3.org/TR/xhtml1/DTD/xhtml1-transitional.dtd">
<html xmlns="http://www.w3.org/1999/xhtml" xml:lang="en" lang="en">
 <head>
  <title>
</title>
<meta http-equiv="Content-Type" content="text/html;charset=utf-8" />
  <meta name='ocr-system' content='tesseract 3.04.00' />
  <meta name='ocr-capabilities' content='ocr_page ocr_carea ocr_par ocr_line ocrx_word'/>
</head>
<body>
  <div class='ocr_page' id='page_1' title='image "./quaeextantomniao02oviduoft_0416.png"; bbox 0 0 2268 3776; ppageno 0'>
   <div class='ocr_carea' id='block_1_1' title="bbox 238 312 344 381">
    <p class='ocr_par' dir='ltr' id='par_1_1' title="bbox 238 312 344 381">
     <span class='ocr_line' id='line_1_1' title="bbox 238 312 344 381; baseline 0.009 -16"><span class='ocrx_word' id='word_1_1' title='bbox 238 312 344 381; x_wconf 68' lang='lat'>402</span> 
     </span>
    </p>
   </div>
   <div class='ocr_carea' id='block_1_2' title="bbox 710 309 1541 370">
    <p class='ocr_par' dir='ltr' id='par_1_2' title="bbox 710 309 1541 370">
     <span class='ocr_line' id='line_1_2' title="bbox 710 309 1541 370; baseline 0.008 -8"><span class='ocrx_word' id='word_1_2' title='bbox 710 311 774 363; x_wconf 91' lang='lat' dir='ltr'>P.</span> <span class='ocrx_word' id='word_1_3' title='bbox 824 309 1115 366; x_wconf 91' lang='lat' dir='ltr'><strong>OVIDII</strong></span> <span class='ocrx_word' id='word_1_4' title='bbox 1165 312 1541 370; x_wconf 79' lang='lat' dir='ltr'><strong>NASONIS</strong></span> 
     </span>
    </p>
   </div>
   <div class='ocr_carea' id='block_1_3' title="bbox 191 423 2012 995">
    <p class='ocr_par' dir='ltr' id='par_1_3' title="bbox 318 423 1531 509">
     <span class='ocr_line' id='line_1_3' title="bbox 318 423 1531 509; baseline 0.001 -22"><span class='ocrx_word' id='word_1_5' title='bbox 318 427 548 509; x_wconf 90' lang='lat' dir='ltr'>Suscipe</span> <span class='ocrx_word' id='word_1_6' title='bbox 575 449 587 485; x_wconf 92' lang='lat'>:</span> <span class='ocrx_word' id='word_1_7' title='bbox 618 423 822 485; x_wconf 74' lang='lat' dir='ltr'>deliciae</span> <span class='ocrx_word' id='word_1_8' title='bbox 848 425 960 507; x_wconf 91' lang='lat' dir='ltr'>jam</span> <span class='ocrx_word' id='word_1_9' title='bbox 988 425 1092 486; x_wconf 88' lang='lat' dir='ltr'>tibi</span> <span class='ocrx_word' id='word_1_10' title='bbox 1120 441 1273 505; x_wconf 87' lang='lat' dir='ltr'>terga</span> <span class='ocrx_word' id='word_1_11' title='bbox 1302 427 1531 489; x_wconf 88' lang='lat' dir='ltr'>dabunt.</span> 
     </span>
    </p>

    <p class='ocr_par' dir='ltr' id='par_1_4' title="bbox 191 520 2012 702">
     <span class='ocr_line' id='line_1_4' title="bbox 191 520 2012 610; baseline 0.001 -23"><span class='ocrx_word' id='word_1_12' title='bbox 191 520 194 523; x_wconf 11' lang='lat' dir='ltr'>i</span> <span class='ocrx_word' id='word_1_13' title='bbox 234 529 376 587; x_wconf 82' lang='lat' dir='ltr'>Eece</span> <span class='ocrx_word' id='word_1_14' title='bbox 410 524 575 601; x_wconf 84' lang='lat' dir='ltr'>fugax</span> <span class='ocrx_word' id='word_1_15' title='bbox 603 522 843 582; x_wconf 90' lang='lat' dir='ltr'>Parthus</span> <span class='ocrx_word' id='word_1_16' title='bbox 866 569 881 594; x_wconf 84' lang='lat'>‚</span> <span class='ocrx_word' id='word_1_17' title='bbox 907 523 1091 601; x_wconf 83' lang='lat' dir='ltr'>magni</span> <span class='ocrx_word' id='word_1_18' title='bbox 1121 547 1264 583; x_wconf 87' lang='lat' dir='ltr'>nova</span> <span class='ocrx_word' id='word_1_19' title='bbox 1291 547 1451 585; x_wconf 89' lang='lat' dir='ltr'>causa</span> <span class='ocrx_word' id='word_1_20' title='bbox 1481 526 1784 610; x_wconf 86' lang='lat' dir='ltr'>triumphi,</span> <span class='ocrx_word' id='word_1_21' title='bbox 1937 549 2012 591; x_wconf 73' lang='lat'>155</span> 
     </span>
     <span class='ocr_line' id='line_1_5' title="bbox 317 619 1541 702; baseline 0 -20"><span class='ocrx_word' id='word_1_22' title='bbox 317 624 439 682; x_wconf 85' lang='lat' dir='ltr'>Jam</span> <span class='ocrx_word' id='word_1_23' title='bbox 470 619 620 679; x_wconf 86' lang='lat' dir='ltr'>videt</span> <span class='ocrx_word' id='word_1_24' title='bbox 647 619 707 678; x_wconf 90' lang='lat' dir='ltr'>in</span> <span class='ocrx_word' id='word_1_25' title='bbox 737 619 943 702; x_wconf 90' lang='lat' dir='ltr'>campis</span> <span class='ocrx_word' id='word_1_26' title='bbox 971 619 1199 680; x_wconf 79' lang='lat' dir='ltr'>Caesaris</span> <span class='ocrx_word' id='word_1_27' title='bbox 1231 644 1378 681; x_wconf 90' lang='lat' dir='ltr'>arma</span> <span class='ocrx_word' id='word_1_28' title='bbox 1408 622 1541 684; x_wconf 89' lang='lat' dir='ltr'>suis.</span> 
     </span>
    </p>

    <p class='ocr_par' dir='ltr' id='par_1_5' title="bbox 236 715 1709 898">
     <span class='ocr_line' id='line_1_6' title="bbox 236 715 1709 801; baseline 0.001 -22"><span class='ocrx_word' id='word_1_29' title='bbox 236 720 409 779; x_wconf 83' lang='lat' dir='ltr'><strong>Vince</strong></span> <span class='ocrx_word' id='word_1_30' title='bbox 447 715 782 799; x_wconf 85' lang='lat' dir='ltr'>Cupidineas</span> <span class='ocrx_word' id='word_1_31' title='bbox 807 717 1037 799; x_wconf 79' lang='lat' dir='ltr'>pariter,</span> <span class='ocrx_word' id='word_1_32' title='bbox 1068 717 1416 801; x_wconf 84' lang='lat' dir='ltr'>Parthasque</span> <span class='ocrx_word' id='word_1_33' title='bbox 1447 720 1675 798; x_wconf 83' lang='lat' dir='ltr'>sagittas</span> <span class='ocrx_word' id='word_1_34' title='bbox 1694 768 1709 795; x_wconf 90' lang='lat'>,</span> 
     </span>
     <span class='ocr_line' id='line_1_7' title="bbox 318 814 1476 898; baseline 0 -21"><span class='ocrx_word' id='word_1_35' title='bbox 318 819 393 877; x_wconf 89' lang='lat' dir='ltr'>Et</span> <span class='ocrx_word' id='word_1_36' title='bbox 418 815 559 876; x_wconf 88' lang='lat' dir='ltr'>refer</span> <span class='ocrx_word' id='word_1_37' title='bbox 588 814 657 875; x_wconf 89' lang='lat' dir='ltr'>ad</span> <span class='ocrx_word' id='word_1_38' title='bbox 682 815 893 898; x_wconf 89' lang='lat' dir='ltr'>patrios</span> <span class='ocrx_word' id='word_1_39' title='bbox 919 815 1053 874; x_wconf 89' lang='lat' dir='ltr'>bina</span> <span class='ocrx_word' id='word_1_40' title='bbox 1078 829 1280 898; x_wconf 87' lang='lat' dir='ltr'>tropaea</span> <span class='ocrx_word' id='word_1_41' title='bbox 1307 818 1476 877; x_wconf 85' lang='lat' dir='ltr'>Deos.</span> 
     </span>
    </p>

    <p class='ocr_par' dir='ltr' id='par_1_6' title="bbox 228 911 1555 995">
     <span class='ocr_line' id='line_1_8' title="bbox 228 911 1555 995; baseline -0.001 -19"><span class='ocrx_word' id='word_1_42' title='bbox 228 920 317 976; x_wconf 67' lang='lat' dir='ltr'>—Ut</span> <span class='ocrx_word' id='word_1_43' title='bbox 339 913 504 976; x_wconf 88' lang='lat' dir='ltr'>semel</span> <span class='ocrx_word' id='word_1_44' title='bbox 536 911 726 973; x_wconf 84' lang='lat' dir='ltr'>AEtola</span> <span class='ocrx_word' id='word_1_45' title='bbox 752 913 942 972; x_wconf 89' lang='lat' dir='ltr'>Venus</span> <span class='ocrx_word' id='word_1_46' title='bbox 975 927 1058 973; x_wconf 91' lang='lat' dir='ltr'>est</span> <span class='ocrx_word' id='word_1_47' title='bbox 1086 936 1117 972; x_wconf 90' lang='lat' dir='ltr'>a</span> <span class='ocrx_word' id='word_1_48' title='bbox 1146 913 1373 995; x_wconf 84' lang='lat' dir='ltr'>cuspide</span> <span class='ocrx_word' id='word_1_49' title='bbox 1400 913 1555 986; x_wconf 82' lang='lat' dir='ltr'>laesa,</span> 
     </span>
    </p>
   </div>
   <div class='ocr_carea' id='block_1_4' title="bbox 319 1008 1403 1088">
    <p class='ocr_par' dir='ltr' id='par_1_7' title="bbox 319 1008 1403 1088">
     <span class='ocr_line' id='line_1_9' title="bbox 319 1008 1403 1088; baseline -0.001 -17"><span class='ocrx_word' id='word_1_50' title='bbox 319 1010 556 1072; x_wconf 85' lang='lat' dir='ltr'>Mandat</span> <span class='ocrx_word' id='word_1_51' title='bbox 582 1010 811 1070; x_wconf 89' lang='lat' dir='ltr'>amatori</span> <span class='ocrx_word' id='word_1_52' title='bbox 834 1008 982 1070; x_wconf 89' lang='lat' dir='ltr'>bella</span> <span class='ocrx_word' id='word_1_53' title='bbox 1012 1010 1251 1088; x_wconf 85' lang='lat' dir='ltr'>gerenda</span> <span class='ocrx_word' id='word_1_54' title='bbox 1280 1034 1403 1070; x_wconf 75' lang='lat' dir='ltr'>suo,</span> 
     </span>
    </p>
   </div>
   <div class='ocr_carea' id='block_1_5' title="bbox 1941 1033 2016 1074">
    <p class='ocr_par' dir='ltr' id='par_1_8' title="bbox 1941 1033 2016 1074">
     <span class='ocr_line' id='line_1_10' title="bbox 1941 1033 2016 1074; baseline 0 -1"><span class='ocrx_word' id='word_1_55' title='bbox 1941 1033 2016 1074; x_wconf 82' lang='lat'>160</span> 
     </span>
    </p>
   </div>
   <div class='ocr_carea' id='block_1_6' title="bbox 237 1106 2019 1775">
    <p class='ocr_par' dir='ltr' id='par_1_9' title="bbox 239 1106 1657 1289">
     <span class='ocr_line' id='line_1_11' title="bbox 239 1106 1657 1191; baseline -0.002 -20"><span class='ocrx_word' id='word_1_56' title='bbox 239 1108 500 1191; x_wconf 82' lang='lat' dir='ltr'>Quaeritis</span> <span class='ocrx_word' id='word_1_57' title='bbox 521 1154 535 1180; x_wconf 86' lang='lat'>‚</span> <span class='ocrx_word' id='word_1_58' title='bbox 561 1107 853 1186; x_wconf 85' lang='lat' dir='ltr'>AEgisthus</span> <span class='ocrx_word' id='word_1_59' title='bbox 886 1131 1053 1189; x_wconf 90' lang='lat' dir='ltr'>quare</span> <span class='ocrx_word' id='word_1_60' title='bbox 1084 1107 1158 1167; x_wconf 90' lang='lat' dir='ltr'>sit</span> <span class='ocrx_word' id='word_1_61' title='bbox 1187 1107 1365 1167; x_wconf 88' lang='lat' dir='ltr'>factus</span> <span class='ocrx_word' id='word_1_62' title='bbox 1396 1106 1657 1168; x_wconf 84' lang='lat' dir='ltr'>adulter?</span> 
     </span>
     <span class='ocr_line' id='line_1_12' title="bbox 316 1204 1479 1289; baseline -0.003 -22"><span class='ocrx_word' id='word_1_63' title='bbox 316 1210 384 1267; x_wconf 93' lang='lat' dir='ltr'>In</span> <span class='ocrx_word' id='word_1_64' title='bbox 411 1219 638 1289; x_wconf 88' lang='lat' dir='ltr'>promtu</span> <span class='ocrx_word' id='word_1_65' title='bbox 667 1228 830 1264; x_wconf 90' lang='lat' dir='ltr'>causa</span> <span class='ocrx_word' id='word_1_66' title='bbox 856 1219 940 1264; x_wconf 92' lang='lat' dir='ltr'>est</span> <span class='ocrx_word' id='word_1_67' title='bbox 964 1229 977 1264; x_wconf 74' lang='grc' dir='ltr'><strong><em>ε</em></strong></span> <span class='ocrx_word' id='word_1_68' title='bbox 1005 1204 1316 1265; x_wconf 90' lang='lat' dir='ltr'>desidiosus</span> <span class='ocrx_word' id='word_1_69' title='bbox 1347 1220 1479 1266; x_wconf 86' lang='lat' dir='ltr'>erat.</span> 
     </span>
    </p>

    <p class='ocr_par' dir='ltr' id='par_1_10' title="bbox 237 1301 1478 1462">
     <span class='ocr_line' id='line_1_13' title="bbox 237 1301 1478 1384; baseline -0.005 -17"><span class='ocrx_word' id='word_1_70' title='bbox 237 1303 572 1383; x_wconf 84' lang='lat' dir='ltr'>Pugnabant</span> <span class='ocrx_word' id='word_1_71' title='bbox 595 1301 694 1361; x_wconf 86' lang='lat' dir='ltr'>alii</span> <span class='ocrx_word' id='word_1_72' title='bbox 718 1301 889 1362; x_wconf 84' lang='lat' dir='ltr'>tardis</span> <span class='ocrx_word' id='word_1_73' title='bbox 917 1302 1064 1384; x_wconf 92' lang='lat' dir='ltr'>apud</span> <span class='ocrx_word' id='word_1_74' title='bbox 1095 1301 1244 1361; x_wconf 89' lang='lat' dir='ltr'>Ilion</span> <span class='ocrx_word' id='word_1_75' title='bbox 1275 1302 1442 1363; x_wconf 87' lang='lat' dir='ltr'>armis</span> <span class='ocrx_word' id='word_1_76' title='bbox 1466 1330 1478 1361; x_wconf 92' lang='lat'>:</span> 
     </span>
     <span class='ocr_line' id='line_1_14' title="bbox 315 1398 1435 1462; baseline -0.003 0"><span class='ocrx_word' id='word_1_77' title='bbox 315 1398 698 1462; x_wconf 88' lang='lat' dir='ltr'>Transtulerat</span> <span class='ocrx_word' id='word_1_78' title='bbox 726 1400 867 1459; x_wconf 86' lang='lat' dir='ltr'>vires</span> <span class='ocrx_word' id='word_1_79' title='bbox 901 1399 1110 1460; x_wconf 90' lang='lat' dir='ltr'>Graecia</span> <span class='ocrx_word' id='word_1_80' title='bbox 1139 1414 1258 1459; x_wconf 91' lang='lat' dir='ltr'>tota</span> <span class='ocrx_word' id='word_1_81' title='bbox 1290 1422 1435 1460; x_wconf 89' lang='lat' dir='ltr'>suas.</span> 
     </span>
    </p>

    <p class='ocr_par' dir='ltr' id='par_1_11' title="bbox 237 1494 2019 1673">
     <span class='ocr_line' id='line_1_15' title="bbox 237 1494 2019 1581; baseline -0.001 -22"><span class='ocrx_word' id='word_1_82' title='bbox 237 1500 360 1560; x_wconf 90' lang='lat' dir='ltr'>Sive</span> <span class='ocrx_word' id='word_1_83' title='bbox 391 1521 614 1581; x_wconf 89' lang='lat' dir='ltr'>operam</span> <span class='ocrx_word' id='word_1_84' title='bbox 641 1494 807 1556; x_wconf 84' lang='lat' dir='ltr'>bellis</span> <span class='ocrx_word' id='word_1_85' title='bbox 834 1494 998 1556; x_wconf 86' lang='lat' dir='ltr'>vellet</span> <span class='ocrx_word' id='word_1_86' title='bbox 1029 1495 1155 1557; x_wconf 92' lang='lat' dir='ltr'>dare</span> <span class='ocrx_word' id='word_1_87' title='bbox 1172 1543 1186 1570; x_wconf 88' lang='lat'><strong>‚</strong></span> <span class='ocrx_word' id='word_1_88' title='bbox 1211 1495 1367 1557; x_wconf 92' lang='lat' dir='ltr'>nulla</span> <span class='ocrx_word' id='word_1_89' title='bbox 1395 1496 1647 1575; x_wconf 81' lang='lat' dir='ltr'>gerebat3</span> <span class='ocrx_word' id='word_1_90' title='bbox 1942 1514 2019 1557; x_wconf 80' lang='lat'>165</span> 
     </span>
     <span class='ocr_line' id='line_1_16' title="bbox 315 1588 1487 1673; baseline -0.002 -18"><span class='ocrx_word' id='word_1_91' title='bbox 315 1588 444 1655; x_wconf 76' lang='lat' dir='ltr'>Sive</span> <span class='ocrx_word' id='word_1_92' title='bbox 470 1594 622 1666; x_wconf 84' lang='lat' dir='ltr'>foro,</span> <span class='ocrx_word' id='word_1_93' title='bbox 650 1617 883 1653; x_wconf 82' lang='lat' dir='ltr'>vacuum</span> <span class='ocrx_word' id='word_1_94' title='bbox 912 1591 1109 1654; x_wconf 87' lang='lat' dir='ltr'>litibus</span> <span class='ocrx_word' id='word_1_95' title='bbox 1137 1594 1324 1673; x_wconf 83' lang='lat' dir='ltr'>Argos</span> <span class='ocrx_word' id='word_1_96' title='bbox 1355 1609 1487 1655; x_wconf 90' lang='lat' dir='ltr'>erat.</span> 
     </span>
    </p>

    <p class='ocr_par' dir='ltr' id='par_1_12' title="bbox 240 1690 1606 1775">
     <span class='ocr_line' id='line_1_17' title="bbox 240 1690 1606 1775; baseline -0.002 -22"><span class='ocrx_word' id='word_1_97' title='bbox 240 1693 412 1774; x_wconf 78' lang='lat' dir='ltr'>Quod</span> <span class='ocrx_word' id='word_1_98' title='bbox 441 1691 654 1775; x_wconf 85' lang='lat' dir='ltr'>potuit,</span> <span class='ocrx_word' id='word_1_99' title='bbox 680 1690 844 1763; x_wconf 83' lang='lat' dir='ltr'>secit3</span> <span class='ocrx_word' id='word_1_100' title='bbox 873 1714 942 1751; x_wconf 91' lang='lat' dir='ltr'>ne</span> <span class='ocrx_word' id='word_1_101' title='bbox 971 1690 1052 1750; x_wconf 92' lang='lat' dir='ltr'>nil</span> <span class='ocrx_word' id='word_1_102' title='bbox 1083 1705 1361 1770; x_wconf 82' lang='lat' dir='ltr'>ageretur,</span> <span class='ocrx_word' id='word_1_103' title='bbox 1391 1691 1606 1752; x_wconf 87' lang='lat' dir='ltr'>amavit.</span> 
     </span>
    </p>
   </div>
   <div class='ocr_carea' id='block_1_7' title="bbox 321 1787 1554 1871">
    <p class='ocr_par' dir='ltr' id='par_1_13' title="bbox 321 1787 1554 1871">
     <span class='ocr_line' id='line_1_18' title="bbox 321 1787 1554 1871; baseline -0.001 -22"><span class='ocrx_word' id='word_1_104' title='bbox 321 1790 414 1850; x_wconf 88' lang='lat' dir='ltr'>Sic</span> <span class='ocrx_word' id='word_1_105' title='bbox 445 1788 595 1848; x_wconf 91' lang='lat' dir='ltr'>venit</span> <span class='ocrx_word' id='word_1_106' title='bbox 623 1787 714 1847; x_wconf 91' lang='lat' dir='ltr'>ille</span> <span class='ocrx_word' id='word_1_107' title='bbox 745 1811 884 1870; x_wconf 92' lang='lat' dir='ltr'>puer</span> <span class='ocrx_word' id='word_1_108' title='bbox 908 1812 920 1848; x_wconf 91' lang='lat'>:</span> <span class='ocrx_word' id='word_1_109' title='bbox 955 1787 1034 1848; x_wconf 89' lang='lat' dir='ltr'>sic</span> <span class='ocrx_word' id='word_1_110' title='bbox 1062 1812 1203 1871; x_wconf 89' lang='lat' dir='ltr'>puer</span> <span class='ocrx_word' id='word_1_111' title='bbox 1229 1787 1323 1850; x_wconf 86' lang='lat' dir='ltr'>ille</span> <span class='ocrx_word' id='word_1_112' title='bbox 1352 1804 1554 1850; x_wconf 88' lang='lat' dir='ltr'>manet.</span> 
     </span>
    </p>
   </div>
   <div class='ocr_carea' id='block_1_8' title="bbox 1748 1778 1758 1799">
    <p class='ocr_par' dir='ltr' id='par_1_14' title="bbox 1748 1778 1758 1799">
     <span class='ocr_line' id='line_1_19' title="bbox 1748 1778 1758 1799; baseline 0 0"><span class='ocrx_word' id='word_1_113' title='bbox 1748 1778 1758 1799; x_wconf 66' lang='grc'><strong>1</strong></span> 
     </span>
    </p>
   </div>
   <div class='ocr_carea' id='block_1_9' title="bbox 240 1898 2020 2465">
    <p class='ocr_par' dir='ltr' id='par_1_15' title="bbox 240 1898 2020 2465">
     <span class='ocr_line' id='line_1_20' title="bbox 240 1898 1915 1984; baseline -0.002 -22"><span class='ocrx_word' id='word_1_114' title='bbox 240 1905 418 1963; x_wconf 81' lang='lat' dir='ltr'><strong>RURA</strong></span> <span class='ocrx_word' id='word_1_115' title='bbox 450 1923 671 1983; x_wconf 88' lang='lat' dir='ltr'>quoque</span> <span class='ocrx_word' id='word_1_116' title='bbox 703 1898 988 1959; x_wconf 89' lang='lat' dir='ltr'>oblectant</span> <span class='ocrx_word' id='word_1_117' title='bbox 1012 1900 1253 1974; x_wconf 60' lang='lat' dir='ltr'>animm,</span> <span class='ocrx_word' id='word_1_118' title='bbox 1280 1901 1638 1984; x_wconf 89' lang='lat' dir='ltr'>studiumque</span> <span class='ocrx_word' id='word_1_119' title='bbox 1671 1899 1915 1960; x_wconf 90' lang='lat' dir='ltr'>colendi:</span> 
     </span>
     <span class='ocr_line' id='line_1_21' title="bbox 320 1996 2020 2081; baseline -0.002 -24"><span class='ocrx_word' id='word_1_120' title='bbox 320 1997 602 2078; x_wconf 80' lang='lat' dir='ltr'>Quaelibet</span> <span class='ocrx_word' id='word_1_121' title='bbox 626 1996 757 2056; x_wconf 89' lang='lat' dir='ltr'>huic</span> <span class='ocrx_word' id='word_1_122' title='bbox 790 2020 930 2055; x_wconf 85' lang='lat' dir='ltr'>curae</span> <span class='ocrx_word' id='word_1_123' title='bbox 961 1997 1151 2057; x_wconf 87' lang='lat' dir='ltr'>cedere</span> <span class='ocrx_word' id='word_1_124' title='bbox 1178 2021 1308 2058; x_wconf 91' lang='lat' dir='ltr'>cura</span> <span class='ocrx_word' id='word_1_125' title='bbox 1335 2012 1535 2081; x_wconf 89' lang='lat' dir='ltr'>potest.</span> <span class='ocrx_word' id='word_1_126' title='bbox 1844 2013 1846 2015; x_wconf 71' lang='grc'><strong><em>’</em></strong></span> <span class='ocrx_word' id='word_1_127' title='bbox 1950 2027 2020 2068; x_wconf 54' lang='grc' dir='ltr'>ιφ)</span> 
     </span>
     <span class='ocr_line' id='line_1_22' title="bbox 243 2092 1616 2177; baseline -0.001 -23"><span class='ocrx_word' id='word_1_128' title='bbox 243 2093 402 2155; x_wconf 85' lang='lat' dir='ltr'>Colla</span> <span class='ocrx_word' id='word_1_129' title='bbox 428 2093 561 2175; x_wconf 88' lang='lat' dir='ltr'>jube</span> <span class='ocrx_word' id='word_1_130' title='bbox 594 2092 836 2152; x_wconf 84' lang='lat' dir='ltr'>domitos</span> <span class='ocrx_word' id='word_1_131' title='bbox 869 2092 1023 2152; x_wconf 90' lang='lat' dir='ltr'>oneri</span> <span class='ocrx_word' id='word_1_132' title='bbox 1053 2117 1368 2177; x_wconf 89' lang='lat' dir='ltr'>supponere</span> <span class='ocrx_word' id='word_1_133' title='bbox 1395 2109 1616 2166; x_wconf 81' lang='lat' dir='ltr'>tauros;</span> 
     </span>
     <span class='ocr_line' id='line_1_23' title="bbox 322 2188 1623 2252; baseline -0.002 -1"><span class='ocrx_word' id='word_1_134' title='bbox 322 2190 540 2251; x_wconf 84' lang='lat' dir='ltr'>Sauciet</span> <span class='ocrx_word' id='word_1_135' title='bbox 568 2203 632 2249; x_wconf 86' lang='lat' dir='ltr'>ut</span> <span class='ocrx_word' id='word_1_136' title='bbox 658 2188 851 2249; x_wconf 89' lang='lat' dir='ltr'>duram</span> <span class='ocrx_word' id='word_1_137' title='bbox 877 2213 1067 2250; x_wconf 84' lang='lat' dir='ltr'>vomer</span> <span class='ocrx_word' id='word_1_138' title='bbox 1097 2190 1346 2251; x_wconf 91' lang='lat' dir='ltr'>aduncus</span> <span class='ocrx_word' id='word_1_139' title='bbox 1374 2191 1623 2252; x_wconf 89' lang='lat' dir='ltr'>humum.</span> 
     </span>
     <span class='ocr_line' id='line_1_24' title="bbox 245 2285 1396 2360; baseline -0.001 -11"><span class='ocrx_word' id='word_1_140' title='bbox 245 2289 438 2349; x_wconf 85' lang='lat' dir='ltr'>Obrue</span> <span class='ocrx_word' id='word_1_141' title='bbox 461 2301 674 2348; x_wconf 82' lang='lat' dir='ltr'>versata</span> <span class='ocrx_word' id='word_1_142' title='bbox 704 2285 948 2347; x_wconf 87' lang='lat' dir='ltr'>Cerealia</span> <span class='ocrx_word' id='word_1_143' title='bbox 979 2287 1188 2347; x_wconf 89' lang='lat' dir='ltr'>semina</span> <span class='ocrx_word' id='word_1_144' title='bbox 1218 2303 1362 2348; x_wconf 89' lang='lat' dir='ltr'>terra</span> <span class='ocrx_word' id='word_1_145' title='bbox 1381 2333 1396 2360; x_wconf 90' lang='lat'>‚</span> 
     </span>
     <span class='ocr_line' id='line_1_25' title="bbox 327 2381 1607 2465; baseline -0.002 -21"><span class='ocrx_word' id='word_1_146' title='bbox 327 2385 468 2465; x_wconf 81' lang='lat' dir='ltr'>Quae</span> <span class='ocrx_word' id='word_1_147' title='bbox 495 2383 600 2443; x_wconf 90' lang='lat' dir='ltr'>tibi</span> <span class='ocrx_word' id='word_1_148' title='bbox 631 2406 757 2443; x_wconf 90' lang='lat' dir='ltr'>cum</span> <span class='ocrx_word' id='word_1_149' title='bbox 784 2381 963 2443; x_wconf 88' lang='lat' dir='ltr'>multo</span> <span class='ocrx_word' id='word_1_150' title='bbox 995 2381 1206 2446; x_wconf 89' lang='lat' dir='ltr'>foenore</span> <span class='ocrx_word' id='word_1_151' title='bbox 1236 2383 1430 2445; x_wconf 88' lang='lat' dir='ltr'>reddat</span> <span class='ocrx_word' id='word_1_152' title='bbox 1463 2406 1607 2462; x_wconf 84' lang='lat' dir='ltr'>ager.</span> 
     </span>
    </p>
   </div>
   <div class='ocr_carea' id='block_1_10' title="bbox 246 2533 1104 3504">
    <p class='ocr_par' dir='ltr' id='par_1_16' title="bbox 246 2533 1098 2853">
     <span class='ocr_line' id='line_1_26' title="bbox 301 2533 1097 2587; baseline -0.003 -11"><span class='ocrx_word' id='word_1_153' title='bbox 301 2552 317 2576; x_wconf 86' lang='lat'>1</span> <span class='ocrx_word' id='word_1_154' title='bbox 325 2534 390 2577; x_wconf 86' lang='grc'><strong>60.</strong></span> <span class='ocrx_word' id='word_1_155' title='bbox 406 2533 592 2576; x_wconf 80' lang='lat' dir='ltr'>Mandat</span> <span class='ocrx_word' id='word_1_156' title='bbox 599 2535 785 2575; x_wconf 79' lang='lat' dir='ltr'>amatori</span> <span class='ocrx_word' id='word_1_157' title='bbox 793 2534 904 2575; x_wconf 85' lang='lat' dir='ltr'>bella</span> <span class='ocrx_word' id='word_1_158' title='bbox 913 2534 1097 2587; x_wconf 76' lang='lat' dir='ltr'>gerenda</span> 
     </span>
     <span class='ocr_line' id='line_1_27' title="bbox 246 2595 1098 2653; baseline -0.004 -12"><span class='ocrx_word' id='word_1_159' title='bbox 246 2615 334 2641; x_wconf 86' lang='lat' dir='ltr'>suo.</span> <span class='ocrx_word' id='word_1_160' title='bbox 354 2597 456 2640; x_wconf 92' lang='lat' dir='ltr'>Hoc</span> <span class='ocrx_word' id='word_1_161' title='bbox 475 2605 539 2640; x_wconf 87' lang='lat' dir='ltr'>est</span> <span class='ocrx_word' id='word_1_162' title='bbox 558 2610 567 2637; x_wconf 73' lang='grc' dir='ltr'>ε</span> <span class='ocrx_word' id='word_1_163' title='bbox 591 2596 688 2653; x_wconf 88' lang='lat' dir='ltr'>Ipsa</span> <span class='ocrx_word' id='word_1_164' title='bbox 709 2595 890 2652; x_wconf 88' lang='lat' dir='ltr'>quidem</span> <span class='ocrx_word' id='word_1_165' title='bbox 911 2595 1098 2639; x_wconf 87' lang='lat' dir='ltr'>abstinet</span> 
     </span>
     <span class='ocr_line' id='line_1_28' title="bbox 248 2661 1098 2718; baseline -0.004 -11"><span class='ocrx_word' id='word_1_166' title='bbox 248 2663 302 2707; x_wconf 84' lang='lat' dir='ltr'>de</span> <span class='ocrx_word' id='word_1_167' title='bbox 338 2671 485 2706; x_wconf 86' lang='lat' dir='ltr'>cetero</span> <span class='ocrx_word' id='word_1_168' title='bbox 515 2661 638 2704; x_wconf 87' lang='lat' dir='ltr'>bellis</span> <span class='ocrx_word' id='word_1_169' title='bbox 666 2679 676 2713; x_wconf 93' lang='lat'>;</span> <span class='ocrx_word' id='word_1_170' title='bbox 722 2661 913 2718; x_wconf 86' lang='lat' dir='ltr'>gerenda</span> <span class='ocrx_word' id='word_1_171' title='bbox 949 2670 1098 2704; x_wconf 82' lang='lat' dir='ltr'>autem</span> 
     </span>
     <span class='ocr_line' id='line_1_29' title="bbox 247 2727 1098 2782; baseline -0.004 -8"><span class='ocrx_word' id='word_1_172' title='bbox 247 2730 403 2774; x_wconf 88' lang='lat' dir='ltr'>eadem</span> <span class='ocrx_word' id='word_1_173' title='bbox 414 2728 650 2773; x_wconf 79' lang='lat' dir='ltr'>committit</span> <span class='ocrx_word' id='word_1_174' title='bbox 665 2733 849 2771; x_wconf 83' lang='lat' dir='ltr'>amatori</span> <span class='ocrx_word' id='word_1_175' title='bbox 856 2743 935 2771; x_wconf 90' lang='lat' dir='ltr'>suo</span> <span class='ocrx_word' id='word_1_176' title='bbox 945 2760 957 2782; x_wconf 90' lang='lat'><strong><em>‚</em></strong></span> <span class='ocrx_word' id='word_1_177' title='bbox 975 2727 1020 2770; x_wconf 83' lang='lat' dir='ltr'>id</span> <span class='ocrx_word' id='word_1_178' title='bbox 1033 2736 1098 2771; x_wconf 87' lang='lat' dir='ltr'>est</span> 
     </span>
     <span class='ocr_line' id='line_1_30' title="bbox 247 2794 1029 2853; baseline -0.009 -11"><span class='ocrx_word' id='word_1_179' title='bbox 247 2797 414 2852; x_wconf 86' lang='lat' dir='ltr'>Marti,</span> <span class='ocrx_word' id='word_1_180' title='bbox 441 2813 465 2839; x_wconf 90' lang='lat' dir='ltr'>a</span> <span class='ocrx_word' id='word_1_181' title='bbox 486 2811 573 2853; x_wconf 90' lang='lat' dir='ltr'>quo</span> <span class='ocrx_word' id='word_1_182' title='bbox 595 2795 834 2838; x_wconf 88' lang='lat' dir='ltr'>amabatur.</span> <span class='ocrx_word' id='word_1_183' title='bbox 857 2794 1029 2836; x_wconf 76' lang='lat' dir='ltr'>MICYL.</span> 
     </span>
    </p>

    <p class='ocr_par' dir='ltr' id='par_1_17' title="bbox 246 2859 1101 3225">
     <span class='ocr_line' id='line_1_31' title="bbox 307 2859 1095 2918; baseline -0.006 -11"><span class='ocrx_word' id='word_1_184' title='bbox 307 2863 395 2918; x_wconf 79' lang='grc'><strong>164.</strong></span> <span class='ocrx_word' id='word_1_185' title='bbox 443 2863 534 2916; x_wconf 79' lang='lat' dir='ltr'>Quo</span> <span class='ocrx_word' id='word_1_186' title='bbox 564 2864 727 2904; x_wconf 75' lang='lat' dir='ltr'>tulerat.</span> <span class='ocrx_word' id='word_1_187' title='bbox 761 2860 816 2903; x_wconf 90' lang='lat' dir='ltr'>In</span> <span class='ocrx_word' id='word_1_188' title='bbox 847 2859 1065 2902; x_wconf 89' lang='lat' dir='ltr'>veteribus</span> <span class='ocrx_word' id='word_1_189' title='bbox 1083 2891 1095 2913; x_wconf 86' lang='lat'>‚</span> 
     </span>
     <span class='ocr_line' id='line_1_32' title="bbox 246 2925 1097 2983; baseline -0.008 -10"><span class='ocrx_word' id='word_1_190' title='bbox 246 2932 520 2973; x_wconf 69' lang='lat' dir='ltr'>transtulerat</span> <span class='ocrx_word' id='word_1_191' title='bbox 541 2941 552 2967; x_wconf 92' lang='lat'><em>:</em></span> <span class='ocrx_word' id='word_1_192' title='bbox 576 2927 685 2970; x_wconf 88' lang='lat' dir='ltr'>mihi</span> <span class='ocrx_word' id='word_1_193' title='bbox 706 2926 826 2983; x_wconf 89' lang='lat' dir='ltr'>prior</span> <span class='ocrx_word' id='word_1_194' title='bbox 846 2925 983 2982; x_wconf 86' lang='lat' dir='ltr'>magis</span> <span class='ocrx_word' id='word_1_195' title='bbox 1003 2925 1097 2981; x_wconf 90' lang='lat' dir='ltr'>pla-</span> 
     </span>
     <span class='ocr_line' id='line_1_33' title="bbox 249 2989 1101 3050; baseline -0.011 -12"><span class='ocrx_word' id='word_1_196' title='bbox 249 3004 329 3038; x_wconf 88' lang='lat' dir='ltr'>cet.</span> <span class='ocrx_word' id='word_1_197' title='bbox 351 2995 506 3038; x_wconf 78' lang='lat' dir='ltr'>NAUG.</span> <span class='ocrx_word' id='word_1_198' title='bbox 528 2992 691 3050; x_wconf 86' lang='lat' dir='ltr'>Scripti</span> <span class='ocrx_word' id='word_1_199' title='bbox 712 3007 867 3036; x_wconf 90' lang='lat' dir='ltr'>omnes</span> <span class='ocrx_word' id='word_1_200' title='bbox 887 3006 988 3033; x_wconf 91' lang='lat' dir='ltr'>cum</span> <span class='ocrx_word' id='word_1_201' title='bbox 1008 2989 1101 3046; x_wconf 88' lang='lat' dir='ltr'>pri-</span> 
     </span>
     <span class='ocr_line' id='line_1_34' title="bbox 250 3055 1098 3112; baseline -0.008 -10"><span class='ocrx_word' id='word_1_202' title='bbox 250 3076 324 3102; x_wconf 87' lang='lat' dir='ltr'>ma</span> <span class='ocrx_word' id='word_1_203' title='bbox 337 3058 529 3102; x_wconf 87' lang='lat' dir='ltr'>editione</span> <span class='ocrx_word' id='word_1_204' title='bbox 543 3090 555 3112; x_wconf 91' lang='lat'>,</span> <span class='ocrx_word' id='word_1_205' title='bbox 578 3059 877 3100; x_wconf 83' lang='lat' dir='ltr'>Transtulerat.</span> <span class='ocrx_word' id='word_1_206' title='bbox 896 3055 969 3099; x_wconf 91' lang='lat' dir='ltr'>Sic</span> <span class='ocrx_word' id='word_1_207' title='bbox 984 3055 1098 3098; x_wconf 79' lang='lat' dir='ltr'>Fast-</span> 
     </span>
     <span class='ocr_line' id='line_1_35' title="bbox 252 3124 460 3183; baseline -0.024 -15"><span class='ocrx_word' id='word_1_208' title='bbox 252 3124 298 3168; x_wconf 85' lang='grc' dir='ltr'>ΙΙ</span> <span class='ocrx_word' id='word_1_209' title='bbox 314 3157 326 3179; x_wconf 89' lang='lat'><em>,</em></span> <span class='ocrx_word' id='word_1_210' title='bbox 349 3141 430 3183; x_wconf 81' lang='lat'>279</span> <span class='ocrx_word' id='word_1_211' title='bbox 449 3135 460 3163; x_wconf 76' lang='grc' dir='ltr'><strong><em>ε</em></strong></span> 
     </span>
     <span class='ocr_line' id='line_1_36' title="bbox 251 3190 1057 3225; baseline -0.007 0"><span class='ocrx_word' id='word_1_212' title='bbox 251 3194 436 3225; x_wconf 79' lang='lat' dir='ltr'>Transtulit</span> <span class='ocrx_word' id='word_1_213' title='bbox 450 3192 600 3224; x_wconf 79' lang='lat' dir='ltr'>Evander</span> <span class='ocrx_word' id='word_1_214' title='bbox 613 3190 776 3222; x_wconf 75' lang='lat' dir='ltr'>silvestria</span> <span class='ocrx_word' id='word_1_215' title='bbox 790 3190 926 3221; x_wconf 84' lang='lat' dir='ltr'>numina</span> <span class='ocrx_word' id='word_1_216' title='bbox 939 3199 1057 3219; x_wconf 80' lang='lat' dir='ltr'>secum.</span> 
     </span>
    </p>

    <p class='ocr_par' dir='ltr' id='par_1_18' title="bbox 254 3251 1101 3373">
     <span class='ocr_line' id='line_1_37' title="bbox 308 3251 1101 3308; baseline -0.006 -12"><span class='ocrx_word' id='word_1_217' title='bbox 308 3254 397 3296; x_wconf 89' lang='grc'><strong>166.</strong></span> <span class='ocrx_word' id='word_1_218' title='bbox 438 3253 590 3308; x_wconf 71' lang='lat' dir='ltr'>Argos.</span> <span class='ocrx_word' id='word_1_219' title='bbox 626 3252 692 3295; x_wconf 88' lang='lat' dir='ltr'>Ita</span> <span class='ocrx_word' id='word_1_220' title='bbox 722 3260 841 3295; x_wconf 88' lang='lat' dir='ltr'>recte</span> <span class='ocrx_word' id='word_1_221' title='bbox 873 3251 1027 3294; x_wconf 87' lang='lat' dir='ltr'>Douza</span> <span class='ocrx_word' id='word_1_222' title='bbox 1056 3256 1101 3292; x_wconf 84' lang='lat' dir='ltr'>et</span> 
     </span>
     <span class='ocr_line' id='line_1_38' title="bbox 254 3315 1020 3373; baseline -0.005 -12"><span class='ocrx_word' id='word_1_223' title='bbox 254 3318 475 3362; x_wconf 84' lang='lat' dir='ltr'>Heinsius.</span> <span class='ocrx_word' id='word_1_224' title='bbox 493 3318 654 3373; x_wconf 73' lang='lat' dir='ltr'>Argus,</span> <span class='ocrx_word' id='word_1_225' title='bbox 683 3317 773 3359; x_wconf 85' lang='lat' dir='ltr'>aliae</span> <span class='ocrx_word' id='word_1_226' title='bbox 794 3315 1020 3358; x_wconf 85' lang='lat' dir='ltr'>editiones.</span> 
     </span>
    </p>

    <p class='ocr_par' dir='ltr' id='par_1_19' title="bbox 251 3381 1104 3504">
     <span class='ocr_line' id='line_1_39' title="bbox 310 3381 1104 3441; baseline -0.005 -15"><span class='ocrx_word' id='word_1_227' title='bbox 310 3384 398 3441; x_wconf 90' lang='grc'><strong>167.</strong></span> <span class='ocrx_word' id='word_1_228' title='bbox 420 3386 546 3438; x_wconf 78' lang='lat' dir='ltr'><em>Quod</em></span> <span class='ocrx_word' id='word_1_229' title='bbox 544 3386 701 3436; x_wconf 80' lang='lat' dir='ltr'>potuit,</span> <span class='ocrx_word' id='word_1_230' title='bbox 713 3381 851 3437; x_wconf 38' lang='lat' dir='ltr'>secia·</span> <span class='ocrx_word' id='word_1_231' title='bbox 867 3397 918 3423; x_wconf 84' lang='lat' dir='ltr'>ne</span> <span class='ocrx_word' id='word_1_232' title='bbox 928 3384 1104 3434; x_wconf 73' lang='lat' dir='ltr'>atlage-</span> 
     </span>
     <span class='ocr_line' id='line_1_40' title="bbox 251 3446 1101 3504; baseline -0.004 -13"><span class='ocrx_word' id='word_1_233' title='bbox 251 3454 384 3497; x_wconf 74' lang='lat' dir='ltr'>relm,</span> <span class='ocrx_word' id='word_1_234' title='bbox 410 3451 581 3491; x_wconf 60' lang='lat' dir='ltr'>amavit.</span> <span class='ocrx_word' id='word_1_235' title='bbox 612 3447 776 3504; x_wconf 82' lang='lat' dir='ltr'>Regius</span> <span class='ocrx_word' id='word_1_236' title='bbox 801 3462 901 3490; x_wconf 83' lang='lat' dir='ltr'>cum</span> <span class='ocrx_word' id='word_1_237' title='bbox 932 3446 1101 3489; x_wconf 82' lang='lat' dir='ltr'>Putea-</span> 
     </span>
    </p>
   </div>
   <div class='ocr_carea' id='block_1_11' title="bbox 1176 2530 2028 2774">
    <p class='ocr_par' dir='ltr' id='par_1_20' title="bbox 1176 2530 2023 2646">
     <span class='ocr_line' id='line_1_41' title="bbox 1176 2530 2023 2590; baseline -0.006 -13"><span class='ocrx_word' id='word_1_238' title='bbox 1176 2550 1264 2577; x_wconf 88' lang='lat' dir='ltr'>neo</span> <span class='ocrx_word' id='word_1_239' title='bbox 1289 2540 1334 2577; x_wconf 89' lang='lat' dir='ltr'>et</span> <span class='ocrx_word' id='word_1_240' title='bbox 1364 2531 1571 2590; x_wconf 86' lang='lat' dir='ltr'>Scaligeri</span> <span class='ocrx_word' id='word_1_241' title='bbox 1587 2530 1821 2588; x_wconf 85' lang='lat' dir='ltr'>excerptis,</span> <span class='ocrx_word' id='word_1_242' title='bbox 1843 2530 2023 2573; x_wconf 85' lang='lat' dir='ltr'>rectius:</span> 
     </span>
     <span class='ocr_line' id='line_1_42' title="bbox 1176 2602 1944 2646; baseline -0.004 -10"><span class='ocrx_word' id='word_1_243' title='bbox 1176 2604 1276 2646; x_wconf 87' lang='lat' dir='ltr'>Quod</span> <span class='ocrx_word' id='word_1_244' title='bbox 1289 2604 1394 2646; x_wconf 81' lang='lat' dir='ltr'>potuit</span> <span class='ocrx_word' id='word_1_245' title='bbox 1402 2627 1413 2643; x_wconf 91' lang='lat'><strong><em>,</em></strong></span> <span class='ocrx_word' id='word_1_246' title='bbox 1426 2615 1467 2634; x_wconf 86' lang='lat' dir='ltr'>ne</span> <span class='ocrx_word' id='word_1_247' title='bbox 1478 2603 1526 2634; x_wconf 83' lang='lat' dir='ltr'>nil</span> <span class='ocrx_word' id='word_1_248' title='bbox 1543 2603 1612 2634; x_wconf 77' lang='lat' dir='ltr'>illic</span> <span class='ocrx_word' id='word_1_249' title='bbox 1624 2609 1772 2644; x_wconf 66' lang='lat' dir='ltr'>ageretur</span> <span class='ocrx_word' id='word_1_250' title='bbox 1780 2627 1791 2642; x_wconf 90' lang='lat'><em>,</em></span> <span class='ocrx_word' id='word_1_251' title='bbox 1810 2602 1944 2634; x_wconf 75' lang='lat' dir='ltr'>amavit.</span> 
     </span>
    </p>

    <p class='ocr_par' dir='ltr' id='par_1_21' title="bbox 1178 2662 2028 2774">
     <span class='ocr_line' id='line_1_43' title="bbox 1178 2662 2028 2722; baseline -0.006 -12"><span class='ocrx_word' id='word_1_252' title='bbox 1178 2667 1284 2711; x_wconf 84' lang='lat' dir='ltr'>Non</span> <span class='ocrx_word' id='word_1_253' title='bbox 1301 2665 1551 2709; x_wconf 83' lang='lat' dir='ltr'>damnanda</span> <span class='ocrx_word' id='word_1_254' title='bbox 1565 2665 1738 2722; x_wconf 87' lang='lat' dir='ltr'>penitus</span> <span class='ocrx_word' id='word_1_255' title='bbox 1753 2672 1876 2707; x_wconf 82' lang='lat' dir='ltr'>vetus</span> <span class='ocrx_word' id='word_1_256' title='bbox 1892 2662 2028 2719; x_wconf 86' lang='lat' dir='ltr'>scrip-—</span> 
     </span>
     <span class='ocr_line' id='line_1_44' title="bbox 1180 2725 2025 2774; baseline -0.008 0"><span class='ocrx_word' id='word_1_257' title='bbox 1180 2739 1330 2774; x_wconf 89' lang='lat' dir='ltr'>torum</span> <span class='ocrx_word' id='word_1_258' title='bbox 1353 2739 1398 2773; x_wconf 92' lang='lat' dir='ltr'>et</span> <span class='ocrx_word' id='word_1_259' title='bbox 1422 2729 1644 2773; x_wconf 84' lang='lat' dir='ltr'>editorum</span> <span class='ocrx_word' id='word_1_260' title='bbox 1664 2728 1805 2771; x_wconf 83' lang='lat' dir='ltr'>lectio,</span> <span class='ocrx_word' id='word_1_261' title='bbox 1841 2727 1894 2769; x_wconf 91' lang='lat' dir='ltr'>In</span> <span class='ocrx_word' id='word_1_262' title='bbox 1927 2725 2025 2768; x_wconf 84' lang='lat' dir='ltr'>Co·-</span> 
     </span>
    </p>
   </div>
   <div class='ocr_carea' id='block_1_12' title="bbox 1178 2790 2026 2904">
    <p class='ocr_par' dir='ltr' id='par_1_22' title="bbox 1178 2790 2026 2904">
     <span class='ocr_line' id='line_1_45' title="bbox 1178 2790 2026 2848; baseline -0.006 -12"><span class='ocrx_word' id='word_1_263' title='bbox 1178 2794 1272 2838; x_wconf 85' lang='lat' dir='ltr'>dice</span> <span class='ocrx_word' id='word_1_264' title='bbox 1286 2794 1420 2837; x_wconf 87' lang='lat' dir='ltr'>Bern.</span> <span class='ocrx_word' id='word_1_265' title='bbox 1434 2793 1585 2836; x_wconf 79' lang='lat' dir='ltr'>deerat</span> <span class='ocrx_word' id='word_1_266' title='bbox 1598 2796 1707 2844; x_wconf 74' lang='lat' dir='ltr'>1‘llic5</span> <span class='ocrx_word' id='word_1_267' title='bbox 1722 2799 1766 2834; x_wconf 84' lang='lat' dir='ltr'>et</span> <span class='ocrx_word' id='word_1_268' title='bbox 1784 2790 2026 2848; x_wconf 84' lang='lat' dir='ltr'>legebatur:</span> 
     </span>
     <span class='ocr_line' id='line_1_46' title="bbox 1178 2859 1992 2904; baseline -0.006 -10"><span class='ocrx_word' id='word_1_269' title='bbox 1178 2863 1278 2904; x_wconf 79' lang='lat' dir='ltr'>Quod</span> <span class='ocrx_word' id='word_1_270' title='bbox 1292 2863 1413 2903; x_wconf 82' lang='lat' dir='ltr'>potuit,</span> <span class='ocrx_word' id='word_1_271' title='bbox 1429 2873 1468 2892; x_wconf 81' lang='lat' dir='ltr'>ne</span> <span class='ocrx_word' id='word_1_272' title='bbox 1485 2861 1533 2892; x_wconf 80' lang='lat' dir='ltr'>nit</span> <span class='ocrx_word' id='word_1_273' title='bbox 1544 2867 1706 2901; x_wconf 78' lang='lat' dir='ltr'>ageretur,</span> <span class='ocrx_word' id='word_1_274' title='bbox 1717 2859 1849 2890; x_wconf 76' lang='lat' dir='ltr'>amavit.</span> <span class='ocrx_word' id='word_1_275' title='bbox 1867 2860 1992 2891; x_wconf 76' lang='lat' dir='ltr'><strong>BURM.</strong></span> 
     </span>
    </p>
   </div>
   <div class='ocr_carea' id='block_1_13' title="bbox 1178 2922 2034 3436">
    <p class='ocr_par' dir='ltr' id='par_1_23' title="bbox 1178 2922 2030 3030">
     <span class='ocr_line' id='line_1_47' title="bbox 1240 2922 2030 2982; baseline -0.003 -17"><span class='ocrx_word' id='word_1_276' title='bbox 1240 2923 1330 2982; x_wconf 79' lang='grc'><strong>169.</strong></span> <span class='ocrx_word' id='word_1_277' title='bbox 1345 2924 1463 2964; x_wconf 78' lang='lat' dir='ltr'>Rura</span> <span class='ocrx_word' id='word_1_278' title='bbox 1476 2938 1635 2978; x_wconf 75' lang='lat' dir='ltr'>quoque</span> <span class='ocrx_word' id='word_1_279' title='bbox 1646 2923 1867 2964; x_wconf 83' lang='lat' dir='ltr'>oblectant.</span> <span class='ocrx_word' id='word_1_280' title='bbox 1888 2922 2030 2963; x_wconf 87' lang='lat' dir='ltr'>Oblec-</span> 
     </span>
     <span class='ocr_line' id='line_1_48' title="bbox 1178 2985 1942 3030; baseline -0.007 0"><span class='ocrx_word' id='word_1_281' title='bbox 1178 2992 1269 3030; x_wconf 85' lang='lat' dir='ltr'>lent</span> <span class='ocrx_word' id='word_1_282' title='bbox 1289 2986 1410 3028; x_wconf 87' lang='lat' dir='ltr'>malit</span> <span class='ocrx_word' id='word_1_283' title='bbox 1433 2985 1653 3029; x_wconf 86' lang='lat' dir='ltr'>Heinsius.</span> <span class='ocrx_word' id='word_1_284' title='bbox 1939 2998 1942 3001; x_wconf 57' lang='lat'><strong>⁴</strong></span> 
     </span>
    </p>

    <p class='ocr_par' dir='ltr' id='par_1_24' title="bbox 1178 3051 2033 3240">
     <span class='ocr_line' id='line_1_49' title="bbox 1242 3051 2033 3110; baseline -0.005 -15"><span class='ocrx_word' id='word_1_285' title='bbox 1242 3070 1258 3095; x_wconf 91' lang='lat'>1</span> <span class='ocrx_word' id='word_1_286' title='bbox 1269 3071 1288 3110; x_wconf 94' lang='lat'><strong>7</strong></span> <span class='ocrx_word' id='word_1_287' title='bbox 1299 3070 1314 3095; x_wconf 91' lang='lat'>1</span> <span class='ocrx_word' id='word_1_288' title='bbox 1323 3084 1333 3093; x_wconf 87' lang='lat'><strong>.</strong></span> <span class='ocrx_word' id='word_1_289' title='bbox 1354 3053 1474 3095; x_wconf 89' lang='lat' dir='ltr'>Colla</span> <span class='ocrx_word' id='word_1_290' title='bbox 1479 3053 1585 3105; x_wconf 86' lang='lat' dir='ltr'>jube</span> <span class='ocrx_word' id='word_1_291' title='bbox 1596 3054 1786 3094; x_wconf 77' lang='lat' dir='ltr'>domitos.</span> <span class='ocrx_word' id='word_1_292' title='bbox 1801 3051 2033 3093; x_wconf 82' lang='lat' dir='ltr'>Indomitos</span> 
     </span>
     <span class='ocr_line' id='line_1_50' title="bbox 1178 3114 2032 3174; baseline -0.005 -14"><span class='ocrx_word' id='word_1_293' title='bbox 1178 3118 1359 3174; x_wconf 84' lang='lat' dir='ltr'>quidam</span> <span class='ocrx_word' id='word_1_294' title='bbox 1374 3134 1424 3160; x_wconf 84' lang='lat' dir='ltr'>ex</span> <span class='ocrx_word' id='word_1_295' title='bbox 1435 3116 1700 3159; x_wconf 83' lang='lat' dir='ltr'>melioribus.</span> <span class='ocrx_word' id='word_1_296' title='bbox 1711 3116 1955 3158; x_wconf 78' lang='lat' dir='ltr'>Submmere</span> <span class='ocrx_word' id='word_1_297' title='bbox 1964 3114 2032 3156; x_wconf 85' lang='lat' dir='ltr'>ed.</span> 
     </span>
     <span class='ocr_line' id='line_1_51' title="bbox 1181 3181 1654 3240; baseline -0.004 -14"><span class='ocrx_word' id='word_1_298' title='bbox 1181 3185 1309 3240; x_wconf 87' lang='lat' dir='ltr'>prim.</span> <span class='ocrx_word' id='word_1_299' title='bbox 1326 3193 1369 3226; x_wconf 85' lang='lat' dir='ltr'>et</span> <span class='ocrx_word' id='word_1_300' title='bbox 1388 3182 1476 3225; x_wconf 91' lang='lat' dir='ltr'>duo</span> <span class='ocrx_word' id='word_1_301' title='bbox 1495 3181 1654 3238; x_wconf 88' lang='lat' dir='ltr'>scripti.</span> 
     </span>
    </p>

    <p class='ocr_par' dir='ltr' id='par_1_25' title="bbox 1243 3244 1989 3306">
     <span class='ocr_line' id='line_1_52' title="bbox 1243 3244 1989 3306; baseline -0.008 -14"><span class='ocrx_word' id='word_1_302' title='bbox 1243 3267 1257 3293; x_wconf 90' lang='lat'>1</span> <span class='ocrx_word' id='word_1_303' title='bbox 1269 3268 1331 3306; x_wconf 86' lang='lat'>72.</span> <span class='ocrx_word' id='word_1_304' title='bbox 1353 3250 1533 3291; x_wconf 82' lang='lat' dir='ltr'>Sauciet.</span> <span class='ocrx_word' id='word_1_305' title='bbox 1562 3249 1727 3290; x_wconf 79' lang='lat' dir='ltr'>Sentiat</span> <span class='ocrx_word' id='word_1_306' title='bbox 1749 3244 1989 3288; x_wconf 85' lang='lat' dir='ltr'>Leidensis.</span> 
     </span>
    </p>

    <p class='ocr_par' dir='ltr' id='par_1_26' title="bbox 1242 3311 2034 3371">
     <span class='ocr_line' id='line_1_53' title="bbox 1242 3311 2034 3371; baseline -0.008 -15"><span class='ocrx_word' id='word_1_307' title='bbox 1242 3331 1259 3357; x_wconf 89' lang='lat'>1</span> <span class='ocrx_word' id='word_1_308' title='bbox 1269 3315 1332 3371; x_wconf 84' lang='lat'>73.</span> <span class='ocrx_word' id='word_1_309' title='bbox 1345 3315 1536 3356; x_wconf 80' lang='lat' dir='ltr'>Cerealia</span> <span class='ocrx_word' id='word_1_310' title='bbox 1545 3311 2034 3355; x_wconf 61' lang='lat' dir='ltr'>seme‘anammunera.</span> 
     </span>
    </p>

    <p class='ocr_par' dir='ltr' id='par_1_27' title="bbox 1241 3375 2034 3436">
     <span class='ocr_line' id='line_1_54' title="bbox 1241 3375 2034 3436; baseline -0.009 -13"><span class='ocrx_word' id='word_1_311' title='bbox 1241 3398 1255 3423; x_wconf 88' lang='lat'>1</span> <span class='ocrx_word' id='word_1_312' title='bbox 1269 3381 1331 3436; x_wconf 74' lang='grc'><strong>74.</strong></span> <span class='ocrx_word' id='word_1_313' title='bbox 1351 3381 1454 3422; x_wconf 85' lang='lat' dir='ltr'>Cum</span> <span class='ocrx_word' id='word_1_314' title='bbox 1466 3378 1768 3433; x_wconf 39' lang='lat' dir='ltr'>multo-faenore.</span> <span class='ocrx_word' id='word_1_315' title='bbox 1785 3375 2034 3432; x_wconf 83' lang='lat' dir='ltr'>Respexisse</span> 
     </span>
    </p>
   </div>
   <div class='ocr_carea' id='block_1_14' title="bbox 1186 3439 2036 3500">
    <p class='ocr_par' dir='ltr' id='par_1_28' title="bbox 1186 3439 2036 3500">
     <span class='ocr_line' id='line_1_55' title="bbox 1186 3439 2036 3500; baseline -0.009 -13"><span class='ocrx_word' id='word_1_316' title='bbox 1186 3453 1293 3500; x_wconf 84' lang='lat' dir='ltr'>puto</span> <span class='ocrx_word' id='word_1_317' title='bbox 1307 3444 1469 3487; x_wconf 86' lang='lat' dir='ltr'>Tibulli</span> <span class='ocrx_word' id='word_1_318' title='bbox 1483 3444 1642 3498; x_wconf 86' lang='lat' dir='ltr'>locum,</span> <span class='ocrx_word' id='word_1_319' title='bbox 1659 3442 1720 3498; x_wconf 86' lang='lat'>11,</span> <span class='ocrx_word' id='word_1_320' title='bbox 1739 3441 1962 3498; x_wconf 74' lang='lat' dir='ltr'>Eleg.v11‚</span> <span class='ocrx_word' id='word_1_321' title='bbox 1985 3439 2008 3480; x_wconf 84' lang='lat'>3</span> <span class='ocrx_word' id='word_1_322' title='bbox 2030 3456 2036 3479; x_wconf 82' lang='lat' dir='ltr'><em>z</em></span> 
     </span>
    </p>
   </div>
  </div>
 </body>
</html>
