2268 3776
691 270 1106 328 ‘REMEDIA
1151 273 1516 331 AMORIS.

1921 271 2031 352 437

309 390 592 469 Exiguum
625 390 844 463 multiS‚
871 390 931 450 in
960 390 1168 474 quibus
1199 392 1317 475 ipse
1345 393 1443 455 fui.

230 486 447 571 Scripta
478 511 603 549 cave
632 487 843 567 relegas
869 486 1087 550 blandae
1116 504 1327 551 servata
1354 489 1584 573 puellae:

315 584 647 646 Constantes
676 585 892 647 animos
923 586 1128 670 scripta
1157 585 1359 648 relecta
1386 601 1631 648 movent.

238 682 444 744 Omnia
475 705 621 766 pone
650 682 827 757 feros,
857 707 1034 767 pones
1058 671 1298 757 invitus,
1327 684 1386 744 in
1415 684 1572 764 ignes
1597 709 1610 757 ;

317 783 395 842 Et
421 779 508 842 dic
534 806 547 842 ε
573 780 810 843 Ardoris
840 782 914 843 sit
942 806 1113 861 rogus
1140 782 1246 843 iste
1273 782 1400 844 mei.

1947 812 2029 856 7²⁰

236 877 493 940 Thestias
523 878 808 942 absentem
838 880 1125 942 succendit
1152 879 1342 964 stipite
1372 893 1565 942 natum
1590 907 1603 942 :

316 976 406 1037 Tu
437 976 628 1039 timide
658 977 886 1039 flammae
915 978 1125 1063 perfida
1151 977 1318 1041 verba
1345 977 1539 1040 dabis!

234 1071 296 1133 Si
324 1086 509 1156 poteS‚
539 1088 596 1135 et
623 1098 772 1136 ceras
802 1099 1021 1137 remove
1044 1100 1057 1137 ε
1086 1075 1223 1159 quid
1251 1074 1489 1154 imagine
1517 1089 1672 1136 muta

320 1170 618 1254 Carperis?
646 1171 755 1232 hoc
781 1172 948 1256 periit
976 1172 1275 1234 Laodamia
1303 1171 1489 1233 modo.

234 1244 316 1326 Ε(
338 1263 462 1326 loca
487 1265 662 1328 multa
687 1283 891 1329 nocent
915 1293 927 1330 :
953 1267 1136 1348 fugito
1167 1267 1289 1331 loca
1317 1270 1540 1332 conscia
1566 1270 1735 1332 vestri

1950 1289 2034 1346 725

320 1363 699 1438 Concubitus3
731 1388 921 1427 causas
950 1365 1102 1427 mille
1129 1366 1340 1429 doloris
1368 1367 1594 1430 habent.

239 1462 348 1523 Hic
376 1462 512 1537 fuit;
540 1463 632 1525 hic
662 1464 886 1537 cubuit;
913 1464 1156 1527 thalamo
1187 1465 1550 1529 dormivimus
1580 1466 1722 1527 isto:

319 1560 430 1622 Hic
458 1561 597 1623 mihi
627 1561 827 1624 lasciva
857 1563 1055 1642 gaudia
1083 1577 1244 1625 nocte
1275 1562 1445 1625 dedit.

239 1658 552 1720 Admonitu
581 1659 871 1721 refricatur
898 1684 1078 1734 amor;
1110 1659 1425 1744 vulnusque
1455 1675 1721 1722 novatum

322 1755 643 1818 Scinditur:
669 1756 902 1819 infirmis
932 1782 1095 1820 causa
1124 1757 1328 1843 pusilla
1356 1773 1538 1820 nocet.

1953 1778 2035 1833 730

243 1856 355 1927 Ut,
387 1877 550 1938 poene
578 1854 883 1916 extinctum
915 1855 1153 1916 cinerem
1183 1855 1230 1916 si
1261 1854 1472 1917 sulfure
1505 1870 1729 1935 tangas,

322 1951 512 2024 Vivet,
543 1966 599 2013 et
628 1976 657 2013 e
686 1952 918 2012 minimo
944 1952 1215 2013 maximus
1243 1951 1390 2031 ignis
1420 1951 1563 2012 erit:

244 2050 364 2122 Sic,
390 2048 500 2110 nisi
529 2048 719 2109 vitaris
750 2048 1027 2132 quidquid
1055 2049 1346 2110 renovabit
1376 2072 1650 2121 amorem,

324 2144 570 2207 Flamma
599 2144 980 2220 redardescet,
1010 2169 1131 2229 quae
1156 2145 1330 2207 modo
1358 2143 1512 2206 nulla
1542 2144 1666 2205 fuit.

649 2247 664 2271 Ι

305 2343 398 2386 719·
415 2327 617 2382 Quamvis
634 2329 803 2371 e'nvilus.
818 2325 1023 2384 Eleganti
1038 2343 1104 2371 re-

248 2392 461 2450 petitione
479 2392 644 2450 Regius
662 2400 707 2436 et
724 2392 977 2437 Puteaneus
992 2425 1004 2448 ,
1019 2410 1105 2448 po-

247 2475 324 2503 nes
342 2461 512 2502 invitus.
532 2458 696 2502 Eunu.

327 2542 419 2582 721.
464 2526 662 2568 Thestias
696 2527 916 2569 succendit
945 2531 1106 2570 nalum.

250 2590 413 2635 Althea
450 2589 620 2635 Thestii
663 2590 751 2634 filia
769 2623 781 2645 ,
827 2607 925 2648 quae
961 2591 1105 2635 filium

249 2673 382 2702 suum
400 2656 679 2716 Meleagrum
696 2689 708 2711 ,
743 2659 942 2715 projecto
969 2658 1016 2701 in
1037 2658 1107 2701 so-

250 2737 355 2767 cum
373 2721 517 2780 stipite
533 2755 546 2777 ,
583 2722 657 2779 qui
684 2723 770 2765 fata
790 2723 882 2766 nati
902 2722 1109 2766 contine·-

248 2787 325 2832 bat
340 2820 353 2843 ‚
374 2786 435 2831 ita
453 2786 657 2844 perdidit.

309 2856 401 2911 724.
428 2855 546 2908 Quid
557 2858 743 2910 imagine
754 2859 871 2897 mula
888 2855 1108 2910 Carperis?

249 2920 332 2964 hoc
335 2922 466 2974 periit
472 2921 713 2963 Laodamia
723 2923 858 2963 modo.
868 2919 1107 2964 Laodamia

250 2983 410 3040 periit,
434 2985 673 3040 spectando
705 2994 922 3030 servatam
958 2985 1108 3029 mariti

251 3047 482 3091 Protesilai
516 3064 688 3092 ceream
713 3049 968 3107 imaginem.
989 3049 1106 3094 Vide

252 3112 338 3156 vol.
357 3113 405 3168 I,
428 3129 522 3170 pag.
545 3115 643 3169 244.

309 3180 642 3239 729.Admonilu
649 3186 998 3225 revocaturamor.
1005 3181 1106 3238 Alii,

253 3251 524 3289 renovaturet
533 3252 760 3290 revocatur.
769 3249 976 3290 Recreare
984 3246 1106 3302 dixit,

257 3310 483 3367 quomodo
504 3311 662 3355 Horat.
681 3312 702 3355 1
718 3343 731 3366 ‚
754 3311 843 3356 Od.
867 3326 968 3356 xxn
986 3329 997 3355 :
1017 3314 1111 3356 Ar·-

256 3378 334 3418 bor
340 3380 487 3419 aestim
498 3383 708 3420 recreatur
714 3394 832 3421 aura.
842 3377 946 3422 Non
959 3377 1109 3422 dubita

258 3448 407 3486 tamen
423 3442 628 3504 praescrre
643 3442 771 3500 Regii
785 3443 943 3487 codicis
957 3443 1109 3488 lectio-

1185 2343 1294 2371 nem
1307 2360 1320 2383 ‚
1341 2327 1388 2372 in
1414 2343 1503 2386 quo
1519 2360 1531 2382 ,
1553 2327 1787 2384 refricatur.
1821 2328 1894 2373 Sic
1912 2329 2045 2385 resri-

1185 2409 1284 2437 care
1301 2396 1525 2437 obduclam
1539 2397 1777 2449 reipublice
1793 2399 2045 2438 ce‘calrt'ccm.

1188 2459 1285 2502 Pro
1299 2462 1455 2503 vulnus
1473 2465 1670 2504 novatum
1685 2493 1696 2511 ‚
1720 2459 1831 2503 alter
1852 2460 2016 2518 Regius
2032 2494 2045 2514 ‚

1186 2526 1340 2567 vulnus
1349 2530 1552 2575 coactum,
1564 2524 1679 2582 quod
1690 2524 1746 2569 sit
1758 2525 2044 2569 conductum:

1189 2590 1415 2647 quomodo
1429 2607 1574 2647 cogere
1590 2591 1948 2647 rugasetsimilia.
1963 2594 2048 2637 Po·

1187 2665 1273 2701 test
1291 2666 1337 2701 et
1353 2661 1537 2701 coallum
1554 2658 1655 2715 legi,
1675 2674 1758 2716 pro
1776 2663 1989 2703 coalitum.

1253 2722 1347 2778 730.
1390 2724 1535 2766 Causa
1554 2727 1718 2779 pusilla
1744 2731 1879 2767 aocet.
1914 2727 2050 2780 Culpa

1188 2785 1295 2831 editi
1315 2786 1497 2844 quidam
1510 2797 1554 2831 et
1571 2788 1718 2845 scripti
1737 2806 1747 2832 :
1761 2793 1947 2845 cifimus
1958 2789 2047 2833 edi-

1188 2853 1331 2898 tiones
1344 2854 1511 2911 priscae,
1521 2864 1567 2898 et
1577 2854 1747 2914 Micylli
1761 2865 1806 2899 et
1816 2857 2045 2900 Bersman.

1246 2922 1338 2978 734.
1366 2924 1562 2965 Flamma
1576 2924 1853 2965 redardescet.
1867 2923 1940 2967 Sic
1954 2925 2046 2968 Re-

1190 2989 1299 3046 gius,
1318 2988 1571 3031 Puteaneus
1587 2997 1632 3031 et
1648 2989 1686 3031 F
1686 3004 1828 3032 arnes.
1846 2993 2048 3033 retardes-

1188 3059 1258 3096 ccl
1265 3052 1445 3109 :reliqui
1457 3052 1654 3110 plerique
1670 3070 1772 3097 cum
1788 3053 1929 3111 prima
1950 3055 2047 3098 edi-

1190 3118 1327 3172 tione,
1341 3122 1611 3163 recandescet
1624 3135 1637 3161 .·
1657 3128 1707 3163 ut
1724 3121 1837 3165 Met.
1849 3119 1956 3175 Vll,
1974 3123 2025 3178 78
2037 3137 2050 3163 ς

1189 3189 1355 3240 totoque
1371 3187 1593 3228 recanduit
1604 3199 1702 3239 ore‚·
1734 3194 1779 3229 et
1796 3201 1909 3243 saepe
1931 3185 2043 3228 alibi.

1191 3250 1435 3305 Nonnulli,
1457 3255 1708 3302 recalescet,
1735 3252 1805 3295 vel
1815 3254 2047 3295 recalescit.

1191 3316 1326 3359 Forte
1339 3348 1351 3369 ,
1361 3319 1628 3360 rccaldcscel.
1646 3319 1961 3360 Redardescere
1972 3351 1982 3368 ‚
1997 3325 2051 3359 ut

1190 3380 1237 3423 in
1265 3384 1501 3433 redamare,
1521 3384 1767 3437 redarguere
1781 3416 1791 3433 ‚
1818 3384 2048 3424 redama-u-

1192 3450 1283 3489 larc
1300 3454 1347 3490 et·
1365 3450 1661 3502 redauspzcarc
1679 3446 1794 3504 apud
1816 3446 2024 3491 Plautum
2038 3478 2052 3499 ,
