2268 3776
263 303 333 356 92
722 287 785 338 P.
844 286 1143 342 ov1D11
1199 287 1575 344 NASONIS

263 398 462 479 Qualia
493 421 596 459 nec
622 400 777 461 fratri
807 402 996 463 tulerit
1023 428 1278 482 germana
1300 428 1486 465 severo
1512 429 1526 477 ;
1990 429 2042 468 25

341 495 451 556 Sed
481 495 667 556 'tulerit
697 498 900 581 cupido
930 499 1116 560 mollis
1146 501 1317 561 amica
1351 501 1504 560 viro:

261 591 463 671 Qualia
493 593 751 654 credibile
777 611 887 668 est,
919 620 1020 657 nec
1049 596 1327 656 Phoebum
1350 596 1489 656 ferre
1519 596 1710 656 Dianae
1734 621 1748 668 3

343 688 452 748 Sed
474 691 742 750 Venerem
766 692 939 751 Marti
967 715 1108 774 saepe
1140 690 1331 751 tulisse
1358 716 1479 751 suo.

265 786 421 864 Quid
450 785 622 846 facis?
652 787 924 860 exclam03
961 813 1072 871 quo
1098 813 1247 848 nunc
1273 813 1391 848 mea
1421 790 1618 867 gaudia
1644 789 1819 850 defers
1841 792 1864 850 Ρ

344 883 592 963 Injiciam
624 883 876 946 dominas
905 886 964 944 in
994 910 1115 946 mea
1137 886 1262 966 jura
1289 908 1502 945 manus.
1991 892 2043 947 30

262 981 392 1040 Haec
421 979 527 1038 tibi
556 980 669 1064 sint
697 1005 938 1054 mecum,
966 982 1104 1042 mihi
1134 982 1247 1041 sint
1275 981 1589 1041 communia
1613 997 1792 1043 tecum
1817 1008 1829 1042 :

339 1078 406 1136 In
435 1078 589 1138 bona
616 1102 715 1138 cur
746 1079 1041 1162 quisquam
1069 1078 1265 1138 tertius
1293 1078 1399 1137 ista
1424 1077 1619 1137 venit?

262 1177 387 1235 Hoc
416 1201 548 1255 ego;
585 1202 815 1260 quaeque
850 1177 1014 1237 dolor
1041 1177 1244 1254 linguae
1268 1174 1496 1234 dictavit
1518 1199 1532 1235 :
1558 1189 1614 1235 at
1639 1174 1723 1247 ,illi

346 1274 584 1334 Conscia
611 1299 926 1357 purpureus
953 1274 1192 1335 venitin
1223 1297 1320 1333 ora
1346 1272 1547 1356 pudor.

262 1370 443 1450 Quale
475 1370 785 1431 coloratum
811 1372 1045 1431 Tithoni
1077 1371 1313 1451 conjuge
1343 1368 1535 1429 caelum
1997 1389 2051 1428 δέ»

347 1469 663 1541 Subrubet‚
694 1483 789 1529 aut
819 1493 1029 1552 sponso
1060 1468 1177 1528 visa
1205 1465 1391 1550 puella
1416 1490 1600 1526 novo:

255 1566 445 1645 'Quale
472 1591 613 1628 rosae
641 1566 859 1646 fulgent
886 1568 1033 1627 inter
1061 1591 1160 1627 sua
1186 1564 1302 1625 lilia
1327 1564 1546 1636 mixtae3

345 1664 465 1723 Aut
494 1664 594 1723 ubi
621 1664 853 1724 cantatis
883 1666 1043 1724 Luna
1066 1663 1287 1724 laborat
1310 1661 1469 1744 equis
1493 1685 1507 1720 :

263 1761 382 1822 Aut
413 1760 598 1843 quod,
631 1783 702 1820 ne
731 1760 917 1839 longis
940 1761 1226 1822 flavescere
1252 1758 1436 1842 possit
1465 1757 1534 1817 ab
1562 1756 1722 1817 annis
1739 1802 1753 1827 ‚

349 1858 586 1918 Maeonis
614 1858 908 1941 Assyrium
934 1858 1141 1919 femina
1170 1857 1337 1917 tinxit
1362 1855 1517 1916 ebur.
2001 1869 2055 1924 40

267 1953 377 2014 Hic
405 1969 551 2028 erat,
582 1969 679 2015 aut
708 1955 909 2038 aliquis
937 1954 1094 2015 color
1121 1954 1215 2015 ille
1249 1951 1563 2014 simillimus
1591 1951 1828 2021 horum;

266 2122 377 2181 pulti
408 2133 454 2168 et
476 2139 633 2168 somno
659 2123 873 2180 iacebant.
909 2122 1125 2166 Ovidium

267 2187 340 2230 hic
355 2186 542 2231 Ovidius
557 2188 871 2245 interpretatur
885 2220 897 2243 ‚
921 2187 996 2244 qui
1015 2188 1126 2231 libro

267 2254 507 2312 superiori:

266 2324 300 2354 Si
315 2324 395 2354 bene
410 2325 606 2368 compositus
617 2334 729 2355 somno
742 2323 884 2366 vinoque
896 2324 1027 2366 jacebit.

269 2383 332 2426 Et
365 2385 523 2427 Horat.
561 2384 706 2428 Serm.
729 2400 774 2441 1,
814 2385 904 2429 Sat.
931 2399 980 2428 1x
994 2418 1006 2437 ‚
1041 2386 1095 2428 28
1115 2401 1125 2428 :

272 2451 446 2496 Omnes
466 2456 691 2507 composui.
720 2475 777 2485 ·—·
802 2453 922 2495 Unus
942 2457 989 2495 el
1005 2455 1126 2495 aller.

269 2514 327 2558 In
340 2515 371 2558 J
374 2514 538 2557 uniano
552 2525 646 2558 erat
661 2548 672 2571 ,
694 2520 809 2558 alter
822 2522 869 2558 et
884 2520 998 2559 aller
1007 2531 1023 2569 ,⁵
1047 2516 1124 2560 sed

271 2592 421 2627 tamen
444 2584 629 2640 praesero
646 2616 657 2638 ,
679 2601 788 2627 uuus
801 2591 847 2627 et
862 2589 976 2629 aller
989 2599 1001 2625 :
1016 2589 1131 2629 aller

271 2657 318 2695 et
334 2655 449 2695 aller
462 2651 584 2694 enim
605 2649 660 2694 de
678 2651 847 2694 duobus
869 2661 1042 2694 tantum
1062 2652 1125 2695 di-

271 2717 387 2760 citur
411 2734 423 2770 ;
466 2732 575 2760 unus
607 2721 655 2759 et
677 2719 792 2758 alter
813 2715 867 2758 de
905 2715 1124 2772 pluribus:

275 2798 545 2839 quamquam
568 2781 732 2825 Donat.
760 2779 814 2824 ad
846 2780 950 2822 Ter.
984 2778 1126 2822 Andr.

274 2866 294 2892 1
313 2883 325 2904 ,
346 2863 378 2891 1.
402 2850 569 2893 Amans
586 2865 695 2892 unus
720 2854 766 2891 et
783 2852 887 2902 ‚ilem
906 2850 1034 2899 aller,
1071 2846 1126 2889 de
1150 2844 1157 2861 ¹*

273 2916 412 2960 tribus
444 2917 652 2974 explicat,
689 2917 789 2973 quia
820 2916 1043 2972 sequitur,
1083 2918 1135 2957 hi

274 2989 362 3027 tres
379 2989 465 3027 tum
486 2989 619 3028 simul
631 2989 837 3028 amabant
843 2999 858 3037 ;
889 2983 962 3028 sed
985 2982 1098 3026 male
1118 2998 1128 3025 :

277 3057 343 3092 est
367 3050 489 3092 enim
518 3050 753 3093 indefinita
778 3049 951 3093 locutio.
985 3047 1126 3091 Cicer.

277 3129 357 3170 pro
392 3113 570 3158 Cluent.
591 3115 643 3157 26
664 3131 674 3157 z
701 3116 819 3157 Unus
841 3119 886 3156 et
904 3116 1019 3156 aller
1036 3114 1129 3154 dies

275 3186 510 3225 intervenit.
529 3183 685 3225 Horat.
707 3196 749 3236 Ι,
774 3182 911 3238 Epist.
938 3198 1002 3236 ιο,
1020 3197 1059 3222 v.
1078 3180 1125 3233 4:

278 3252 450 3293 Quidquid
460 3260 553 3293 negat
565 3253 646 3283 alter
659 3259 689 3282 et
705 3252 795 3282 alter.
889 3253 1012 3283 BURM.

335 3314 402 3355 25.
426 3316 588 3369 Cupido
603 3316 742 3356 mollzlr
756 3318 895 3356 amica
913 3318 1013 3356 vim.
1036 3313 1127 3370 Op-

280 3380 414 3424 timus
447 3382 670 3425 Palatinus
709 3389 754 3424 et
784 3381 1126 3438 Neapolitanus,

282 3449 432 3502 cupido
447 3464 535 3490 suo.
561 3448 697 3504 Epist.
719 3463 776 3491 XX
793 3481 804 3502 ,
830 3463 880 3504 70
901 3463 910 3490 t

1206 2133 1357 2174 Utraque
1368 2131 1526 2162 victorem
1539 2138 1653 2169 nempe
1668 2133 1778 2159 sec-uta
1791 2137 1897 2157 suum.
1920 2125 2056 2158 Hnms.

1206 2193 1279 2237 Sic
1300 2193 1421 2237 enim
1442 2190 1540 2234 libri
1560 2188 1763 2233 nonnulli
1783 2197 1963 2233 veteres.

1260 2274 1327 2316 29.
1361 2259 1455 2310 Quo
1468 2270 1578 2298 nunc
1595 2269 1689 2296 mea
1699 2255 1859 2309 gaudia
1876 2253 2026 2308 dzsfers
2038 2256 2060 2296 ,Ρ

1206 2323 1520 2380 Neapolitanus
1530 2331 1573 2364 et
1585 2330 1772 2378 quatuor
1786 2320 1855 2363 alii
1871 2353 1882 2374 ,
1895 2323 2036 2376 defin-s
2044 2354 2056 2372 ‚

1206 2407 1310 2434 cum
1329 2389 1535 2447 Scaligeri
1552 2387 1762 2445 excerptis
1783 2396 1827 2431 et
1851 2387 2059 2431 Puteani:

1209 2463 1327 2498 recte
1356 2487 1368 2509 ‚
1403 2470 1482 2510 quo
1498 2454 1599 2509 jam
1627 2460 1828 2509 excerpta
1857 2451 2060 2503 Puteani‚

1207 2521 1340 2564 Forte
1359 2553 1371 2575 ,
1400 2521 1616 2576 quonam?
1645 2519 1792 2576 Atque
1813 2519 1873 2561 ita
1901 2519 2060 2561 Arun-

1207 2587 1418 2631 delianus.
1441 2587 1581 2630 IDEM.

1262 2656 1343 2709 34.“
1365 2657 1494 2698 Venit
1527 2658 1574 2696 in
1603 2669 1678 2696 ora
1705 2653 1853 2708 pudor.
1885 2652 2034 2691 Rubor
2047 2684 2056 2699 ‚

1209 2720 1389 2776 quidam
1417 2719 1564 2776 scripti
1597 2736 1608 2762 :
1638 2728 1683 2761 et
1708 2718 1868 2775 placet..
1902 2715 2061 2760 Catull.

1210 2782 1358 2839 Epigr.
1382 2797 1481 2825 va.
1505 2784 1710 2825 Conscius
1729 2797 1799 2823 ore
1818 2783 1951 2823 rubor.

1263 2850 1328 2907 37.
1365 2852 1500 2904 Quale
1520 2866 1624 2892 rosa.-
1642 2849 1821 2905 fidgenl
1847 2857 1927 2891 etc.
1966 2847 2061 2890 So-

1208 2917 1346 2961 lemni
1366 2917 1503 2974 poetis
1524 2932 1673 2967 more,
1697 2916 1784 2959 lilia
1798 2915 1905 2958 rosis
1917 2914 1965 2957 in
1985 2930 2060 2957 ore

1210 2984 1558 3029 subrubescentis
1578 2983 1732 3040 puellae
1750 2982 1966 3029 immiscet
1979 3014 1991 3036 ,
2014 2991 2062 3024 ut

1210 3067 1456 3109 purpureus
1490 3050 1562 3092 ille
1599 3049 1723 3093 color
1763 3048 2030 3105 exprimatur
2049 3080 2060 3100 ‚
2117 3095 2122 3099 ¹

1211 3118 1286 3174 qui
1312 3133 1442 3175 genas
1474 3115 1637 3159 sensim
1669 3122 1849 3170 occupat
1868 3145 1880 3167 ‚
1913 3111 2062 3155 nativo

1210 3183 1390 3228 candori
1419 3183 1620 3226 suffusus.
1654 3205 1709 3215 —
1747 3178 1967 3224 Credibile
1993 3179 2061 3221 vix

1213 3259 1428 3306 quantum
1443 3264 1492 3291 ea
1510 3247 1563 3290 de
1582 3264 1628 3290 re
1644 3246 1813 3289 Marius
1826 3243 2062 3299 ineptierit.

1267 3317 1333 3368 41.
1361 3316 1448 3356 Hic
1461 3318 1574 3363 erat,
1597 3317 1676 3354 aul
1692 3313 1858 3367 aliquis.
1885 3307 2061 3351 Rectius

1211 3379 1258 3421 in
1278 3378 1415 3421 veteri
1436 3377 1582 3420 codice
1605 3393 1616 3418 :

1212 3448 1275 3478 His
1289 3455 1370 3486 erat,
1382 3454 1437 3479 aut
1451 3447 1549 3477 alicui
1566 3446 1651 3478 color
1665 3444 1718 3475 ille
1734 3443 1919 3474 simillimus
1932 3440 2063 3472 borum.
