2268 3776
533 281 797 338 ARTIS
846 277 1332 335 AMATORIAE
1382 278 1546 332 LIB.
1596 276 1684 331 ΙΙ.

289 403 423 464 Arte
455 402 644 462 Venus
672 397 824 460 nulla
852 395 1011 457 dulce
1037 395 1252 479 peregit
1282 419 1437 478 opus.

1876 277 1983 330 312·

1956 326 1974 353 l

1906 413 1988 467 430

210 499 339 561 Ales
366 498 560 572 habet,
587 495 739 580 quod
766 508 910 556 amet
934 518 947 554 ε
977 517 1103 554 cum
1133 517 1246 576 quo
1276 517 1373 554 sua
1402 491 1601 571 gaudia
1626 491 1845 573 jungat,

291 595 506 655 Invenit
534 594 590 654 in
620 591 798 654 media
825 591 1025 652 semina
1056 590 1224 674 piscis
1254 614 1411 672 aqua.

214 693 383 753 Cerva
408 715 594 775 parem
624 690 908 773 sequitur;
940 710 1163 771 serpens
1194 700 1444 770 serpente
1478 699 1720 746 tenetur:

291 789 477 848 Haeret
502 786 773 849 adulterio
802 810 927 846 cum
957 807 1087 845 cane
1114 807 1253 845 nexa
1283 782 1450 843 canis.

211 887 357 947 Laeta
385 884 578 946 salitur
607 885 757 946 ovis:
788 898 943 945 tauro
974 903 1195 964 quoque
1225 878 1347 940 laeta
1373 878 1599 960 juvenca
1633 893 1749 939 est:
1915 896 1999 952 483

293 982 542 1043 Sustinet
571 981 918 1042 immundum
944 979 1079 1040 sima
1110 975 1317 1060 capella
1343 999 1562 1036 marem.

214 1082 281 1142 In
309 1080 479 1142 furias
509 1079 789 1159 agitantur
817 1099 1003 1160 equae;
1030 1074 1320 1159 spatioque
1345 1089 1552 1135 remota

295 1180 404 1240 Per
430 1177 550 1239 loca
581 1175 835 1237 dividuos
861 1197 1017 1235 amne
1043 1185 1353 1255 sequuntur
1383 1193 1572 1253 equos,

218 1277 370 1355 Ergo
399 1297 526 1353 age;
552 1287 606 1332 et
633 1272 783 1333 iratae
808 1268 1167 1331 medicamina
1194 1267 1360 1327 fortia
1388 1266 1604 1350 praebe:

298 1371 401 1433 Illa
427 1370 530 1431 feri
558 1369 806 1452 requiem
837 1366 954 1428 sola
983 1364 1191 1426 doloris
1213 1364 1436 1434 hahent,

217 1467 323 1530 Illa
347 1465 710 1528 Machaonios
741 1478 1004 1547 superant
1035 1461 1397 1524 medicamina
1422 1485 1648 1523 succos:

302 1565 435 1638 His,
458 1564 558 1625 ubi
586 1562 856 1648 peccariS,
880 1560 1258 1623 restituendus
1285 1559 1408 1620 eris.

223 1690 379 1750 HAEC
405 1712 507 1767 ego
540 1711 711 1771 quum
741 1708 1011 1756 canerem,
1043 1683 1232 1744 subito
1262 1680 1585 1743 manifestus
1615 1679 1822 1764 Apollo

303 1785 485 1846 Movit
510 1785 770 1845 inauratae
795 1780 999 1865 pollice
1028 1779 1119 1841 fila
1150 1779 1295 1863 lyrae.

225 1883 291 1944 In
318 1881 573 1942 manibus
602 1880 790 1941 laurus
813 1903 826 1939 :
853 1878 1021 1940 sacris
1050 1876 1276 1937 inducta
1305 1874 1517 1959 capillis

306 1981 519 2040 Laurus
549 1992 698 2038 erat:
722 1992 870 2039 vates
899 1975 993 2037 ille
1022 1973 1295 2037 videndus
1325 1973 1455 2052 agit.

228 2077 286 2137 Is
310 2075 482 2136 mihi:
513 2103 542 2129 «
568 2074 783 2136 Lascivi
801 2121 816 2147 ,
847 2071 1021 2147 dixit,
1053 2085 1362 2156 praeceptor
1387 2069 1611 2131 Amoris
1629 2116 1644 2141 ,

310 2173 462 2245 Duc,
485 2196 611 2251 age,
642 2170 947 2254 discipulos
974 2169 1044 2231 ad
1071 2193 1191 2229 mea
1220 2166 1423 2249 templa
1454 2181 1596 2226 tuos.

231 2270 337 2329 Est
363 2269 444 2329 ibi
474 2269 748 2329 diversum
776 2268 917 2329 fama
945 2265 1218 2327 celebrata
1246 2259 1347 2346 Per
1376 2263 1564 2322 orbem

315 2365 529 2438 Litera,
558 2363 816 2443 cognosci
847 2387 968 2446 quae
998 2362 1107 2422 sibi
1139 2383 1413 2444 quemque
1432 2359 1608 2440 jubet.
1938 2376 2019 2418 (τοο

292 2515 385 2571 483.
426 2517 555 2560 Cerva
586 2531 731 2571 parem
770 2518 964 2570 scquzlur.
1002 2514 1089 2559 Sex

237 2581 405 2641 scripti,
415 2596 592 2624 marem:
604 2596 737 2654 quam
749 2580 947 2623 vitiosam
960 2580 1088 2636 scrip·

238 2653 398 2701 turam,
411 2645 632 2704 (sequitur
643 2645 763 2688 enim
781 2645 901 2698 mox)
915 2644 1089 2688 videtur

239 2711 777 2765 aemulatusNemesianus,
790 2710 1089 2809 Eclog.1v,e26:

241 2785 342 2817 Cerva
324 2794 401 2814 nam
418 2793 491 2813 esm
493 2783 744 2826 ei,ruquturtQ
725 2779 972 2820 uoosamsrmju

244 2844 299 2887 In
317 2843 613 2900 sequentibus,
628 2841 864 2886 Bernensis
882 2856 996 2883 unus
975 2790 1088 2882 ve-ha

243 2907 317 2952 bet
333 2940 345 2963 ,
365 2912 474 2950 sima
491 2908 655 2962 capella
673 2923 856 2962 caprum.
883 2906 1047 2948 Romu.

298 2973 392 3031 493.
419 2975 522 3015 Hoec
545 2989 619 3027 ego
644 2989 765 3028 quum
794 2987 984 3016 canerem
1006 2979 1088 3016 etc.

246 3036 382 3081 Haud
401 3036 536 3080 semel
565 3052 588 3079 a
616 3037 741 3080 nobis
766 3037 857 3092 jam
877 3037 1089 3081 observa-—

247 3110 343 3144 tum
364 3109 443 3155 est,
462 3115 595 3156 quam
613 3099 734 3144 facile
757 3101 917 3143 Noster
938 3116 961 3142 e
983 3100 1092 3143 levi-

246 3167 327 3210 bus
349 3165 399 3209 ad
426 3165 604 3222 grandia
621 3165 897 3221 adsui-geren
920 3173 964 3207 et
982 3165 1091 3208 ino—

249 3231 398 3288 pinato
411 3246 480 3273 res
497 3229 681 3273 ludicras
696 3228 858 3272 altioris
871 3229 1092 3286 sapientiae

249 3294 473 3353 praeceptis
494 3302 773 3351 temperaret.

303 3361 396 3418 495.
425 3361 614 3401 Inducta.
634 3360 788 3401 Induta
806 3357 974 3414 plures,
997 3374 1093 3414 quae

250 3424 455 3480 solemnis
487 3425 711 3481 consusi03
740 3424 816 3470 sed
848 3441 988 3481 unu,
1009 3429 1094 3469 ob-

1169 2515 1310 2563 ducta,
1324 2510 1442 2569 quod
1451 2526 1545 2554 non
1557 2509 1764 2567 displicet
1779 2509 1853 2556 Sic
1862 2514 2022 2570 clypeis·

1166 2582 1556 2632 obducerepectora,
1570 2577 1679 2621 Stat.
1682 2577 1823 2621 Theb.
1835 2591 1902 2621 xn
1907 2595 2022 2636 ,701

1224 2645 1320 2705 496.
1339 2647 1468 2688 Vates
1479 2647 1553 2687 illc
1562 2647 1766 2687 videndus
1779 2648 1912 2687 adest.
1931 2647 2022 2689 Pri-

1168 2729 1243 2755 ma
1273 2711 1408 2755 editio
1439 2727 1540 2755 cum
1573 2711 1740 2768 scriptis
1772 2713 1987 2769 plerisque
2006 2748 2021 2765 ‚

1016 2789 1086 2810 ¹¹0³·
1168 2783 1273 2823 adit.
1288 2779 1452 2836 Regius
1466 2794 1568 2822 cum
1575 2794 1667 2821 uno
1679 2779 1906 2832 patavine,
1918 2783 2028 2823 abit.

1172 2845 1354 2901 Septem
1372 2843 1465 2898 alii,
1479 2849 1582 2885 erat.
1602 2843 1824 2898 Quatuor‚
1835 2849 1911 2886 ait.
1931 2842 2025 2887 Co·-

1171 2909 1435 2952 melinianus
1449 2925 1500 2951 ex
1519 2907 1771 2951 melioribus
1787 2941 1798 2961 ‚
1814 2913 1926 2963 agit:
1938 2925 2023 2953 nec

1171 2975 1323 3019 dubita
1344 2974 1451 3030 quin
1468 2990 1583 3016 vere.
1607 2974 1775 3016 Hssms.

1227 3042 1321 3098 499.
1350 3040 1435 3080 Est
1451 3041 1528 3080 ubi
1540 3041 1758 3080 diversum.
1778 3040 1851 3080 lbi
1865 3039 2027 3095 majori

1174 3122 1226 3148 ex
1254 3112 1376 3160 parte
1410 3103 1557 3159 scripti
1578 3120 1588 3145 :
1609 3103 1692 3146 nisi
1722 3103 1839 3160 quod
1861 3105 2027 3162 Regius

1176 3178 1221 3212 et
1242 3169 1331 3211 duo
1346 3168 1415 3210 alii
1435 3184 1535 3210 cum
1550 3168 1690 3224 prima
1703 3168 1895 3213 editione
1909 3203 1920 3224 ‚
1933 3174 2024 3213 libi.

1173 3232 1600 3286 EstmibiPolitiani,
1611 3242 1655 3275 et
1671 3233 1759 3276 duo
1772 3234 1853 3278 alii.
1869 3237 2025 3277 Diver-

1171 3314 1261 3341 sum
1270 3301 1533 3340 celeberrima
1530 3297 1659 3351 flama
1660 3303 1891 3353 perorbem,
1901 3300 2015 3343 Amb
2029 3330 2042 3341 .

1229 3365 1323 3405 500.
1340 3363 1636 3418 Cognosciquae
1643 3367 1732 3406 sibi
1740 3373 1819 3407 etc.
1838 3363 2026 3408 Celebre

1172 3426 1333 3478 scilicet
1344 3426 1451 3472 illud
1469 3435 1632 3475 ΓΝΩ-ΘΙ
1644 3436 1890 3485 ΣΕΛΥΤΟΝ,
1906 3429 2025 3487 quod
