2268 3776
250 263 319 316 30

707 265 774 318 P.
835 267 1136 327 OVIDII
1190 273 1568 335 NASONIS

246 376 390 456 Quis
418 376 554 437 mihi
582 401 730 452 non,
760 381 1024 458 DemenS,
1054 388 1177 469 quis
1198 414 1316 451 non
1343 393 1508 467 mihi,
1542 392 1810 472 Barbare,
1844 398 2020 462 dixit?

324 474 452 555 Ipsa
473 473 613 533 nihil
643 500 655 534 ε
684 477 883 559 pavido
913 478 1104 559 lingua
1129 499 1342 546 retenta
1370 503 1539 549 metu.
1965 527 2019 558 20

244 567 354 628 Sed
383 569 532 628 taciti
561 569 733 632 fecere
764 587 943 636 tamen
973 578 1220 640 convicia
1247 578 1467 654 vultus;

322 666 457 744 Egit
482 690 567 727 me
598 665 859 744 lacrimis,
895 696 988 733 ore
1018 672 1213 735 silente
1233 721 1248 746 ‚
1277 699 1448 736 reum.

243 762 389 821 Ante
417 784 568 821 meos
598 762 841 825 humeris
869 766 1063 828 vellem
1093 769 1353 833 cecidisse
1381 770 1650 847 lacertos;

323 856 530 917 Utilius
559 861 718 940 potui
748 877 901 943 parte
936 888 1114 924 carere
1149 862 1271 926 mei.

241 955 309 1013 In
336 978 456 1015 mea
483 978 705 1017 vesanas
734 956 907 1019 habui
939 960 1228 1044 dispendia
1256 961 1436 1035 vires;
1963 987 2017 1030 25

324 1051 398 1109 Et
427 1047 573 1109 valui
601 1074 820 1133 poenam
849 1053 1009 1115 fortis
1036 1056 1095 1114 in
1125 1056 1244 1138 ipse
1275 1081 1465 1118 meam.

243 1143 397 1223 Quid
424 1145 560 1205 mihi
588 1147 899 1223 vobiscum,
931 1150 1091 1211 caedis
1120 1152 1496 1237 scelerumque
1525 1155 1831 1219 ministrae?

320 1242 525 1302 Debita
555 1243 828 1323 sacrilegae
857 1245 1037 1307 vincla
1060 1249 1244 1309 subite
1275 1273 1487 1310 manuS.

241 1339 358 1413 An,
391 1339 439 1399 si
465 1339 770 1422 pulsassem
796 1341 1085 1404 minimum
1113 1344 1178 1405 de
1209 1345 1373 1428 plebe
1404 1347 1718 1426 Quiritem,

240 1526 323 1567 qua
343 1510 508 1554 circum
526 1519 655 1567 caput
674 1511 815 1555 crines
843 1511 1085 1570 religabant

181 1594 184 1597 ·
237 1585 403 1620 ‘veteres
421 1609 433 1631 ,
471 1584 516 1619 et
546 1592 643 1632 quae
676 1585 897 1621 matronas
930 1580 1084 1635 praeci-

238 1659 322 1700 pue
351 1658 375 1686 a
406 1641 641 1699 virginibus
673 1641 956 1686 discernebat.
990 1644 1084 1688 Nec

237 1716 450 1750 matrona:
468 1706 610 1750 solum
629 1711 829 1759 villaloe5
852 1707 930 1750 sed
951 1717 995 1752 et
1013 1725 1084 1752 sa-

237 1772 434 1817 cerdotes
450 1805 462 1827 ,
484 1780 602 1815 vates
622 1804 634 1826 ,
667 1771 869 1815 Deorum
899 1781 1050 1816 statuae
1067 1806 1080 1828 ,

237 1854 336 1893 arae,
350 1836 559 1894 supplices
570 1845 614 1879 et
623 1836 983 1893 victimae.AEn.11‚
994 1856 1008 1881 1
1017 1838 1082 1882 56:

396 1910 562 1951 Vittoeque
573 1907 681 1940 Deum
690 1932 700 1947 ,
714 1918 794 1949 quas
807 1908 914 1941 hostia
924 1910 1018 1949 gessi.

295 1989 357 2031 ¹9·
392 1973 603 2021 Barbare,
639 1971 762 2013 dixu.
795 1972 933 2013 Dicat
973 1970 1082 2014 alter

237 2037 439 2081 Mentelii
458 2069 470 2091 ‚
501 2035 584 2078 nisi
603 2038 726 2078 dixet
754 2037 960 2094 antique,
999 2052 1080 2093 pro

235 2107 426 2147 dae'xtsset.
450 2102 616 2159 Herus.

289 2186 355 2212 22.
382 2169 489 2222 Egit
503 2182 569 2208 me
587 2170 774 2210 lacrimis·
799 2175 879 2210 etc.
917 2168 1082 2212 Prioris

235 2249 382 2277 versus
408 2247 586 2275 sensum
614 2231 800 2275 evolvit:
825 2230 1013 2276 lacrimae
1035 2233 1082 2275 il-

233 2300 315 2342 lius
331 2332 342 2353 ,
363 2300 513 2340 silente
534 2296 667 2339 etiam
683 2313 776 2348 ore,
800 2313 911 2340 reum
924 2313 996 2341 me
1018 2314 1082 2342 ar·

235 2370 437 2422 guerunt.

242 2456 244 2458 v
287 2428 354 2471 26.
402 2429 467 2470 Et
492 2428 617 2469 valui
632 2443 798 2481 poenam
812 2426 948 2482 forits
975 2431 1082 2471 inire

235 2508 383 2536 meam.
420 2491 493 2534 Sic
521 2499 690 2546 septem
717 2491 865 2547 scripti
888 2508 899 2542 ;
952 2491 1080 2535 male.

232 2558 442 2603 Francius
473 2555 643 2598 volebat
657 2588 669 2609 ,
699 2556 752 2597 Iu
771 2571 938 2610 poenam
966 2559 1087 2599 valui

221 2625 357 2680 soriis
384 2626 431 2665 et
452 2624 542 2676 lpse
572 2636 707 2663 meam
729 2636 742 2662 .·
773 2620 945 2677 elegans
975 2637 1081 2664 vero

233 2705 334 2737 usus
353 2686 473 2731 verbi
493 2687 635 2728 valere
655 2702 668 2728 .·
690 2684 749 2728 ita
767 2689 907 2728 valere
923 2690 968 2727 in
986 2701 1082 2728 sce-

234 2758 301 2796 lus
312 2754 514 2808 Propert.
529 2763 579 2794 ιν
591 2783 603 2805 ,
627 2749 749 2806 Eleg.
767 2763 837 2793 vn
849 2781 861 2803 ,
877 2749 944 2792 68.
964 2751 1082 2793 Diroe

231 2825 277 2863 in
297 2819 477 2874 aliquem
489 2818 648 2859 valent.
666 2814 821 2870 Vellej.
840 2815 1008 2858 Patere.
1025 2828 1080 2871 11,

234 2884 287 2938 46
308 2898 319 2925 ε
339 2885 404 2927 Ne
424 2884 527 2938 quid
537 2885 652 2923 esset
667 2884 712 2923 in
731 2882 868 2923 literis
884 2882 998 2935 quod
1010 2897 1083 2923 va-

233 2951 317 2991 lere
334 2952 480 2990 contra
506 2951 638 3001 caput
656 2950 781 3001 alque
798 2949 1084 2988 existimatio-

232 3029 326 3055 nem
339 3017 500 3067 posset.
524 3009 665 3054 Cicer.
685 3023 722 3052 11
740 3043 751 3065 ‚
777 3011 906 3053 Verr.
932 3027 995 3068 71.
1028 3010 1080 3052 Β.

289 3096 354 3138 29.
383 3079 457 3121 Au
474 3110 485 3128 ,
519 3081 565 3119 si
579 3080 819 3132 pulsassem
845 3084 925 3120 etc.
958 3074 1082 3131 Quid

235 3144 357 3188 enim
377 3141 432 3185 de
453 3141 526 3184 illo
542 3174 554 3196 ,
578 3142 612 3185 si
634 3145 918 3193 verberasset,
946 3157 1084 3197 quum

231 3208 299 3251 vel
313 3211 554 3263 pulsantem
568 3239 579 3257 ‚
611 3215 656 3249 et
675 3211 883 3249 minimum
903 3205 1081 3262 quidem

232 3277 285 3317 de
289 3277 436 3328 plebe,
449 3271 664 3328 plectilex
674 3271 892 3314 voluerit?
910 3294 965 3303 —
984 3272 1083 3327 Qui-

232 3344 334 3382 tiles
347 3338 519 3394 proprie
532 3371 544 3392 ,
565 3337 639 3393 qui
659 3339 789 3379 Cures
808 3337 1078 3391 incolebant,

233 3404 499 3447 Sabinorum
527 3402 761 3459 oppidum3
795 3411 845 3445 ut
866 3405 1077 3456 Romani,

1166 1512 1242 1570 qui
1274 1516 1466 1559 Romam.
1501 1517 1686 1570 Quirites
1705 1517 1838 1562 etiam
1860 1518 2016 1576 appel-

1164 1578 1366 1624 labantur
1381 1581 1494 1625 cives
1512 1583 1667 1626 urbani
1683 1616 1696 1639 ,
1717 1584 1902 1641 pagani,
1922 1600 2015 1627 non

1164 1643 1335 1688 milites.
1359 1645 1558 1689 Militum
1576 1663 1744 1691 nomen
1767 1658 1861 1692 erat
1879 1648 2017 1692 hono-

1163 1708 1426 1765 rificentius,
1449 1726 1581 1767 quam
1608 1714 1843 1767 Quiritum‚·
1877 1714 2016 1770 quum

1163 1772 1319 1828 plebeii
1339 1774 1472 1817 etiam
1492 1775 1727 1832 ignobiles,
1754 1779 1828 1834 qui
1849 1779 2016 1822 nullam

1162 1836 1409 1894 reipublice
1425 1855 1607 1897 operam
1622 1852 1903 1898 navaverant,
1914 1859 2016 1900 pos-

1161 1910 1260 1944 sent
1295 1903 1482 1956 Quiriles
1512 1920 1616 1948 esse.
1641 1927 1697 1939 ·—
1716 1907 1935 1950 splinimum
1963 1910 2018 1950 de

1155 1969 1281 2021 plebe
1306 1969 1520 2021 Quiritem.
1551 1970 1715 2027 Regius
1736 1979 1780 2015 et
1808 1972 2018 2028 Neapoli-

1163 2038 1290 2075 tanus
1304 2065 1316 2087 ,
1346 2037 1520 2078 minima
1538 2037 1591 2077 de
1603 2037 1730 2090 plebe
1750 2052 1763 2079 .·
1784 2035 1903 2092 quod
1922 2052 2016 2079 non

1161 2097 1461 2154 spernendum
1473 2132 1485 2154 ,
1508 2099 1589 2143 nisi
1603 2100 1698 2156 quis
1712 2101 1834 2145 malit
1848 2135 1859 2156 ‚
1877 2104 2019 2145 media

1162 2165 1357 2217 deplebe.
1373 2163 1541 2209 Hnms.
1564 2165 1821 2210 Verisimilis
1844 2166 2020 2210 Heinsii

1164 2228 1444 2284 conjectura,
1466 2237 1511 2273 et
1532 2230 1591 2273 ita
1611 2230 1756 2274 citavit
1769 2230 1888 2274 hunc
1904 2247 2017 2274 ver-

1162 2309 1263 2336 sum
1283 2293 1659 2350 olimsalmasius,
1677 2296 1843 2339 observ.
1860 2294 1914 2339 ad
1934 2295 2017 2338 Jus

1164 2357 1363 2402 Atticum
1382 2391 1394 2414 ,
1421 2375 1515 2416 pag.
1533 2359 1615 2417 267,
1633 2377 1644 2412 ;
1666 2359 1741 2402 ubi
1762 2358 1816 2402 de
1834 2359 1914 2402 hac
1934 2359 2015 2402 in-

1161 2422 1276 2478 juria
1287 2455 1299 2476 ,
1323 2438 1420 2479 quae
1437 2439 1517 2480 per
1534 2424 1716 2466 verbera
1731 2423 1920 2467 insertur
1931 2457 1946 2479 r,
1970 2433 2017 2468 et

1134 2485 1137 2488 ’
1163 2486 1325 2532 Graecis
1345 2493 1453 2534 αἰκία
1473 2487 1632 2532 dicitur
1645 2521 1658 2543 ,
1690 2488 1879 2546 disputat
1900 2501 1910 2529 ε
1931 2505 2013 2547 ego

1163 2561 1312 2597 tamen
1343 2554 1452 2598 nihil
1480 2563 1649 2599 temere
1669 2565 1821 2598 contra
1844 2554 2013 2598 codices

1162 2619 1428 2662 mutandum
1441 2635 1532 2663 esse
1545 2628 1652 2675 puto
1667 2637 1678 2672 ;
1693 2622 1746 2662 de
1752 2622 1878 2675 plebe
1891 2619 2012 2662 enim

1161 2683 1412 2740 simpliciter
1423 2683 1555 2726 etiam
1568 2692 1693 2727 notat
1701 2684 1915 2739 abjectam
1923 2699 2012 2728 sor-

1163 2757 1266 2791 tem.
1297 2747 1555 2792 Notandum
1575 2764 1681 2791 vero
1707 2749 1876 2792 Marius
1902 2752 2010 2792 rno-

1161 2813 1276 2867 nuit,
1298 2814 1500 2867 Quiritem
1521 2812 1591 2856 hic
1606 2813 1653 2855 in
1666 2813 1872 2870 singulari
1886 2814 2009 2870 poni,

1162 2893 1300 2934 quum
1330 2877 1554 2934 pluraliter
1587 2885 1760 2921 tantum
1791 2879 2011 2924 veteribus

1162 2950 1420 2999 usurpatum
1456 2942 1585 2985 fuisse
1628 2944 1815 2996 Quirites
1830 2976 1840 2992 ‚
1884 2950 2012 2985 notet

1163 3006 1309 3050 Schol.
1332 3007 1444 3050 Hor.
1467 3005 1521 3049 ad
1542 3006 1613 3049 illa
1633 3006 1703 3050 lib.
1725 3021 1786 3063 Π,
1810 3005 1898 3051 od.
1917 3019 2012 3052 vn:

1225 3081 1309 3122 Quis
1323 3088 1354 3112 te
1365 3081 1535 3113 redonavit
1549 3081 1713 3121 Quiritem

1263 3142 1324 3175 Dis
1342 3142 1467 3184 patriis.

1162 3202 1251 3247 Sed
1273 3212 1318 3246 et
1338 3203 1500 3248 Noster
1520 3216 1602 3257 111,
1626 3202 1728 3246 Am.
1745 3201 1809 3245 El.
1829 3214 1931 3254 mv,
1955 3218 2006 3260 9:

1160 3275 1275 3315 Ignoto
1291 3276 1444 3306 meretrix
1454 3287 1572 3317 eorpus
1587 3277 1741 3317 jnmctura
1756 3274 1889 3314 Quiriti.

1162 3336 1222 3380 Et
1245 3337 1401 3393 passim
1421 3338 1490 3381 ille
1519 3346 1563 3381 et
1585 3337 1667 3392 alii.
1699 3335 1882 3380 Colerus
1901 3347 2008 3378 vero

1162 3403 1339 3460 Parerg.
1352 3418 1442 3459 cap.
1455 3416 1596 3447 xxxvl
1611 3435 1624 3457 ,
1636 3401 1782 3445 docuit
1794 3400 2005 3444 differen-
