2268 3776
581 332 977 391 AMORUM
1030 334 1160 387 III.
1212 334 1460 388 ELEG.
1507 334 1623 388 IX.

1872 351 1969 398 20¹

202 455 381 515 Durat
407 475 549 536 opus
572 465 756 511 vatum
776 497 791 523 ‚
815 449 1045 531 Trojani
1073 448 1215 509 sama
1243 447 1452 509 laboris
1467 494 1482 520 ‚
1507 524 1512 535 l

284 549 573 632 Tardaque
601 562 876 609 nocturno
903 545 1011 609 tela
1038 559 1248 608 retexta
1277 545 1425 605 dolo.

1928 565 1980 605 30

204 649 292 709 Sic
319 646 568 709 Nemesis
598 645 859 725 longum,
889 646 969 706 sic
998 643 1159 706 Delia
1179 667 1385 704 nomen
1407 644 1734 717 habebunt;

283 744 501 818 Altera,
533 768 662 805 cura
686 767 908 816 recens;
940 743 1138 817 altera,
1168 741 1381 827 primus
1410 765 1580 802 amor.

204 839 359 920 Quid
388 862 487 900 vos
518 863 668 900 sacra
693 839 924 921 juvant?
947 838 1085 922 quid
1112 861 1263 899 nunc
1293 838 1556 921 AEgyptia
1584 851 1825 921 prosunt

284 926 500 999 Sistra?
531 937 668 1021 quid
695 937 754 997 in
782 961 955 998 vacuo
987 936 1303 997 secubuisse
1335 950 1460 995 toro
1484 938 1508 995 Ξ)

204 1036 395 1115 Quum
422 1035 641 1119 rapiant
666 1033 808 1096 mala
835 1033 946 1113 fata
973 1034 1186 1107 bonoS,
1210 1033 1482 1112 ignoscite
1512 1032 1659 1094 fasso
1680 1080 1695 1104 ‚
1936 1049 1990 1091 55

283 1131 568 1194 Sollicitor
595 1130 780 1193 nullos
809 1154 926 1193 esse
955 1145 1153 1214 putare
1181 1131 1352 1191 Deos.

203 1229 339 1291 Vive
368 1229 495 1313 pius
517 1254 530 1303 3
555 1229 788 1290 moriere
817 1229 981 1312 pius:
1012 1227 1130 1289 cole
1161 1251 1347 1301 sacra;
1379 1226 1650 1288 colentem

284 1329 443 1388 Mors
472 1327 651 1406 gravis
681 1350 713 1387 a
740 1325 962 1410 templis
991 1326 1051 1386 in
1081 1350 1210 1387 cava
1236 1326 1404 1387 busta
1437 1325 1632 1386 trahet.

205 1424 557 1486 Carminibus
588 1423 802 1486 confide
830 1423 999 1485 bonis
1023 1448 1036 1484 ε
1062 1423 1208 1505 jacet
1236 1446 1358 1484 ecce
1387 1420 1667 1482 Tibullus,

259 1600 324 1643 ²9·
365 1585 510 1627 Dura!
539 1598 642 1639 opus
666 1588 810 1625 valum
827 1616 837 1633 ,
881 1582 1062 1637 Trojani

192 1647 323 1702 sama
348 1649 518 1691 laboris.
548 1647 636 1690 Eos
656 1655 804 1704 poetas
825 1646 1052 1704 intelligit,

206 1712 279 1769 qui
296 1709 349 1756 de
365 1712 478 1756 bello
491 1713 689 1769 Trojano
703 1721 747 1755 et
762 1712 814 1755 de
833 1712 1055 1768 Penelopa

205 1778 482 1836 scripserunt.
508 1777 636 1821 Clor.
661 1777 870 1835 Repone,
889 1777 957 1820 vel
977 1776 1057 1819 in-

206 1843 302 1887 vitis
321 1842 466 1898 libris,
489 1847 614 1886 υαΙιὶσ,
649 1844 778 1887 Vates
801 1856 880 1899 per
907 1840 1056 1884 excel—

203 1908 385 1952 lentiam
404 1908 640 1953 Homerus.
659 1907 827 1952 Hssms.
847 1909 1058 1964 Trojanus

205 1976 328 2018 labor
358 1973 541 2018 Iliadem
558 2006 570 2030 ,
602 1982 646 2018 et
663 1972 907 2032 Odysseam
937 1976 1061 2017 larda

203 2043 291 2085 tela
309 2039 517 2098 designat.

260 2105 326 2149 30.
350 2107 570 2163 Tardaque
581 2110 781 2149 nocturno
794 2107 880 2148 tela
895 2110 1059 2148 retexta

206 2172 317 2214 dolo.
329 2171 534 2214 Beleaeere
543 2173 669 2214 telam
684 2170 817 2214 etiam
833 2170 948 2228 apud
964 2170 1058 2214 Sta-

207 2235 319 2279 tium
335 2235 545 2291 occurrit,
559 2234 677 2295 Sylv.
691 2236 762 2279 lib.
779 2249 836 2279 111
853 2268 864 2290 ,
887 2252 1000 2280 vers.
1018 2236 1055 2278 8.

208 2298 298 2343 Sed
314 2307 465 2342 tamen
477 2314 615 2356 quum
628 2300 674 2343 in
696 2299 929 2344 duodecim
943 2300 1058 2343 codi-

207 2365 326 2409 cibus
357 2365 603 2409 invenerim
620 2398 632 2420 ,
665 2373 823 2409 retenta
835 2401 845 2418 ‚
876 2367 924 2409 in
959 2376 1058 2411 octo

209 2428 300 2472 aliis
313 2459 327 2483 ,
348 2435 504 2473 retecta
518 2463 530 2482 ‚
550 2430 640 2473 sors
667 2431 746 2482 sit,
771 2440 820 2474 ut
837 2431 1058 2489 scripserit

209 2493 342 2550 Naso,
364 2497 531 2538 relecta.
549 2493 831 2551 Claudianus,
849 2495 904 2539 de
922 2495 1058 2539 Laud.

211 2559 416 2616 Serene,
439 2561 487 2604 31
511 2577 522 2604 :

209 2635 367 2678 Penelope
382 2635 488 2668 trahat
501 2642 570 2668 nne
581 2647 696 2679 procos
706 2661 717 2676 ,
732 2637 890 2680 fallatque
901 2637 1060 2679 furentes,

204 2697 354 2729 stamina
365 2704 532 2739 nocturnas
542 2697 685 2742 relegens
699 2698 829 2729 solerti·
846 2699 928 2729 teloe.
949 2699 1001 2730 Β.

264 2758 332 2802 31.
351 2759 422 2803 Sic
440 2751 631 2803 Nemesis
647 2762 815 2815 longum
836 2770 915 2804 etc.
953 2763 1061 2804 Pla-

210 2827 325 2866 miam
347 2823 584 2880 quamdam
611 2824 659 2867 in
693 2826 841 2868 animo
861 2826 1059 2870 habuisse

213 2891 438 2934 Tibullum
451 2925 464 2948 ,
499 2891 607 2936 dum
632 2893 678 2937 in
698 2910 826 2937 versu
854 2896 1027 2937 Deliam
1045 2928 1056 2946 ‚

213 2955 415 3000 adfirmat
439 2958 568 3014 Apul.
588 2959 771 3017 Apolog.
800 2959 871 3003 De
887 2951 1068 3004 'Nemesi‘

215 3029 363 3064 autem
380 3020 497 3077 quod
521 3024 803 3080 conjiciamus
816 3058 828 3079 ,
848 3025 1060 3069 hahemus

216 3086 399 3129 omnino
414 3086 536 3130 nihil.

270 3150 337 3192 32.
363 3150 517 3194 Altera
532 3167 632 3195 cura
642 3168 784 3196 recens
795 3167 810 3206 ‚⁰
834 3158 968 3197 altera
974 3159 1064 3210 prie-

215 3231 306 3258 mus
314 3230 443 3259 amor.
455 3216 608 3260 Potuit
620 3233 794 3274 quoque
808 3227 852 3262 et
860 3219 1063 3264 Neaer'am

217 3278 453 3339 quamdam
469 3282 642 3327 addere.
658 3283 943 3328 Constantior
956 3287 1063 3330 Pro-

218 3348 383 3406 pertius
402 3381 413 3403 ,
432 3348 503 3392 lib.
519 3363 537 3391 1
551 3381 563 3403 ‚
587 3349 706 3407 Eleg.
728 3363 820 3406 xn,
842 3367 895 3394 20
915 3367 926 3394 :

258 3417 398 3460 Cynthia
410 3418 515 3459 prima
528 3417 610 3459 suit3
627 3419 767 3462 Cynthia
782 3419 854 3451 finis
867 3420 941 3451 erit.

273 3477 339 3519 33.
374 3480 491 3533 Quid
514 3496 592 3522 vos
611 3495 736 3523 sacra
748 3481 918 3536 J'urant.
940 3482 1063 3526 Bene

1142 1598 1217 1624 vos
1239 1581 1491 1625 Puteaneus
1520 1588 1565 1625 et
1597 1579 1791 1637 quinque
1827 1579 1924 1623 alii:
1946 1587 1994 1621 ut

1138 1646 1190 1689 ad
1227 1646 1437 1691 Nemesin
1464 1655 1508 1690 et
1540 1645 1717 1691 Deliam
1749 1646 1963 1689 reseratur
1985 1665 1992 1687 2

1137 1710 1219 1755 nisi
1248 1727 1360 1754 nunc
1381 1712 1606 1768 praeseras,
1630 1726 1732 1754 cum
1752 1710 1842 1753 aliis
1862 1709 1991 1752 rodi—-

1136 1776 1268 1819 cibus.
1283 1776 1489 1832 Respexit
1498 1774 1550 1818 ad
1561 1775 1633 1818 illa
1645 1774 1807 1818 Tibulli
1823 1790 1856 1831 1,
1872 1775 1993 1830 Elcg.

1138 1854 1195 1883 ιιι
1210 1872 1223 1894 ,
1246 1839 1298 1882 23
1321 1855 1332 1882 :

1137 1915 1229 1955 Quid
1238 1922 1291 1945 tun
1300 1926 1387 1946 nune
1394 1915 1459 1946 lai·
1466 1915 1759 1958 mih3,1)eli·?quid
1770 1915 1849 1947 mihi
1860 1924 1993 1958 prosunt

1179 1976 1242 2008 ΙΙΙ·
1257 1983 1313 2007 tu·
1327 1978 1421 2008 toties
1435 1988 1497 2009 nen
1513 1977 1643 2019 repuls-
1657 1989 1756 2009 m-nu
1767 1979 1786 2009 ⁰?
1827 1979 1939 2010 luta.

1193 2037 1261 2080 35.
1286 2039 1423 2092 Quum
1436 2043 1618 2094 rapiant.
1631 2041 1827 2095 Rapina!
1841 2038 1996 2083 melio-

1139 2119 1221 2147 res.
1258 2103 1427 2148 Hssms.
1465 2104 1698 2161 Respicere
1729 2104 1904 2147 videtur
1941 2105 1993 2147 ad

1139 2168 1388 2212 solemnem
1412 2169 1647 2213 formulam
1666 2202 1677 2223 ,
1708 2185 1794 2226 qua
1813 2202 1826 2223 ‚
1858 2185 1995 2226 quum

1139 2234 1313 2278 obiisset
1334 2234 1486 2291 aliquis
1502 2267 1514 2289 ‚
1536 2234 1795 2277 incusabant
1822 2235 1961 2277 saturn
1982 2269 1993 2287 ,

1141 2299 1260 2356 quod
1281 2309 1374 2343 tam
1396 2300 1566 2343 bonum
1586 2300 1731 2343 virum
1761 2300 1969 2358 rapuisset
1986 2319 1994 2343 :

1142 2381 1229 2421 quo
1251 2363 1417 2408 adludit
1438 2365 1621 2408 Petron.
1639 2381 1730 2422 cap.
1747 2379 1842 2408 xm:
1860 2368 1997 2409 Homo

1139 2434 1295 2483 bellus,
1317 2437 1405 2474 tam
1439 2435 1569 2474 bonus
1604 2433 1865 2490 Chrysanlus
1890 2437 1997 2476 ani—-

1141 2512 1252 2538 mam
1282 2499 1455 2539 ebulliit.
1487 2497 1546 2539 Et
1567 2497 1627 2540 ita
1651 2513 1763 2555 saepe
1783 2497 1831 2540 in
1863 2498 1999 2541 titulis

1140 2560 1483 2618 sepulchralibus
1511 2561 1678 2604 laudari
1707 2561 1998 2605 ostenderunt

1140 2625 1199 2668 ibi
1219 2626 1493 2684 interpretes.
1524 2626 1690 2670 Bunm.

1196 2693 1262 2750 37.
1286 2695 1507 2749 Vivepius;
1522 2698 1693 2737 mon‘ere
1703 2695 1925 2737 tamen.Ve
1931 2703 1998 2737 tus

1142 2768 1186 2802 et
1205 2775 1309 2803 sana
1327 2759 1456 2803 lectio
1477 2769 1542 2803 est
1562 2776 1572 2803 :
1593 2759 1668 2803 sed
1691 2759 1873 2813 melius,
1896 2775 1997 2801 mo—

1142 2829 1248 2867 ric-re
1252 2829 1365 2880 pius.
1381 2825 1454 2868 Sic
1469 2826 1582 2868 Hor.
1591 2825 1723 2878 lib.11,
1739 2823 1829 2868 Od.
1849 2837 1944 2879 xlv,
1960 2841 1998 2867 2:

1464 2904 1535 2936 Nee
1547 2905 1657 2946 pietas
1670 2914 1794 2935 moram

1245 2966 1351 3007 Rugis
1361 2989 1371 3004 ‚
1383 2972 1416 2995 et
1429 2964 1564 2995 instanti
1580 2970 1715 2994 senecta

1306 3027 1465 3065 Adferet,
1480 3025 1712 3067 indomitaque
1730 3026 1838 3057 morti.
1869 3027 1974 3058 lun.

1199 3089 1266 3148 39.
1301 3089 1467 3143 Confide
1484 3090 1616 3130 bouelt.
1638 3087 1693 3130 In
1707 3087 2001 3144 Neapolitano

1145 3161 1238 3196 erat
1250 3186 1261 3207 ,
1278 3154 1422 3209 infide:
1433 3152 1550 3195 unde
1573 3152 1783 3196 Heinsius
1797 3154 1993 3208 faciebat,

1144 3225 1183 3271 ι’,
1190 3222 1303 3276 fide,
1328 3228 1378 3262 ut
1398 3220 1570 3263 amabat
1589 3220 1731 3264 facere
1750 3236 1760 3264 :
1782 3214 1857 3264 sed
1884 3221 1994 3264 mihi

1118 3336 1121 3338 Ι
1147 3283 1339 3341 plurium
1362 3283 1564 3328 codicum
1585 3301 1821 3328 consensus
1842 3286 1996 3343 placet.

1147 3351 1302 3394 Senec.
1324 3349 1487 3393 Medea
1502 3384 1515 3406 ,
1536 3369 1612 3394 221
1630 3368 1641 3395 ε

1198 3424 1335 3466 Confide
1348 3426 1454 3466 regnis
1467 3450 1478 3464 ,
1504 3438 1607 3468 quum
1621 3427 1704 3460 levis
1716 3438 1847 3469 magnas
1862 3438 1939 3468 opes

1189 3487 1264 3516 Huc
1282 3485 1363 3517 serat
1375 3493 1406 3518 et
1419 3487 1498 3518 illuc
1515 3497 1621 3519 casus.
1838 3489 1961 3519 Bt’mx.
