2268 3776
490 328 748 386 ARTIS
790 320 1262 383 AMATORIAE
1305 327 1469 383 LIB.
1511 327 1635 382 111.

1845 329 1951 405 337

273 447 402 508 Non
428 444 659 516 mirum,
682 440 897 526 populo
927 441 974 502 si
1002 440 1184 525 placet
1213 440 1307 514 illa
1335 466 1453 502 suo.

194 549 308 610 Nec
335 563 515 608 tamen
542 545 626 606 hae
653 558 864 606 mentes
893 558 1085 605 nostra
1112 557 1421 627 poscuntur
1448 543 1517 604 ab
1542 558 1689 605 arte:
1906 565 1958 605 25

278 650 630 712 Conveniunt
658 647 864 733 cymbae
893 634 1012 709 vela
1041 646 1256 707 minora
1282 669 1431 707 meae.

196 750 324 824 Nil,
355 751 463 812 nisi
490 749 676 811 lascivi
701 773 802 832 per
829 773 914 811 me
943 748 1234 835 discuntur
1254 771 1499 809 amores:

276 853 499 915 Femina
527 854 841 937 praecipiam
873 877 985 936 quo
1016 854 1087 913 sit
1117 852 1345 913 amanda
1372 852 1558 912 modo.

197 957 419 1019 Femina
449 981 549 1019 nec
578 957 852 1030 flamma,
877 980 979 1018 nec
1011 979 1182 1017 saevos
1209 954 1434 1017 discutit
1463 980 1654 1030 arcus;

280 1060 504 1122 Parcius
531 1060 646 1121 haec
675 1060 835 1121 video
867 1059 975 1121 tela
1001 1083 1197 1120 nocere
1225 1058 1373 1120 viris.
1915 1080 1967 1126 30,

199 1163 356 1246 Saepc
382 1162 485 1222 viri
510 1161 742 1233 fallunt3
773 1175 973 1222 tenerae
1001 1184 1116 1221 non
1145 1184 1287 1244 saepe
1318 1158 1547 1244 puellae:

279 1265 567 1347 Paucaque
587 1311 601 1336 ‚
631 1264 677 1324 si
709 1286 941 1347 quaeras‚
973 1262 1203 1324 crimina
1231 1262 1440 1324 fraudis
1469 1263 1691 1326 habent.

202 1365 474 1440 Phasida,
502 1367 612 1448 jam
641 1380 897 1438 matrem,
922 1364 1087 1427 fallax
1117 1365 1330 1426 dimisit
1359 1369 1558 1427 Iason:

284 1468 452 1529 Venit
480 1468 539 1528 in
571 1467 832 1529 AEsonios
861 1466 1029 1529 altera
1055 1482 1232 1551 nupta
1261 1467 1431 1528 sinus.

207 1571 494 1651 Quantum
524 1571 582 1630 in
613 1585 665 1631 te
682 1617 698 1644 ‚
725 1570 976 1643 Theseu,
999 1570 1249 1632 volucres
1277 1560 1520 1632 Ariadna
1544 1572 1779 1633 marinas
1917 1590 1973 1633 35
2031 1654 2037 1657 Α

288 1672 477 1745 Pavit‚
507 1672 565 1731 in
592 1672 788 1750 ignoto
819 1671 938 1733 sola
964 1670 1154 1733 relicta
1180 1671 1341 1733 loco!

210 1866 422 1904 exstructa
437 1866 582 1909 erant,
596 1866 645 1901 ut
657 1873 735 1915 per
746 1855 931 1902 Virtutis
944 1865 1053 1902 tem·

212 1923 333 1981 plum
352 1923 568 1979 ingressus
587 1929 698 1966 esset
719 1921 770 1965 ad
791 1920 931 1966 aedem
955 1921 1056 1964 Ho—

210 1989 356 2043 noris;
377 1997 426 2032 ut
454 1987 662 2032 docerent
685 1987 771 2032 scil.
800 1986 973 2031 nulium
1002 1984 1057 2029 ad

209 2071 366 2100 verum
377 2058 567 2098 bonorem
578 2087 588 2105 ,
604 2054 684 2097 nisi
698 2070 777 2111 per
787 2058 976 2097 virtulem
990 2054 1060 2110 ip-

211 2134 321 2175 sam,
335 2117 504 2162 aditum
519 2126 681 2175 patere.
693 2117 794 2162 Fuit
810 2117 889 2161 alia
905 2118 1061 2161 Romae

215 2185 412 2230 Honoris
432 2194 476 2229 et
498 2184 685 2228 Virtutis
700 2183 826 2239 aedes,
843 2200 865 2227 a
883 2183 936 2227 C.
949 2184 1061 2226 Ma-

216 2241 283 2295 rio
299 2284 312 2306 ,
338 2250 515 2295 devictis
546 2249 736 2294 Cimbris
754 2283 766 2306 ,
801 2258 1062 2294 consecrata.

218 2317 427 2361 Meminit
448 2317 620 2360 Vitruv.
642 2330 724 2360 vn.

274 2387 338 2441 24.
368 2386 458 2429 Nec
482 2388 628 2428 mirum
646 2418 656 2434 ‚
682 2387 837 2440 populo
867 2386 914 2425 si
924 2385 1071 2438 placet

218 2454 314 2505 ipsa
328 2464 417 2491 suo.
430 2450 524 2492 Noa
537 2456 582 2491 et
593 2451 671 2491 illa
682 2446 846 2504 scripti,
864 2462 966 2490 cum
980 2446 1069 2503 pri-

221 2532 293 2559 ma
307 2514 498 2559 editione
515 2531 525 2558 :
539 2523 583 2558 et
595 2514 794 2571 sequenti
812 2529 960 2567 versu,
979 2514 1069 2557 Nec

219 2584 370 2622 tamen.
393 2578 559 2622 Hnms.
590 2576 693 2620 Vid.
722 2576 776 2620 ad
806 2576 941 2632 Epist.
963 2589 1066 2629 XVI,

224 2644 289 2699 24.
307 2642 485 2699 Sifac’et
495 2641 599 2685 editi
613 2641 718 2684 olim
733 2650 776 2684 et
793 2642 937 2698 scripti
951 2640 1071 2684 Nau-

223 2707 345 2766 gerii,
356 2716 400 2752 et
411 2705 500 2749 duo
514 2706 599 2759 alii3
611 2705 727 2763 quod
737 2707 890 2763 probat
899 2706 1069 2749 Bersm.

278 2775 344 2816 25.
363 2773 442 2814 Hoe
455 2777 609 2815 mentes
625 2778 770 2814 nostra
775 2777 1005 2827 poscuntur
1014 2773 1071 2814 ab

225 2842 328 2889 arte.
343 2836 398 2880 In
410 2835 614 2880 undecim
634 2835 751 2879 libris
764 2843 857 2878 erat
867 2867 879 2890 ,
886 2832 1071 2891 pascuit·

226 2906 320 2952 tum·
344 2899 391 2942 in
412 2915 502 2943 uno
518 2932 531 2954 ,
553 2906 783 2944 nascuntur
799 2917 812 2944 .·
832 2900 950 2956 quod
979 2915 1072 2943 non

227 2964 457 3020 ineptum;
478 2972 527 3007 ut
553 2965 608 3008 sit
625 2981 775 3008 sensus
799 2980 810 3008 ε
830 2965 936 3008 illud
955 2981 1073 3009 con-

233 3028 379 3072 silium
399 3029 618 3072 moriendi
648 3045 727 3086 pro
754 3031 855 3074 viris
871 3064 883 3085 ,
908 3046 1001 3074 non
1023 3047 1075 3074 ex

230 3101 380 3136 nostra
394 3100 484 3136 arte
500 3093 567 3136 vel
580 3096 802 3151 praeceptis
813 3097 954 3138 oritur
964 3112 974 3139 ι
983 3112 1075 3140 non

232 3157 354 3200 enim
376 3165 466 3199 tam
488 3157 666 3213 grandia
687 3158 811 3200 trado
834 3169 1046 3216 praecepta
1063 3193 1075 3214 ‚

231 3220 310 3265 sed
330 3229 379 3263 ut
399 3219 487 3263 fine
508 3235 587 3263 suo
608 3229 652 3264 et
670 3221 804 3264 modo
825 3238 969 3266 amare
991 3223 1079 3267 dis-

234 3295 348 3331 cant.
370 3287 435 3329 Ita
457 3286 579 3329 Suet.
602 3285 738 3344 Calig.
758 3291 830 3330 15:
854 3289 974 3331 Unde
985 3305 1080 3342 per·-

237 3352 475 3394 cusson'bus
497 3358 650 3393 natum
673 3355 904 3393 consilium.
939 3350 1079 3395 Cicer.

238 3429 335 3461 xvn
348 3447 359 3469 ,
384 3415 438 3459 ad
456 3415 607 3459 Famil.
622 3433 670 3460 22
693 3431 702 3457 ε
731 3418 791 3460 Ut
804 3419 911 3460 mihi
923 3431 1081 3462 nasca-

461 3512 553 3567 II.

1132 1859 1406 1915 tur-Epistola
1414 1863 1707 1914 argumentum.
1718 1857 1875 1917 Sicque
1886 1875 1979 1904 nes·

1135 1924 1203 1967 cio
1216 1956 1227 1977 ,
1245 1939 1299 1967 an
1321 1927 1534 1967 noscenda
1544 1930 1681 1979 caepla
1696 1924 1808 1982 apud
1823 1925 1981 1968 Siiium

1136 1988 1162 2032 Ι.
1182 1988 1263 2043 IV,
1281 1991 1359 2047 724
1372 2021 1384 2043 ,
1406 1988 1526 2032 facile
1543 1988 1762 2046 repudiari
1782 1989 1983 2033 debeant.

1195 2054 1261 2096 28.
1291 2056 1463 2097 nmina
1476 2058 1686 2109 precipio.
1712 2057 1959 2110 precipiam
1972 2089 1982 2104 ,

1143 2120 1335 2177 potiores
1354 2120 1512 2177 scripti.
1534 2119 1700 2163 Hzms.

1198 2201 1262 2244 ²9·
1292 2187 1471 2228 Excutit
1486 2201 1621 2227 arcus.
1644 2187 1836 2227 Discutit
1850 2185 1990 2242 prima

1143 2249 1278 2293 editio
1309 2263 1410 2292 cum
1441 2249 1655 2305 plerisque
1692 2250 1960 2293 membranis
1977 2266 1989 2293 ε

1144 2315 1277 2358 etiam
1289 2314 1474 2371 Regius,
1464 2332 1473 2341 ·
1494 2314 1576 2357 nisi
1592 2313 1812 2370 quoditie,
1829 2330 1908 2371 pro
1920 2314 1989 2357 di-

1146 2376 1643 2436 versalectione,essugit‚
1649 2381 1764 2437 quod
1775 2382 1873 2425 etin
1885 2381 1993 2424 mul-

1147 2446 1199 2489 tis
1213 2445 1331 2489 aliis
1320 2446 1481 2489 inveni.
1500 2445 1778 2503 In.Defu51't‚
1807 2447 1994 2504 Aprosii.

1205 2510 1270 2552 32.
1299 2513 1550 2566 Paucaque,
1565 2527 1605 2553 st
1619 2526 1797 2567 queras.
1820 2515 1995 2554 crimina

1137 2573 1313 2630 fraudis
1330 2577 1495 2618 babent.
1519 2577 1737 2632 Parcaque
1760 2575 1989 2620 Sarravia-

1151 2655 1248 2683 nus.
1274 2639 1424 2697 Lego:

1183 2709 1348 2750 namque,
1358 2710 1385 2739 si
1395 2719 1533 2750 qums,
1542 2709 1678 2740 erimina
1685 2708 1808 2741 fraudis
1817 2709 1947 2742 habent.

1205 2770 1272 2813 33.
1300 2772 1493 2814 Phasida
1511 2779 1591 2814 etc.
1614 2773 1869 2814 Phasideam
1895 2772 1995 2815 Re-

1153 2834 1268 2892 gius,
1298 2851 1399 2878 cum
1432 2835 1579 2878 multis
1600 2835 1823 2881 aliis-,Sed
1842 2853 1998 2880 verum

1153 2910 1219 2945 est
1231 2936 1241 2951 ‚
1262 2901 1379 2958 quod
1393 2902 1534 2959 prima
1546 2901 1679 2945 editio
1693 2911 1738 2946 et
1750 2910 1838 2946 tres
1852 2904 1999 2961 scripti

1154 2975 1417 3023 agnoscunt,
1438 2968 1628 3008 Phasida
1634 2967 1732 3021 jam
1752 2974 1935 3010 matrem.
1989 2973 1997 2981 '

1210 3031 1275 3074 35.
1296 3034 1503 3084 Quantum
1516 3035 1562 3073 in
1579 3037 1639 3080 le,
1673 3033 1844 3074 Theseu.
1866 3034 1947 3076 Ad
1961 3039 2003 3075 le

1156 3095 1262 3138 olim
1283 3094 1387 3138 editi
1406 3110 1415 3137 :
1436 3097 1500 3136 ad
1521 3097 1719 3138 Theseum
1732 3095 1833 3139 duo.
1852 3097 1939 3140 Sed
1955 3102 2002 3140 in
2075 3098 2082 3104 '

1156 3168 1272 3203 recte
1300 3158 1509 3201 Heinsius
1535 3175 1546 3202 z
1572 3159 1631 3202 ita
1658 3176 1769 3217 saepe
1801 3162 2003 3205 Valerius

1159 3222 1398 3273 Maximus;
1414 3222 1484 3264 lib.
1495 3222 1578 3276 IV,
1589 3239 1679 3280 cap.
1694 3238 1778 3279 vn,
1793 3225 1844 3267 6:
1861 3230 2001 3278 (luan-

1159 3294 1243 3330 tum
1257 3288 1303 3329 in
1314 3291 1392 3328 illo
1401 3287 1499 3341 suit
1508 3320 1519 3340 ,
1538 3295 1582 3330 et
1592 3293 1684 3344 ipse
1701 3295 1910 3334 extinctus
1922 3298 1999 3343 est,

1158 3356 1202 3393 et
1216 3353 1274 3392 D.
1293 3352 1450 3393 Brutus
1459 3357 1688 3405 periculum
1702 3361 1845 3396 mortis
1857 3361 2000 3398 evasis.

1164 3417 1222 3462 Et
1234 3433 1324 3473 cap.
1341 3431 1427 3460 vxu
1440 3451 1453 3473 ,
1472 3419 1497 3461 3
1513 3435 1522 3463 ε
1536 3426 1733 3475 quau-(um
1745 3421 1790 3463 in
1806 3426 1897 3477 ipso
1898 3422 2002 3477 suit.

1668 3539 1734 3571 22
