2268 3776
38 1937 68 2095 >

489 461 588 546 P.
662 348 1082 544 ovlou
1140 454 1679 546 NASONIS

322 687 808 797 ARTIS
895 685 1824 797 AMAT-ORIAE

599 941 919 1011 LIBER
981 940 1572 1013 SECUNDUS.

212 1173 518 1271 DICITE‚
553 1199 616 1258 Io
646 1196 806 1256 Paean
831 1223 844 1259 ε
870 1212 953 1271 et,
989 1199 1075 1272 io,
1108 1199 1197 1260 bis
1228 1198 1416 1273 dicite,
1447 1201 1642 1262 Paean:

289 1293 511 1355 Decidit
537 1293 595 1353 in
621 1317 796 1355 casses
823 1295 1005 1378 praeda
1029 1296 1201 1379 petita
1228 1298 1414 1358 meos!

211 1391 394 1450 Laetus
424 1413 609 1451 amans
638 1390 807 1451 donet
833 1391 994 1451 viridi
1018 1415 1136 1452 mea
1164 1394 1404 1454 carmina
1432 1392 1613 1477 palma
1636 1418 1648 1453 :

294 1487 555 1548 Praeferar
582 1488 800 1549 Ascraeo
826 1489 1181 1572 Maeonioque
1210 1491 1342 1551 seni.

214 1580 364 1643 Talis
387 1582 455 1643 ab
485 1582 750 1644 armiferis
777 1584 1077 1645 Priameius
1106 1585 1310 1668 hospes
1337 1584 1580 1669 Amyclis

1955 1603 1978 1643 Ε-’ῐ

297 1679 544 1742 Candida
566 1705 690 1742 cum
717 1695 876 1764 rapta
902 1681 1136 1762 conjuge
1161 1680 1279 1742 vela
1310 1680 1475 1741 dedit.

218 1772 367 1835 Talis
394 1791 536 1850 erat,
571 1777 667 1859 qui
697 1791 749 1838 te
775 1800 938 1837 curru
966 1777 1169 1836 victore
1199 1774 1439 1847 ferebat,

32 1866 215 1949 de
295 1871 465 1931 Vecta
487 1873 816 1955 peregrinis,
849 1871 1249 1955 Hippodamia,
1280 1870 1436 1930 rotis.

217 1955 688 2049 Quid'properaS,
715 1968 969 2049 juvenis?
995 1966 1190 2028 mediis
1215 1981 1308 2027 tua
1333 1965 1500 2048 pinus
1530 1964 1589 2024 in
1616 1962 1781 2023 undis

293 2060 558 2139 Navigat3
589 2076 645 2122 et
673 2061 867 2139 longe,
895 2086 1057 2145 quem
1082 2077 1242 2144 peto,
1270 2076 1467 2145 portus
1496 2061 1667 2121 abest.
1937 2093 1983 2120 ιω

277 2258 312 2285 1.
339 2244 484 2287 Dicite
497 2276 508 2294 ‚
541 2246 589 2287 Io
614 2246 744 2287 Paean
775 2252 856 2288 etc.
889 2243 1062 2287 Eodem

220 2305 354 2349 animi
367 2307 535 2365 impetu
553 2302 754 2364 abreptus
766 2340 778 2363 ,
791 2324 904 2352 unus
916 2325 939 2351 e
958 2325 1062 2352 nos-

221 2369 298 2412 tris
310 2369 495 2426 (Berlin)
510 2371 583 2428 qui
595 2372 695 2415 fecit
709 2405 720 2427 ,
730 2388 808 2429 pro
828 2372 1002 2426 viribus,
1014 2381 1063 2415 ut

225 2433 374 2491 Elegia
393 2434 505 2479 Galli
526 2451 700 2492 quoque
719 2437 942 2480 Romanos
959 2452 1064 2494 pro-

229 2509 435 2544 vocarent
449 2533 460 2555 ,
482 2501 712 2556 exclamat,
736 2502 856 2560 Eleg.
878 2516 927 2547 1v
948 2515 959 2542 :

266 2578 339 2611 Ello
353 2581 402 2612 'est
416 2582 439 2612 ὰ
454 2582 523 2612 moi
535 2583 548 2613 .'
561 2582 722 2614 Divinitds
733 2583 779 2613 du
793 2582 899 2614 Pindo
911 2605 924 2623 ,

264 2640 320 2671 De
327 2650 383 2673 vos
395 2642 531 2673 taur-im
544 2643 676 2683 ceignaz
688 2642 863 2686 monfiont
871 2643 1063 2684 vainqueur.

265 2698 340 2746 Ello
354 2707 401 2732 ost
415 2703 437 2732 ὰ
453 2702 520 2732 mni
527 2703 540 2733 Ι
555 2713 618 2744 que
634 2702 676 2733 les
690 2703 827 2733 mastres
841 2703 883 2734 de
895 2702 1006 2734 I'Inde

266 2761 405 2794 Por-unt
415 2763 503 2794 ennio
518 2773 563 2794 au
579 2762 700 2794 masere
713 2763 756 2793 do
772 2774 829 2794 son
841 2773 940 2794 coeur.

227 2850 282 2861 —-
300 2830 349 2871 122
367 2831 510 2873 Poean.
531 2831 581 2873 Io
595 2838 660 2874 est
680 2846 761 2873 vox
776 2830 1063 2874 exultantium

229 2902 501 2949 venatorum,
516 2897 605 2952 qui,
621 2907 743 2955 capta
756 2899 861 2952 sera,
875 2899 924 2942 Io
938 2901 1066 2942 Poean

229 2955 520 3002 inclamabant
538 2991 550 3014 ,
581 2975 634 3002 eo
659 2961 776 3018 quod
803 2963 837 3004 is
866 2963 920 3004 sit
945 2962 1066 3005 Deus

230 3023 463 3067 venatoriae
480 3024 607 3077 artis;
632 3027 754 3082 cujus
777 3042 900 3070 soror
923 3027 1067 3071 Diana

232 3086 426 3129 venatrix
442 3102 614 3143 quoque
635 3105 724 3132 esse
746 3090 913 3134 dicitur.

285 3150 325 3192 3.
345 3152 485 3193 Laetus
497 3169 644 3195 amans
662 3157 796 3197 donet.
812 3157 970 3204 Donat,
989 3171 1069 3212 op-

234 3214 365 3258 timus
379 3215 555 3272 Regius,
571 3233 672 3260 cum
687 3218 775 3262 aliis
789 3219 1009 3263 nonnullis
1025 3230 1069 3264 et

235 3279 374 3336 prima
389 3280 590 3341 editione.
605 3282 734 3325 Forte
748 3315 759 3337 ,
772 3284 895 3326 dona.
907 3285 1070 3327 Amans

234 3350 352 3388 ornet
368 3345 587 3389 Palatinus
604 3359 614 3386 ε
634 3363 727 3390 mea
739 3352 919 3404 tempora
925 3352 1071 3404 palma

237 3408 591 3464 quatuordecim;
621 3427 711 3454 mea
735 3417 914 3466 tempora
940 3420 1071 3471 myrto

1145 2244 1316 2300 Apu-osii
1329 2276 1342 2297 ‚
1364 2245 1574 2288 Bernens.
1594 2252 1637 2286 et
1655 2243 1743 2285 duo
1754 2242 1822 2285 alii
1838 2259 1847 2285 ε
1864 2245 1984 2286 lauro

1147 2308 1413 2352 Commelini
1432 2341 1443 2362 ,
1467 2317 1552 2351 tres
1571 2308 1755 2351 Palatini
1772 2340 1783 2362 ,
1806 2316 1850 2351 et
1868 2324 1984 2364 qua-

1145 2381 1245 2415 tuor
1266 2373 1335 2415 alii
1354 2389 1364 2414 2
1378 2377 1481 2427 pari
1494 2388 1585 2415 mea
1603 2379 1786 2427 tempora
1806 2373 1985 2429 Neapol.

1148 2437 1280 2480 Unde
1303 2437 1540 2494 legendum
1556 2437 1771 2493 conjicere
1789 2437 1959 2482 liceret:

1145 2511 1256 2542 Laetus
1271 2520 1381 2540 amnas
1394 2517 1485 2541 ornet
1495 2509 1616 2550 Paphia
1630 2520 1700 2540 men
1711 2517 1857 2551 tempor·
1866 2517 1985 2552 myrto.

1145 2577 1160 2615 ἓ
1200 2573 1240 2626 4.
1251 2571 1647 2626 PraeserarAscraeo,
1663 2572 1918 2626 Maeonioque
1927 2586 1988 2613 sc-

1146 2641 1202 2679 m’.
1226 2636 1426 2678 Homero
1443 2635 1601 2679 scilicet
1622 2644 1665 2678 et
1686 2634 1907 2687 Hesiod03
1931 2635 1986 2677 de

1149 2701 1301 2757 quibus
1317 2700 1403 2744 vid.
1421 2701 1574 2743 Amor.
1597 2701 1645 2753 1,
1671 2701 1789 2757 Eleg.
1813 2715 1897 2754 xv,
1925 2718 1985 2743 11.

1202 2770 1239 2810 5.
1249 2769 1483 2810 Priameius
1494 2769 1654 2820 hospes.
1667 2765 1789 2808 Paris
1800 2797 1812 2817 ,
1824 2765 1989 2808 Priami

1148 2830 1260 2874 filius
1274 2864 1286 2886 ,
1317 2832 1390 2887 qui
1411 2831 1595 2886 hospitio
1616 2830 1803 2886 benigne
1824 2846 1987 2887 excep-

1148 2904 1216 2940 tus
1236 2911 1260 2938 a
1283 2896 1490 2938 Menelao
1506 2928 1518 2949 ,
1539 2894 1649 2937 illius
1669 2896 1903 2950 conjugem
1921 2912 1989 2938 ra·-

1147 2963 1252 3018 puit.
1265 2960 1470 3018 Amyclelr.
1489 2959 1682 3018 Amyclae
1698 2992 1709 3012 ,
1730 2961 1832 3002 urbs
1845 2961 1891 3002 in
1908 2961 1987 3003 La·

1147 3026 1272 3069 conia
1286 3059 1298 3080 ,
1329 3040 1422 3067 non
1453 3024 1581 3079 longe
1604 3039 1627 3065 a
1647 3023 1989 3076 Lacedaemone;

1148 3090 1266 3134 unde
1288 3089 1444 3133 Castor
1461 3097 1504 3131 et
1523 3088 1675 3131 Pollux
1691 3098 1735 3131 et
1751 3105 1874 3133 soror
1895 3091 1987 3134 He-

1147 3154 1270 3208 lena,
1294 3153 1428 3196 modo
1450 3152 1783 3209 Lacedaemone,
1798 3155 1993 3215 Amyclis

1149 3219 1283 3261 modo
1300 3251 1312 3272 ,
1338 3217 1542 3262 dicuntur
1562 3220 1664 3262 nati.

1205 3287 1243 3328 8.
1265 3287 1309 3326 V
1300 3290 1393 3327 ecla
1401 3289 1626 3340 peregrim&
1635 3288 1918 3341 Ilippodamia
1928 3303 1990 3329 to-

1150 3353 1216 3391 lis.
1229 3349 1434 3393 Occurrit
1443 3350 1622 3393 totidem
1633 3353 1788 3405 verbis,
1801 3353 1845 3394 in
1857 3352 1991 3408 Epist.

1150 3428 1238 3457 v111
1255 3447 1267 3469 ‚
1297 3416 1562 3460 Hermiones
1581 3417 1635 3459 ad
1653 3417 1857 3462 Oresten.
1879 3434 1942 3476 70.
