<?xml version="1.0" encoding="UTF-8"?>
<!DOCTYPE html PUBLIC "-//W3C//DTD XHTML 1.0 Transitional//EN"
    "http://www.w3.org/TR/xhtml1/DTD/xhtml1-transitional.dtd">
<html xmlns="http://www.w3.org/1999/xhtml" xml:lang="en" lang="en">
 <head>
  <title>
</title>
<meta http-equiv="Content-Type" content="text/html;charset=utf-8" />
  <meta name='ocr-system' content='tesseract 3.04.00' />
  <meta name='ocr-capabilities' content='ocr_page ocr_carea ocr_par ocr_line ocrx_word'/>
</head>
<body>
  <div class='ocr_page' id='page_1' title='image "./quaeextantomniao02oviduoft_0130.png"; bbox 0 0 2268 3776; ppageno 0'>
   <div class='ocr_carea' id='block_1_1' title="bbox 309 313 410 367">
    <p class='ocr_par' dir='ltr' id='par_1_1' title="bbox 309 313 410 367">
     <span class='ocr_line' id='line_1_1' title="bbox 309 313 410 367; baseline 0.01 -1"><span class='ocrx_word' id='word_1_1' title='bbox 309 313 410 367; x_wconf 82' lang='lat'>116</span> 
     </span>
    </p>
   </div>
   <div class='ocr_carea' id='block_1_2' title="bbox 770 309 1595 366">
    <p class='ocr_par' dir='ltr' id='par_1_2' title="bbox 770 309 1595 366">
     <span class='ocr_line' id='line_1_2' title="bbox 770 309 1595 366; baseline 0.004 -3"><span class='ocrx_word' id='word_1_2' title='bbox 770 311 834 363; x_wconf 75' lang='lat' dir='ltr'>P.</span> <span class='ocrx_word' id='word_1_3' title='bbox 885 310 1177 366; x_wconf 89' lang='lat' dir='ltr'>OVIDII</span> <span class='ocrx_word' id='word_1_4' title='bbox 1223 309 1595 366; x_wconf 89' lang='lat' dir='ltr'><strong>NASONIS</strong></span> 
     </span>
    </p>
   </div>
   <div class='ocr_carea' id='block_1_3' title="bbox 297 425 2077 703">
    <p class='ocr_par' dir='ltr' id='par_1_3' title="bbox 297 425 2077 703">
     <span class='ocr_line' id='line_1_3' title="bbox 298 425 1535 511; baseline -0.003 -21"><span class='ocrx_word' id='word_1_5' title='bbox 298 431 434 492; x_wconf 89' lang='lat' dir='ltr'>Sero</span> <span class='ocrx_word' id='word_1_6' title='bbox 466 427 758 511; x_wconf 78' lang='lat' dir='ltr'><strong>respicitur</strong></span> <span class='ocrx_word' id='word_1_7' title='bbox 785 425 975 499; x_wconf 84' lang='lat' dir='ltr'>tellus,</span> <span class='ocrx_word' id='word_1_8' title='bbox 1003 427 1130 498; x_wconf 86' lang='lat' dir='ltr'>ubi,</span> <span class='ocrx_word' id='word_1_9' title='bbox 1162 426 1291 486; x_wconf 89' lang='lat' dir='ltr'>fune</span> <span class='ocrx_word' id='word_1_10' title='bbox 1320 426 1504 487; x_wconf 85' lang='lat' dir='ltr'>soluto</span> <span class='ocrx_word' id='word_1_11' title='bbox 1521 474 1535 499; x_wconf 80' lang='lat'><strong>‚</strong></span> 
     </span>
     <span class='ocr_line' id='line_1_4' title="bbox 381 522 1652 605; baseline -0.003 -19"><span class='ocrx_word' id='word_1_12' title='bbox 381 525 570 586; x_wconf 86' lang='lat' dir='ltr'>Currit</span> <span class='ocrx_word' id='word_1_13' title='bbox 595 525 655 583; x_wconf 92' lang='lat' dir='ltr'>in</span> <span class='ocrx_word' id='word_1_14' title='bbox 681 524 1009 585; x_wconf 91' lang='lat' dir='ltr'>immensum</span> <span class='ocrx_word' id='word_1_15' title='bbox 1038 522 1221 605; x_wconf 86' lang='lat' dir='ltr'>panda</span> <span class='ocrx_word' id='word_1_16' title='bbox 1244 524 1427 584; x_wconf 84' lang='lat' dir='ltr'>carina</span> <span class='ocrx_word' id='word_1_17' title='bbox 1454 523 1652 584; x_wconf 56' lang='lat' dir='ltr'>salum?</span> 
     </span>
     <span class='ocr_line' id='line_1_5' title="bbox 297 619 2077 703; baseline -0.003 -18"><span class='ocrx_word' id='word_1_18' title='bbox 297 623 495 685; x_wconf 84' lang='lat' dir='ltr'>Navita</span> <span class='ocrx_word' id='word_1_19' title='bbox 522 619 794 680; x_wconf 91' lang='lat' dir='ltr'>sollicitus</span> <span class='ocrx_word' id='word_1_20' title='bbox 825 644 932 702; x_wconf 86' lang='lat' dir='ltr'>qua</span> <span class='ocrx_word' id='word_1_21' title='bbox 960 634 1153 679; x_wconf 85' lang='lat' dir='ltr'>ventos</span> <span class='ocrx_word' id='word_1_22' title='bbox 1179 619 1370 680; x_wconf 90' lang='lat' dir='ltr'>horret</span> <span class='ocrx_word' id='word_1_23' title='bbox 1398 621 1654 703; x_wconf 85' lang='lat' dir='ltr'>iniquos,</span> <span class='ocrx_word' id='word_1_24' title='bbox 2024 639 2077 680; x_wconf 68' lang='lat'>25</span> 
     </span>
    </p>
   </div>
   <div class='ocr_carea' id='block_1_4' title="bbox 300 715 1863 896">
    <p class='ocr_par' dir='ltr' id='par_1_4' title="bbox 300 715 1863 896">
     <span class='ocr_line' id='line_1_6' title="bbox 378 715 1863 802; baseline 0.001 -24"><span class='ocrx_word' id='word_1_25' title='bbox 378 722 454 778; x_wconf 88' lang='lat' dir='ltr'>Et</span> <span class='ocrx_word' id='word_1_26' title='bbox 480 740 656 800; x_wconf 86' lang='lat' dir='ltr'>prope</span> <span class='ocrx_word' id='word_1_27' title='bbox 687 731 798 776; x_wconf 84' lang='lat' dir='ltr'>tam</span> <span class='ocrx_word' id='word_1_28' title='bbox 820 715 990 776; x_wconf 89' lang='lat' dir='ltr'>letum</span> <span class='ocrx_word' id='word_1_29' title='bbox 1008 763 1022 788; x_wconf 86' lang='lat'>‚</span> <span class='ocrx_word' id='word_1_30' title='bbox 1060 739 1224 797; x_wconf 86' lang='lat' dir='ltr'>quam</span> <span class='ocrx_word' id='word_1_31' title='bbox 1253 739 1430 799; x_wconf 89' lang='lat' dir='ltr'>prope</span> <span class='ocrx_word' id='word_1_32' title='bbox 1454 719 1628 777; x_wconf 87' lang='lat' dir='ltr'>cernit</span> <span class='ocrx_word' id='word_1_33' title='bbox 1652 742 1863 802; x_wconf 89' lang='lat' dir='ltr'>aquam.</span> 
     </span>
     <span class='ocr_line' id='line_1_7' title="bbox 300 811 1694 896; baseline 0.001 -22"><span class='ocrx_word' id='word_1_34' title='bbox 300 814 499 896; x_wconf 80' lang='lat' dir='ltr'>Quid?</span> <span class='ocrx_word' id='word_1_35' title='bbox 533 813 579 872; x_wconf 89' lang='lat' dir='ltr'>si</span> <span class='ocrx_word' id='word_1_36' title='bbox 607 835 904 873; x_wconf 87' lang='lat' dir='ltr'>concussas</span> <span class='ocrx_word' id='word_1_37' title='bbox 933 811 1136 870; x_wconf 82' lang='lat' dir='ltr'>Triton</span> <span class='ocrx_word' id='word_1_38' title='bbox 1160 827 1444 894; x_wconf 81' lang='lat' dir='ltr'>exasperat</span> <span class='ocrx_word' id='word_1_39' title='bbox 1473 814 1694 875; x_wconf 82' lang='lat' dir='ltr'>undas?</span> 
     </span>
    </p>
   </div>
   <div class='ocr_carea' id='block_1_5' title="bbox 381 906 1671 993">
    <p class='ocr_par' dir='ltr' id='par_1_5' title="bbox 381 906 1671 993">
     <span class='ocr_line' id='line_1_8' title="bbox 381 906 1671 993; baseline -0.001 -22"><span class='ocrx_word' id='word_1_40' title='bbox 381 914 567 993; x_wconf 84' lang='lat' dir='ltr'>Quam</span> <span class='ocrx_word' id='word_1_41' title='bbox 595 909 699 970; x_wconf 89' lang='lat' dir='ltr'>tibi</span> <span class='ocrx_word' id='word_1_42' title='bbox 728 906 877 968; x_wconf 85' lang='lat' dir='ltr'>nunc</span> <span class='ocrx_word' id='word_1_43' title='bbox 900 922 1022 968; x_wconf 92' lang='lat' dir='ltr'>toto</span> <span class='ocrx_word' id='word_1_44' title='bbox 1049 907 1239 968; x_wconf 90' lang='lat' dir='ltr'>nullus</span> <span class='ocrx_word' id='word_1_45' title='bbox 1272 909 1333 968; x_wconf 91' lang='lat' dir='ltr'>in</span> <span class='ocrx_word' id='word_1_46' title='bbox 1359 933 1452 970; x_wconf 93' lang='lat' dir='ltr'>ore</span> <span class='ocrx_word' id='word_1_47' title='bbox 1483 910 1671 971; x_wconf 88' lang='lat' dir='ltr'>color!</span> 
     </span>
    </p>
   </div>
   <div class='ocr_carea' id='block_1_6' title="bbox 296 1010 1630 1092">
    <p class='ocr_par' dir='ltr' id='par_1_6' title="bbox 296 1010 1630 1092">
     <span class='ocr_line' id='line_1_9' title="bbox 296 1010 1630 1092; baseline -0.003 -15"><span class='ocrx_word' id='word_1_48' title='bbox 296 1019 443 1076; x_wconf 92' lang='lat' dir='ltr'>Tum</span> <span class='ocrx_word' id='word_1_49' title='bbox 470 1036 736 1092; x_wconf 87' lang='lat' dir='ltr'>generosa</span> <span class='ocrx_word' id='word_1_50' title='bbox 763 1034 923 1071; x_wconf 89' lang='lat' dir='ltr'>voces</span> <span class='ocrx_word' id='word_1_51' title='bbox 949 1010 1196 1071; x_wconf 87' lang='lat' dir='ltr'>fecundae</span> <span class='ocrx_word' id='word_1_52' title='bbox 1226 1012 1407 1073; x_wconf 86' lang='lat' dir='ltr'>sidera</span> <span class='ocrx_word' id='word_1_53' title='bbox 1434 1012 1630 1073; x_wconf 82' lang='lat' dir='ltr'>Ledae:</span> 
     </span>
    </p>
   </div>
   <div class='ocr_carea' id='block_1_7' title="bbox 377 1114 2079 1196">
    <p class='ocr_par' dir='ltr' id='par_1_7' title="bbox 377 1114 2079 1196">
     <span class='ocr_line' id='line_1_10' title="bbox 377 1114 2079 1196; baseline -0.002 -18"><span class='ocrx_word' id='word_1_54' title='bbox 377 1120 479 1190; x_wconf 87' lang='lat' dir='ltr'>Et,</span> <span class='ocrx_word' id='word_1_55' title='bbox 509 1114 667 1188; x_wconf 81' lang='lat' dir='ltr'>felix,</span> <span class='ocrx_word' id='word_1_56' title='bbox 698 1114 876 1186; x_wconf 83' lang='lat' dir='ltr'>dicaS‚</span> <span class='ocrx_word' id='word_1_57' title='bbox 909 1137 1075 1196; x_wconf 89' lang='lat' dir='ltr'>quam</span> <span class='ocrx_word' id='word_1_58' title='bbox 1102 1137 1201 1174; x_wconf 88' lang='lat' dir='ltr'>sua</span> <span class='ocrx_word' id='word_1_59' title='bbox 1224 1128 1367 1175; x_wconf 87' lang='lat' dir='ltr'>terra</span> <span class='ocrx_word' id='word_1_60' title='bbox 1393 1117 1575 1175; x_wconf 82' lang='lat' dir='ltr'>tenet!</span> <span class='ocrx_word' id='word_1_61' title='bbox 2025 1134 2079 1177; x_wconf 81' lang='lat'>30</span> 
     </span>
    </p>
   </div>
   <div class='ocr_carea' id='block_1_8' title="bbox 285 1299 1166 2855">
    <p class='ocr_par' dir='ltr' id='par_1_8' title="bbox 293 1299 1147 1422">
     <span class='ocr_line' id='line_1_11' title="bbox 293 1299 1147 1354; baseline -0.004 -10"><span class='ocrx_word' id='word_1_62' title='bbox 293 1306 455 1344; x_wconf 81' lang='lat' dir='ltr'>noceat.</span> <span class='ocrx_word' id='word_1_63' title='bbox 480 1301 666 1354; x_wconf 74' lang='lat' dir='ltr'>Qua-rere</span> <span class='ocrx_word' id='word_1_64' title='bbox 685 1299 842 1343; x_wconf 85' lang='lat' dir='ltr'>curiosi</span> <span class='ocrx_word' id='word_1_65' title='bbox 863 1308 953 1350; x_wconf 89' lang='lat' dir='ltr'>est;</span> <span class='ocrx_word' id='word_1_66' title='bbox 984 1299 1147 1342; x_wconf 79' lang='lat' dir='ltr'>credere</span> 
     </span>
     <span class='ocr_line' id='line_1_12' title="bbox 295 1366 1118 1422; baseline -0.007 -12"><span class='ocrx_word' id='word_1_67' title='bbox 295 1384 401 1412; x_wconf 88' lang='lat' dir='ltr'>vero</span> <span class='ocrx_word' id='word_1_68' title='bbox 416 1401 427 1422; x_wconf 90' lang='lat'>,</span> <span class='ocrx_word' id='word_1_69' title='bbox 450 1366 605 1410; x_wconf 86' lang='lat' dir='ltr'>timidi.</span> <span class='ocrx_word' id='word_1_70' title='bbox 1115 1370 1118 1371; x_wconf 72' lang='grc'>’</span> 
     </span>
    </p>

    <p class='ocr_par' dir='ltr' id='par_1_9' title="bbox 350 1429 1095 1486">
     <span class='ocr_line' id='line_1_13' title="bbox 350 1429 1095 1486; baseline -0.005 -11"><span class='ocrx_word' id='word_1_71' title='bbox 350 1434 418 1486; x_wconf 78' lang='lat'>24.</span> <span class='ocrx_word' id='word_1_72' title='bbox 454 1434 602 1474; x_wconf 79' lang='lat' dir='ltr'>Currit.</span> <span class='ocrx_word' id='word_1_73' title='bbox 629 1432 803 1482; x_wconf 76' lang='lat' dir='ltr'>Tendit,</span> <span class='ocrx_word' id='word_1_74' title='bbox 828 1429 917 1472; x_wconf 88' lang='lat' dir='ltr'>duo</span> <span class='ocrx_word' id='word_1_75' title='bbox 935 1429 1095 1486; x_wconf 89' lang='lat' dir='ltr'>scripti.</span> 
     </span>
    </p>

    <p class='ocr_par' dir='ltr' id='par_1_10' title="bbox 285 1498 1150 1873">
     <span class='ocr_line' id='line_1_14' title="bbox 353 1498 1149 1550; baseline -0.006 -9"><span class='ocrx_word' id='word_1_76' title='bbox 353 1500 419 1540; x_wconf 86' lang='lat'>25.</span> <span class='ocrx_word' id='word_1_77' title='bbox 448 1499 606 1541; x_wconf 67' lang='lat' dir='ltr'>Navita</span> <span class='ocrx_word' id='word_1_78' title='bbox 641 1498 851 1538; x_wconf 76' lang='lat' dir='ltr'>sollicitus</span> <span class='ocrx_word' id='word_1_79' title='bbox 885 1511 968 1550; x_wconf 85' lang='lat' dir='ltr'>qua</span> <span class='ocrx_word' id='word_1_80' title='bbox 1003 1500 1149 1537; x_wconf 79' lang='lat' dir='ltr'>ventos</span> 
     </span>
     <span class='ocr_line' id='line_1_15' title="bbox 294 1559 1146 1616; baseline -0.004 -11"><span class='ocrx_word' id='word_1_81' title='bbox 294 1565 442 1605; x_wconf 81' lang='lat' dir='ltr'>borrel.</span> <span class='ocrx_word' id='word_1_82' title='bbox 479 1563 592 1616; x_wconf 76' lang='lat' dir='ltr'><em>Quia</em></span> <span class='ocrx_word' id='word_1_83' title='bbox 630 1566 778 1603; x_wconf 78' lang='lat' dir='ltr'>ventos</span> <span class='ocrx_word' id='word_1_84' title='bbox 799 1593 809 1610; x_wconf 89' lang='lat'><strong><em>,</em></strong></span> <span class='ocrx_word' id='word_1_85' title='bbox 858 1559 1111 1602; x_wconf 88' lang='lat' dir='ltr'>Puteaneus</span> <span class='ocrx_word' id='word_1_86' title='bbox 1133 1591 1146 1613; x_wconf 74' lang='grc'>,</span> 
     </span>
     <span class='ocr_line' id='line_1_16' title="bbox 297 1624 1146 1681; baseline -0.006 -10"><span class='ocrx_word' id='word_1_87' title='bbox 297 1626 626 1671; x_wconf 88' lang='lat' dir='ltr'>Arundelianus</span> <span class='ocrx_word' id='word_1_88' title='bbox 641 1659 652 1680; x_wconf 88' lang='lat'><strong><em>,</em></strong></span> <span class='ocrx_word' id='word_1_89' title='bbox 687 1634 731 1669; x_wconf 88' lang='lat' dir='ltr'>et</span> <span class='ocrx_word' id='word_1_90' title='bbox 760 1634 846 1668; x_wconf 89' lang='lat' dir='ltr'>tres</span> <span class='ocrx_word' id='word_1_91' title='bbox 883 1624 966 1667; x_wconf 88' lang='lat' dir='ltr'>alii.</span> <span class='ocrx_word' id='word_1_92' title='bbox 998 1624 1114 1681; x_wconf 84' lang='lat' dir='ltr'>Lege</span> <span class='ocrx_word' id='word_1_93' title='bbox 1135 1657 1146 1675; x_wconf 92' lang='lat'><em>‚</em></span> 
     </span>
     <span class='ocr_line' id='line_1_17' title="bbox 295 1688 1148 1748; baseline -0.005 -14"><span class='ocrx_word' id='word_1_94' title='bbox 295 1706 405 1748; x_wconf 81' lang='lat' dir='ltr'><em>qua;</em></span> <span class='ocrx_word' id='word_1_95' title='bbox 423 1692 470 1734; x_wconf 91' lang='lat' dir='ltr'>in</span> <span class='ocrx_word' id='word_1_96' title='bbox 491 1691 579 1734; x_wconf 89' lang='lat' dir='ltr'>salo</span> <span class='ocrx_word' id='word_1_97' title='bbox 598 1690 812 1733; x_wconf 89' lang='lat' dir='ltr'>nimirum</span> <span class='ocrx_word' id='word_1_98' title='bbox 837 1707 846 1733; x_wconf 90' lang='lat'><strong>:</strong></span> <span class='ocrx_word' id='word_1_99' title='bbox 868 1690 937 1732; x_wconf 86' lang='lat' dir='ltr'>alii</span> <span class='ocrx_word' id='word_1_100' title='bbox 956 1688 1124 1732; x_wconf 87' lang='lat' dir='ltr'>codices</span> <span class='ocrx_word' id='word_1_101' title='bbox 1137 1721 1148 1743; x_wconf 90' lang='lat'>‚</span> 
     </span>
     <span class='ocr_line' id='line_1_18' title="bbox 285 1753 1123 1813; baseline -0.004 -14"><span class='ocrx_word' id='word_1_102' title='bbox 285 1758 385 1813; x_wconf 84' lang='lat' dir='ltr'>jam</span> <span class='ocrx_word' id='word_1_103' title='bbox 400 1791 410 1807; x_wconf 94' lang='lat'>‚</span> <span class='ocrx_word' id='word_1_104' title='bbox 443 1756 511 1799; x_wconf 91' lang='lat' dir='ltr'>vel</span> <span class='ocrx_word' id='word_1_105' title='bbox 531 1772 699 1812; x_wconf 79' lang='lat' dir='ltr'>quoque.</span> <span class='ocrx_word' id='word_1_106' title='bbox 722 1756 781 1798; x_wconf 92' lang='lat' dir='ltr'>H.</span> <span class='ocrx_word' id='word_1_107' title='bbox 806 1754 902 1812; x_wconf 82' lang='lat' dir='ltr'>Ego</span> <span class='ocrx_word' id='word_1_108' title='bbox 920 1753 1123 1797; x_wconf 88' lang='lat' dir='ltr'>mallem:</span> 
     </span>
     <span class='ocr_line' id='line_1_19' title="bbox 295 1829 1150 1873; baseline -0.004 -11"><span class='ocrx_word' id='word_1_109' title='bbox 295 1831 420 1863; x_wconf 82' lang='lat' dir='ltr'>Navita</span> <span class='ocrx_word' id='word_1_110' title='bbox 435 1831 596 1862; x_wconf 82' lang='lat' dir='ltr'>sollicitus</span> <span class='ocrx_word' id='word_1_111' title='bbox 606 1855 616 1870; x_wconf 92' lang='lat'><em>‚</em></span> <span class='ocrx_word' id='word_1_112' title='bbox 631 1842 736 1873; x_wconf 83' lang='lat' dir='ltr'>quum</span> <span class='ocrx_word' id='word_1_113' title='bbox 750 1837 864 1862; x_wconf 87' lang='lat' dir='ltr'>ventos</span> <span class='ocrx_word' id='word_1_114' title='bbox 874 1830 982 1862; x_wconf 81' lang='lat' dir='ltr'>horret</span> <span class='ocrx_word' id='word_1_115' title='bbox 997 1829 1126 1871; x_wconf 85' lang='lat' dir='ltr'>iniquos</span> <span class='ocrx_word' id='word_1_116' title='bbox 1139 1853 1150 1868; x_wconf 92' lang='lat'><strong><em>,</em></strong></span> 
     </span>
    </p>

    <p class='ocr_par' dir='ltr' id='par_1_11' title="bbox 328 1891 1161 1933">
     <span class='ocr_line' id='line_1_20' title="bbox 328 1891 1161 1933; baseline -0.004 -10"><span class='ocrx_word' id='word_1_117' title='bbox 328 1893 413 1923; x_wconf 86' lang='lat' dir='ltr'>Tam</span> <span class='ocrx_word' id='word_1_118' title='bbox 420 1902 520 1933; x_wconf 80' lang='lat' dir='ltr'>prope</span> <span class='ocrx_word' id='word_1_119' title='bbox 530 1902 562 1922; x_wconf 86' lang='lat' dir='ltr'>se</span> <span class='ocrx_word' id='word_1_120' title='bbox 574 1892 677 1923; x_wconf 85' lang='lat' dir='ltr'>letum</span> <span class='ocrx_word' id='word_1_121' title='bbox 685 1903 784 1933; x_wconf 84' lang='lat' dir='ltr'>quam</span> <span class='ocrx_word' id='word_1_122' title='bbox 794 1902 892 1932; x_wconf 84' lang='lat' dir='ltr'>prope</span> <span class='ocrx_word' id='word_1_123' title='bbox 904 1891 1008 1922; x_wconf 81' lang='lat' dir='ltr'>cernit</span> <span class='ocrx_word' id='word_1_124' title='bbox 1019 1901 1161 1932; x_wconf 59' lang='lat' dir='ltr'>aquam..</span> 
     </span>
    </p>

    <p class='ocr_par' dir='ltr' id='par_1_12' title="bbox 296 1953 1156 2334">
     <span class='ocr_line' id='line_1_21' title="bbox 296 1953 1153 2012; baseline -0.006 -14"><span class='ocrx_word' id='word_1_125' title='bbox 296 1958 433 2010; x_wconf 81' lang='lat' dir='ltr'>Prope</span> <span class='ocrx_word' id='word_1_126' title='bbox 462 1971 528 2004; x_wconf 85' lang='lat' dir='ltr'>se,</span> <span class='ocrx_word' id='word_1_127' title='bbox 563 1962 611 1996; x_wconf 89' lang='lat' dir='ltr'>ut</span> <span class='ocrx_word' id='word_1_128' title='bbox 632 1953 768 2010; x_wconf 83' lang='lat' dir='ltr'>Epist.</span> <span class='ocrx_word' id='word_1_129' title='bbox 791 1967 894 2006; x_wconf 82' lang='lat' dir='ltr'>XIX,</span> <span class='ocrx_word' id='word_1_130' title='bbox 929 1954 995 2012; x_wconf 65' lang='lat'>59,</span> <span class='ocrx_word' id='word_1_131' title='bbox 1019 1954 1153 2006; x_wconf 80' lang='lat' dir='ltr'>Quum</span> 
     </span>
     <span class='ocr_line' id='line_1_22' title="bbox 298 2017 1154 2063; baseline -0.005 0"><span class='ocrx_word' id='word_1_132' title='bbox 298 2026 447 2063; x_wconf 79' lang='lat' dir='ltr'>ventos</span> <span class='ocrx_word' id='word_1_133' title='bbox 466 2034 571 2061; x_wconf 92' lang='lat' dir='ltr'>vero</span> <span class='ocrx_word' id='word_1_134' title='bbox 595 2026 658 2061; x_wconf 88' lang='lat' dir='ltr'>est</span> <span class='ocrx_word' id='word_1_135' title='bbox 679 2019 726 2060; x_wconf 91' lang='lat' dir='ltr'>in</span> <span class='ocrx_word' id='word_1_136' title='bbox 749 2017 955 2061; x_wconf 87' lang='lat' dir='ltr'>Scriverii</span> <span class='ocrx_word' id='word_1_137' title='bbox 983 2026 1027 2060; x_wconf 84' lang='lat' dir='ltr'>et</span> <span class='ocrx_word' id='word_1_138' title='bbox 1056 2017 1154 2060; x_wconf 84' lang='lat' dir='ltr'>Pa—</span> 
     </span>
     <span class='ocr_line' id='line_1_23' title="bbox 296 2083 1155 2127; baseline -0.003 0"><span class='ocrx_word' id='word_1_139' title='bbox 296 2084 435 2127; x_wconf 90' lang='lat' dir='ltr'>latino</span> <span class='ocrx_word' id='word_1_140' title='bbox 458 2083 605 2126; x_wconf 89' lang='lat' dir='ltr'>altero.</span> <span class='ocrx_word' id='word_1_141' title='bbox 629 2084 784 2126; x_wconf 80' lang='lat' dir='ltr'>Horret</span> <span class='ocrx_word' id='word_1_142' title='bbox 798 2091 946 2125; x_wconf 89' lang='lat' dir='ltr'>autem</span> <span class='ocrx_word' id='word_1_143' title='bbox 964 2090 1028 2125; x_wconf 89' lang='lat' dir='ltr'>est</span> <span class='ocrx_word' id='word_1_144' title='bbox 1052 2097 1155 2125; x_wconf 90' lang='lat' dir='ltr'>cum</span> 
     </span>
     <span class='ocr_line' id='line_1_24' title="bbox 297 2147 1154 2204; baseline -0.004 -12"><span class='ocrx_word' id='word_1_145' title='bbox 297 2149 483 2192; x_wconf 90' lang='lat' dir='ltr'>horrore</span> <span class='ocrx_word' id='word_1_146' title='bbox 498 2147 629 2190; x_wconf 88' lang='lat' dir='ltr'>audit.</span> <span class='ocrx_word' id='word_1_147' title='bbox 644 2148 834 2204; x_wconf 85' lang='lat' dir='ltr'>Quintil.</span> <span class='ocrx_word' id='word_1_148' title='bbox 851 2147 975 2191; x_wconf 91' lang='lat' dir='ltr'>Decl.</span> <span class='ocrx_word' id='word_1_149' title='bbox 993 2161 1058 2201; x_wconf 79' lang='lat' dir='ltr'>vl,</span> <span class='ocrx_word' id='word_1_150' title='bbox 1081 2164 1098 2189; x_wconf 88' lang='lat'>1</span> <span class='ocrx_word' id='word_1_151' title='bbox 1110 2164 1125 2189; x_wconf 89' lang='lat'>1</span> <span class='ocrx_word' id='word_1_152' title='bbox 1143 2162 1154 2189; x_wconf 75' lang='grc' dir='ltr'><strong><em>ε</em></strong></span> 
     </span>
     <span class='ocr_line' id='line_1_25' title="bbox 300 2215 1156 2269; baseline -0.004 -12"><span class='ocrx_word' id='word_1_153' title='bbox 300 2216 452 2269; x_wconf 76' lang='lat' dir='ltr'>Legem</span> <span class='ocrx_word' id='word_1_154' title='bbox 473 2216 962 2269; x_wconf 52' lang='lat' dir='ltr'>tlrlam‘quidm&#39;horream</span> <span class='ocrx_word' id='word_1_155' title='bbox 975 2217 998 2258; x_wconf 90' lang='lat'><em>?</em></span> <span class='ocrx_word' id='word_1_156' title='bbox 1021 2215 1156 2267; x_wconf 78' lang='lat' dir='ltr'>Quum</span> 
     </span>
     <span class='ocr_line' id='line_1_26' title="bbox 299 2278 1155 2334; baseline -0.002 -12"><span class='ocrx_word' id='word_1_157' title='bbox 299 2284 439 2323; x_wconf 80' lang='lat' dir='ltr'>ventis</span> <span class='ocrx_word' id='word_1_158' title='bbox 458 2281 596 2321; x_wconf 81' lang='lat' dir='ltr'>horret</span> <span class='ocrx_word' id='word_1_159' title='bbox 606 2282 762 2334; x_wconf 58' lang='lat' dir='ltr'>iniquis·</span> <span class='ocrx_word' id='word_1_160' title='bbox 777 2312 787 2329; x_wconf 89' lang='lat'><strong><em>‚</em></strong></span> <span class='ocrx_word' id='word_1_161' title='bbox 812 2278 1087 2321; x_wconf 86' lang='lat' dir='ltr'>Francosurt.</span> <span class='ocrx_word' id='word_1_162' title='bbox 1103 2279 1155 2320; x_wconf 91' lang='lat' dir='ltr'>B.</span> 
     </span>
    </p>

    <p class='ocr_par' dir='ltr' id='par_1_13' title="bbox 299 2343 1158 2517">
     <span class='ocr_line' id='line_1_27' title="bbox 356 2343 1158 2400; baseline 0 -14"><span class='ocrx_word' id='word_1_163' title='bbox 356 2344 422 2386; x_wconf 85' lang='lat'>28.</span> <span class='ocrx_word' id='word_1_164' title='bbox 442 2345 578 2397; x_wconf 81' lang='lat' dir='ltr'>Quam</span> <span class='ocrx_word' id='word_1_165' title='bbox 587 2346 782 2386; x_wconf 75' lang='lat' dir='ltr'>tt‘bz&#39;nunc</span> <span class='ocrx_word' id='word_1_166' title='bbox 791 2348 891 2387; x_wconf 82' lang='lat' dir='ltr'>tolo.</span> <span class='ocrx_word' id='word_1_167' title='bbox 902 2343 996 2386; x_wconf 90' lang='lat' dir='ltr'>Lon</span> <span class='ocrx_word' id='word_1_168' title='bbox 1003 2360 1053 2400; x_wconf 84' lang='lat' dir='ltr'>ge</span> <span class='ocrx_word' id='word_1_169' title='bbox 1062 2359 1158 2386; x_wconf 88' lang='lat' dir='ltr'>me-</span> 
     </span>
     <span class='ocr_line' id='line_1_28' title="bbox 299 2408 1156 2453; baseline 0.001 -3"><span class='ocrx_word' id='word_1_170' title='bbox 299 2408 384 2451; x_wconf 92' lang='lat' dir='ltr'>lior</span> <span class='ocrx_word' id='word_1_171' title='bbox 417 2409 704 2452; x_wconf 86' lang='lat' dir='ltr'>et·vetustior</span> <span class='ocrx_word' id='word_1_172' title='bbox 731 2409 860 2453; x_wconf 85' lang='lat' dir='ltr'>lectio</span> <span class='ocrx_word' id='word_1_173' title='bbox 894 2417 958 2452; x_wconf 89' lang='lat' dir='ltr'>est</span> <span class='ocrx_word' id='word_1_174' title='bbox 977 2408 1050 2451; x_wconf 88' lang='lat' dir='ltr'>illa</span> <span class='ocrx_word' id='word_1_175' title='bbox 1069 2424 1156 2451; x_wconf 90' lang='lat' dir='ltr'>ve-</span> 
     </span>
     <span class='ocr_line' id='line_1_29' title="bbox 302 2473 732 2517; baseline 0 -1"><span class='ocrx_word' id='word_1_176' title='bbox 302 2473 526 2516; x_wconf 86' lang='lat' dir='ltr'>tustissimi</span> <span class='ocrx_word' id='word_1_177' title='bbox 543 2473 699 2517; x_wconf 84' lang='lat' dir='ltr'>codicis</span> <span class='ocrx_word' id='word_1_178' title='bbox 721 2490 732 2516; x_wconf 74' lang='grc' dir='ltr'>ε</span> 
     </span>
    </p>

    <p class='ocr_par' dir='ltr' id='par_1_14' title="bbox 302 2542 1166 2855">
     <span class='ocr_line' id='line_1_30' title="bbox 342 2542 1029 2583; baseline 0 -10"><span class='ocrx_word' id='word_1_179' title='bbox 342 2543 453 2583; x_wconf 80' lang='lat' dir='ltr'>Quam</span> <span class='ocrx_word' id='word_1_180' title='bbox 468 2543 528 2573; x_wconf 84' lang='lat' dir='ltr'>tibi</span> <span class='ocrx_word' id='word_1_181' title='bbox 546 2542 588 2573; x_wconf 84' lang='lat' dir='ltr'>sit</span> <span class='ocrx_word' id='word_1_182' title='bbox 603 2549 673 2573; x_wconf 84' lang='lat' dir='ltr'>toto</span> <span class='ocrx_word' id='word_1_183' title='bbox 686 2543 798 2574; x_wconf 80' lang='lat' dir='ltr'>nullus</span> <span class='ocrx_word' id='word_1_184' title='bbox 813 2544 846 2574; x_wconf 83' lang='lat' dir='ltr'>in</span> <span class='ocrx_word' id='word_1_185' title='bbox 862 2553 916 2575; x_wconf 89' lang='lat' dir='ltr'>ore</span> <span class='ocrx_word' id='word_1_186' title='bbox 929 2543 1029 2575; x_wconf 87' lang='lat' dir='ltr'>color.</span> 
     </span>
     <span class='ocr_line' id='line_1_31' title="bbox 302 2602 1160 2661; baseline 0.001 -15"><span class='ocrx_word' id='word_1_187' title='bbox 302 2603 357 2646; x_wconf 89' lang='lat' dir='ltr'>ld</span> <span class='ocrx_word' id='word_1_188' title='bbox 381 2612 470 2658; x_wconf 89' lang='lat' dir='ltr'>est,</span> <span class='ocrx_word' id='word_1_189' title='bbox 495 2619 547 2646; x_wconf 86' lang='lat' dir='ltr'>ex</span> <span class='ocrx_word' id='word_1_190' title='bbox 575 2602 734 2645; x_wconf 88' lang='lat' dir='ltr'>timore</span> <span class='ocrx_word' id='word_1_191' title='bbox 769 2612 861 2646; x_wconf 87' lang='lat' dir='ltr'>tota</span> <span class='ocrx_word' id='word_1_192' title='bbox 892 2603 1160 2661; x_wconf 84' lang='lat' dir='ltr'>expallesces.</span> 
     </span>
     <span class='ocr_line' id='line_1_32' title="bbox 302 2667 1156 2723; baseline 0.001 -13"><span class='ocrx_word' id='word_1_193' title='bbox 302 2668 436 2711; x_wconf 61' lang='grc' dir='ltr'>ΜΔΕ.</span> <span class='ocrx_word' id='word_1_194' title='bbox 459 2667 572 2722; x_wconf 89' lang='lat' dir='ltr'>Alii,</span> <span class='ocrx_word' id='word_1_195' title='bbox 607 2668 697 2720; x_wconf 78' lang='lat' dir='ltr'>Qui</span> <span class='ocrx_word' id='word_1_196' title='bbox 711 2670 796 2710; x_wconf 76' lang='lat' dir='ltr'><em>tibi</em></span> <span class='ocrx_word' id='word_1_197' title='bbox 814 2685 924 2710; x_wconf 86' lang='lat' dir='ltr'>nunc</span> <span class='ocrx_word' id='word_1_198' title='bbox 943 2674 1030 2710; x_wconf 81' lang='lat' dir='ltr'>loto</span> <span class='ocrx_word' id='word_1_199' title='bbox 1046 2701 1059 2723; x_wconf 88' lang='lat'>,</span> <span class='ocrx_word' id='word_1_200' title='bbox 1088 2669 1156 2711; x_wconf 82' lang='lat' dir='ltr'>vel</span> 
     </span>
     <span class='ocr_line' id='line_1_33' title="bbox 302 2733 1166 2790; baseline 0 -13"><span class='ocrx_word' id='word_1_201' title='bbox 302 2741 392 2778; x_wconf 79' lang='lat' dir='ltr'>tolo</span> <span class='ocrx_word' id='word_1_202' title='bbox 411 2740 479 2777; x_wconf 82' lang='lat' dir='ltr'>est</span> <span class='ocrx_word' id='word_1_203' title='bbox 503 2750 516 2777; x_wconf 90' lang='grc'>.·</span> <span class='ocrx_word' id='word_1_204' title='bbox 554 2734 696 2790; x_wconf 88' lang='lat' dir='ltr'>prima</span> <span class='ocrx_word' id='word_1_205' title='bbox 729 2733 889 2788; x_wconf 84' lang='lat' dir='ltr'>editio,</span> <span class='ocrx_word' id='word_1_206' title='bbox 918 2735 1052 2787; x_wconf 80' lang='lat' dir='ltr'>Quam</span> <span class='ocrx_word' id='word_1_207' title='bbox 1082 2738 1166 2777; x_wconf 71' lang='lat' dir='ltr'><em>tibi</em></span> 
     </span>
     <span class='ocr_line' id='line_1_34' title="bbox 303 2799 1157 2855; baseline -0.002 -10"><span class='ocrx_word' id='word_1_208' title='bbox 303 2818 414 2846; x_wconf 78' lang='lat' dir='ltr'>nunc</span> <span class='ocrx_word' id='word_1_209' title='bbox 428 2807 516 2845; x_wconf 84' lang='lat' dir='ltr'>toto</span> <span class='ocrx_word' id='word_1_210' title='bbox 532 2807 600 2844; x_wconf 81' lang='lat' dir='ltr'>est</span> <span class='ocrx_word' id='word_1_211' title='bbox 617 2817 629 2843; x_wconf 91' lang='lat'><em>:</em></span> <span class='ocrx_word' id='word_1_212' title='bbox 649 2809 766 2844; x_wconf 89' lang='lat' dir='ltr'>recte</span> <span class='ocrx_word' id='word_1_213' title='bbox 785 2833 797 2855; x_wconf 88' lang='lat'>‚</span> <span class='ocrx_word' id='word_1_214' title='bbox 817 2800 852 2843; x_wconf 92' lang='lat' dir='ltr'>si</span> <span class='ocrx_word' id='word_1_215' title='bbox 874 2804 914 2844; x_wconf 75' lang='grc' dir='ltr'>τὸ</span> <span class='ocrx_word' id='word_1_216' title='bbox 930 2805 998 2842; x_wconf 80' lang='lat' dir='ltr'>est</span> <span class='ocrx_word' id='word_1_217' title='bbox 1012 2799 1157 2843; x_wconf 86' lang='lat' dir='ltr'>tollas:</span> 
     </span>
    </p>
   </div>
   <div class='ocr_carea' id='block_1_9' title="bbox 341 2870 1155 2911">
    <p class='ocr_par' dir='ltr' id='par_1_15' title="bbox 341 2870 1155 2911">
     <span class='ocr_line' id='line_1_35' title="bbox 341 2870 1155 2911; baseline -0.002 -10"><span class='ocrx_word' id='word_1_218' title='bbox 341 2872 452 2911; x_wconf 83' lang='lat' dir='ltr'>Quam</span> <span class='ocrx_word' id='word_1_219' title='bbox 467 2871 526 2901; x_wconf 87' lang='lat' dir='ltr'>tibi</span> <span class='ocrx_word' id='word_1_220' title='bbox 543 2882 630 2901; x_wconf 87' lang='lat' dir='ltr'>nunc</span> <span class='ocrx_word' id='word_1_221' title='bbox 645 2876 713 2901; x_wconf 86' lang='lat' dir='ltr'>toto</span> <span class='ocrx_word' id='word_1_222' title='bbox 730 2870 841 2900; x_wconf 85' lang='lat' dir='ltr'>nullus</span> <span class='ocrx_word' id='word_1_223' title='bbox 854 2870 887 2899; x_wconf 87' lang='lat' dir='ltr'>in</span> <span class='ocrx_word' id='word_1_224' title='bbox 903 2880 957 2900; x_wconf 85' lang='lat' dir='ltr'>ore</span> <span class='ocrx_word' id='word_1_225' title='bbox 974 2870 1080 2900; x_wconf 84' lang='lat' dir='ltr'>color!</span> <span class='ocrx_word' id='word_1_226' title='bbox 1109 2870 1155 2899; x_wconf 88' lang='lat' dir='ltr'>H.</span> 
     </span>
    </p>
   </div>
   <div class='ocr_carea' id='block_1_10' title="bbox 363 2930 1158 2990">
    <p class='ocr_par' dir='ltr' id='par_1_16' title="bbox 363 2930 1158 2990">
     <span class='ocr_line' id='line_1_36' title="bbox 363 2930 1158 2990; baseline -0.003 -16"><span class='ocrx_word' id='word_1_227' title='bbox 363 2949 431 2990; x_wconf 83' lang='lat'>29.</span> <span class='ocrx_word' id='word_1_228' title='bbox 468 2933 572 2974; x_wconf 84' lang='lat' dir='ltr'>Tum</span> <span class='ocrx_word' id='word_1_229' title='bbox 590 2947 792 2986; x_wconf 79' lang='lat' dir='ltr'>generosa</span> <span class='ocrx_word' id='word_1_230' title='bbox 820 2946 944 2973; x_wconf 86' lang='lat' dir='ltr'>voces</span> <span class='ocrx_word' id='word_1_231' title='bbox 960 2930 1158 2985; x_wconf 77' lang='lat' dir='ltr'>fi‘cundae</span> 
     </span>
    </p>
   </div>
   <div class='ocr_carea' id='block_1_11' title="bbox 306 2995 1191 3052">
    <p class='ocr_par' dir='ltr' id='par_1_17' title="bbox 306 2995 1191 3052">
     <span class='ocr_line' id='line_1_37' title="bbox 306 2995 1191 3052; baseline -0.002 -13"><span class='ocrx_word' id='word_1_232' title='bbox 306 2999 448 3039; x_wconf 77' lang='lat' dir='ltr'>sidera</span> <span class='ocrx_word' id='word_1_233' title='bbox 476 2998 614 3038; x_wconf 82' lang='lat' dir='ltr'>Ledoe.</span> <span class='ocrx_word' id='word_1_234' title='bbox 645 2997 748 3039; x_wconf 92' lang='lat' dir='ltr'>Non</span> <span class='ocrx_word' id='word_1_235' title='bbox 781 2995 894 3052; x_wconf 85' lang='lat' dir='ltr'>ipsos</span> <span class='ocrx_word' id='word_1_236' title='bbox 932 2995 1158 3038; x_wconf 87' lang='lat' dir='ltr'>Pollucem</span> <span class='ocrx_word' id='word_1_237' title='bbox 1188 2999 1191 3001; x_wconf 79' lang='grc'><strong>’</strong></span> 
     </span>
    </p>
   </div>
   <div class='ocr_carea' id='block_1_12' title="bbox 305 3058 1158 3505">
    <p class='ocr_par' dir='ltr' id='par_1_18' title="bbox 305 3058 1158 3505">
     <span class='ocr_line' id='line_1_38' title="bbox 308 3058 1156 3117; baseline -0.002 -14"><span class='ocrx_word' id='word_1_238' title='bbox 308 3069 353 3103; x_wconf 88' lang='lat' dir='ltr'>et</span> <span class='ocrx_word' id='word_1_239' title='bbox 382 3059 562 3103; x_wconf 77' lang='lat' dir='ltr'>Castora</span> <span class='ocrx_word' id='word_1_240' title='bbox 576 3093 587 3115; x_wconf 86' lang='lat'>‚</span> <span class='ocrx_word' id='word_1_241' title='bbox 609 3060 685 3103; x_wconf 89' lang='lat' dir='ltr'>sed</span> <span class='ocrx_word' id='word_1_242' title='bbox 701 3060 823 3117; x_wconf 83' lang='lat' dir='ltr'>ignes</span> <span class='ocrx_word' id='word_1_243' title='bbox 841 3060 1042 3117; x_wconf 86' lang='lat' dir='ltr'>intelligit</span> <span class='ocrx_word' id='word_1_244' title='bbox 1058 3092 1069 3113; x_wconf 93' lang='lat'>,</span> <span class='ocrx_word' id='word_1_245' title='bbox 1101 3058 1156 3101; x_wconf 89' lang='lat' dir='ltr'>de</span> 
     </span>
     <span class='ocr_line' id='line_1_39' title="bbox 309 3123 1158 3180; baseline 0 -15"><span class='ocrx_word' id='word_1_246' title='bbox 309 3124 465 3180; x_wconf 89' lang='lat' dir='ltr'>quibus</span> <span class='ocrx_word' id='word_1_247' title='bbox 484 3124 598 3167; x_wconf 86' lang='lat' dir='ltr'>Plin.</span> <span class='ocrx_word' id='word_1_248' title='bbox 618 3138 679 3178; x_wconf 90' lang='lat'>11,</span> <span class='ocrx_word' id='word_1_249' title='bbox 703 3125 754 3166; x_wconf 85' lang='lat'>32</span> <span class='ocrx_word' id='word_1_250' title='bbox 778 3140 788 3167; x_wconf 73' lang='grc' dir='ltr'>ι</span> <span class='ocrx_word' id='word_1_251' title='bbox 810 3143 832 3162; x_wconf 87' lang='lat'>«</span> <span class='ocrx_word' id='word_1_252' title='bbox 856 3123 961 3166; x_wconf 87' lang='lat' dir='ltr'>Vidi</span> <span class='ocrx_word' id='word_1_253' title='bbox 975 3133 1158 3166; x_wconf 91' lang='lat' dir='ltr'>noctur-</span> 
     </span>
     <span class='ocr_line' id='line_1_40' title="bbox 305 3187 1158 3245; baseline 0 -15"><span class='ocrx_word' id='word_1_254' title='bbox 305 3188 376 3230; x_wconf 87' lang='lat' dir='ltr'>nis</span> <span class='ocrx_word' id='word_1_255' title='bbox 409 3188 600 3230; x_wconf 91' lang='lat' dir='ltr'>militum</span> <span class='ocrx_word' id='word_1_256' title='bbox 631 3189 784 3245; x_wconf 87' lang='lat' dir='ltr'>vigiliis</span> <span class='ocrx_word' id='word_1_257' title='bbox 812 3188 1029 3231; x_wconf 86' lang='lat' dir='ltr'>inhaerere</span> <span class='ocrx_word' id='word_1_258' title='bbox 1063 3187 1158 3244; x_wconf 88' lang='lat' dir='ltr'>pilis</span> 
     </span>
     <span class='ocr_line' id='line_1_41' title="bbox 309 3252 1158 3309; baseline 0.002 -16"><span class='ocrx_word' id='word_1_259' title='bbox 309 3267 391 3307; x_wconf 85' lang='lat' dir='ltr'>pro</span> <span class='ocrx_word' id='word_1_260' title='bbox 424 3252 534 3294; x_wconf 89' lang='lat' dir='ltr'>vallo</span> <span class='ocrx_word' id='word_1_261' title='bbox 563 3253 779 3309; x_wconf 84' lang='lat' dir='ltr'>fulgorem</span> <span class='ocrx_word' id='word_1_262' title='bbox 799 3286 810 3307; x_wconf 93' lang='lat'>,</span> <span class='ocrx_word' id='word_1_263' title='bbox 842 3253 983 3309; x_wconf 81' lang='lat' dir='ltr'>effigie</span> <span class='ocrx_word' id='word_1_264' title='bbox 1013 3268 1090 3303; x_wconf 90' lang='lat' dir='ltr'>ea;</span> <span class='ocrx_word' id='word_1_265' title='bbox 1113 3261 1158 3294; x_wconf 90' lang='lat' dir='ltr'>et</span> 
     </span>
     <span class='ocr_line' id='line_1_42' title="bbox 313 3318 1158 3375; baseline 0.001 -16"><span class='ocrx_word' id='word_1_266' title='bbox 313 3318 519 3360; x_wconf 81' lang='lat' dir='ltr'>antennis</span> <span class='ocrx_word' id='word_1_267' title='bbox 537 3318 836 3374; x_wconf 86' lang='lat' dir='ltr'>navigantium</span> <span class='ocrx_word' id='word_1_268' title='bbox 850 3350 861 3372; x_wconf 86' lang='lat'>,</span> <span class='ocrx_word' id='word_1_269' title='bbox 887 3319 1061 3375; x_wconf 92' lang='lat' dir='ltr'>aliisque</span> <span class='ocrx_word' id='word_1_270' title='bbox 1075 3334 1158 3360; x_wconf 90' lang='lat' dir='ltr'>na—</span> 
     </span>
     <span class='ocr_line' id='line_1_43' title="bbox 311 3382 1158 3440; baseline 0.005 -18"><span class='ocrx_word' id='word_1_271' title='bbox 311 3382 434 3424; x_wconf 84' lang='lat' dir='ltr'>vium</span> <span class='ocrx_word' id='word_1_272' title='bbox 455 3384 647 3438; x_wconf 86' lang='lat' dir='ltr'>partibus</span> <span class='ocrx_word' id='word_1_273' title='bbox 666 3417 677 3438; x_wconf 94' lang='lat'>,</span> <span class='ocrx_word' id='word_1_274' title='bbox 713 3400 790 3426; x_wconf 90' lang='lat' dir='ltr'>seu</span> <span class='ocrx_word' id='word_1_275' title='bbox 809 3384 944 3427; x_wconf 88' lang='lat' dir='ltr'>vocali</span> <span class='ocrx_word' id='word_1_276' title='bbox 965 3384 1158 3440; x_wconf 89' lang='lat' dir='ltr'>quodam</span> 
     </span>
     <span class='ocr_line' id='line_1_44' title="bbox 311 3447 1156 3505; baseline 0.005 -17"><span class='ocrx_word' id='word_1_277' title='bbox 311 3461 420 3489; x_wconf 89' lang='lat' dir='ltr'>sono</span> <span class='ocrx_word' id='word_1_278' title='bbox 440 3447 669 3504; x_wconf 86' lang='lat' dir='ltr'>insistunt,</span> <span class='ocrx_word' id='word_1_279' title='bbox 699 3457 748 3491; x_wconf 90' lang='lat' dir='ltr'>ut</span> <span class='ocrx_word' id='word_1_280' title='bbox 769 3448 984 3505; x_wconf 80' lang='lat' dir='ltr'>volucres,</span> <span class='ocrx_word' id='word_1_281' title='bbox 1006 3448 1156 3492; x_wconf 87' lang='lat' dir='ltr'>sedem</span> 
     </span>
    </p>
   </div>
   <div class='ocr_carea' id='block_1_13' title="bbox 1228 1299 2083 2331">
    <p class='ocr_par' dir='ltr' id='par_1_19' title="bbox 1228 1299 2083 2072">
     <span class='ocr_line' id='line_1_45' title="bbox 1228 1299 2080 1357; baseline 0.002 -15"><span class='ocrx_word' id='word_1_282' title='bbox 1228 1315 1279 1342; x_wconf 81' lang='lat' dir='ltr'>ex</span> <span class='ocrx_word' id='word_1_283' title='bbox 1293 1300 1394 1343; x_wconf 88' lang='lat' dir='ltr'>sede</span> <span class='ocrx_word' id='word_1_284' title='bbox 1408 1308 1643 1344; x_wconf 84' lang='lat' dir='ltr'>mutantes.</span> <span class='ocrx_word' id='word_1_285' title='bbox 1657 1299 1839 1355; x_wconf 87' lang='lat' dir='ltr'>Graves,</span> <span class='ocrx_word' id='word_1_286' title='bbox 1853 1316 1991 1357; x_wconf 89' lang='lat' dir='ltr'>quum</span> <span class='ocrx_word' id='word_1_287' title='bbox 2008 1317 2080 1345; x_wconf 88' lang='lat' dir='ltr'>so—</span> 
     </span>
     <span class='ocr_line' id='line_1_46' title="bbox 1228 1365 2081 1423; baseline 0.004 -17"><span class='ocrx_word' id='word_1_288' title='bbox 1228 1365 1379 1407; x_wconf 84' lang='lat' dir='ltr'>litariae</span> <span class='ocrx_word' id='word_1_289' title='bbox 1398 1381 1560 1408; x_wconf 87' lang='lat' dir='ltr'>venere</span> <span class='ocrx_word' id='word_1_290' title='bbox 1577 1398 1590 1420; x_wconf 87' lang='lat'>,</span> <span class='ocrx_word' id='word_1_291' title='bbox 1621 1375 1959 1423; x_wconf 86' lang='lat' dir='ltr'>mergentesque</span> <span class='ocrx_word' id='word_1_292' title='bbox 1989 1383 2081 1409; x_wconf 79' lang='lat' dir='ltr'>na-</span> 
     </span>
     <span class='ocr_line' id='line_1_47' title="bbox 1229 1429 2082 1486; baseline 0.004 -15"><span class='ocrx_word' id='word_1_293' title='bbox 1229 1429 1363 1486; x_wconf 82' lang='lat' dir='ltr'>vigia3</span> <span class='ocrx_word' id='word_1_294' title='bbox 1387 1438 1433 1472; x_wconf 89' lang='lat' dir='ltr'>et</span> <span class='ocrx_word' id='word_1_295' title='bbox 1461 1429 1496 1472; x_wconf 93' lang='lat' dir='ltr'>si</span> <span class='ocrx_word' id='word_1_296' title='bbox 1528 1430 1575 1472; x_wconf 89' lang='lat' dir='ltr'>in</span> <span class='ocrx_word' id='word_1_297' title='bbox 1597 1431 1756 1474; x_wconf 85' lang='lat' dir='ltr'>carinae</span> <span class='ocrx_word' id='word_1_298' title='bbox 1783 1431 1872 1474; x_wconf 89' lang='lat' dir='ltr'>ima</span> <span class='ocrx_word' id='word_1_299' title='bbox 1904 1431 2082 1474; x_wconf 85' lang='lat' dir='ltr'>decide—</span> 
     </span>
     <span class='ocr_line' id='line_1_48' title="bbox 1229 1493 2080 1548; baseline 0.005 -13"><span class='ocrx_word' id='word_1_300' title='bbox 1229 1493 1320 1536; x_wconf 90' lang='lat' dir='ltr'>rint</span> <span class='ocrx_word' id='word_1_301' title='bbox 1345 1526 1357 1548; x_wconf 87' lang='lat'>‚</span> <span class='ocrx_word' id='word_1_302' title='bbox 1400 1502 1644 1539; x_wconf 83' lang='lat' dir='ltr'>exurentes.</span> <span class='ocrx_word' id='word_1_303' title='bbox 1684 1494 1886 1539; x_wconf 87' lang='lat' dir='ltr'>Geminae</span> <span class='ocrx_word' id='word_1_304' title='bbox 1932 1506 2080 1540; x_wconf 89' lang='lat' dir='ltr'>autem</span> 
     </span>
     <span class='ocr_line' id='line_1_49' title="bbox 1230 1559 2081 1618; baseline 0.004 -15"><span class='ocrx_word' id='word_1_305' title='bbox 1230 1559 1453 1615; x_wconf 71' lang='lat' dir='ltr'>salutares,</span> <span class='ocrx_word' id='word_1_306' title='bbox 1465 1568 1509 1603; x_wconf 89' lang='lat' dir='ltr'>et&#39;</span> <span class='ocrx_word' id='word_1_307' title='bbox 1524 1561 1719 1618; x_wconf 88' lang='lat' dir='ltr'>prosperi</span> <span class='ocrx_word' id='word_1_308' title='bbox 1730 1578 1879 1605; x_wconf 85' lang='lat' dir='ltr'>cursus</span> <span class='ocrx_word' id='word_1_309' title='bbox 1892 1563 2059 1606; x_wconf 84' lang='lat' dir='ltr'>nuntiae</span> <span class='ocrx_word' id='word_1_310' title='bbox 2072 1580 2081 1606; x_wconf 76' lang='grc' dir='ltr'>ε</span> 
     </span>
     <span class='ocr_line' id='line_1_50' title="bbox 1234 1625 2082 1683; baseline 0.004 -16"><span class='ocrx_word' id='word_1_311' title='bbox 1234 1641 1422 1682; x_wconf 89' lang='lat' dir='ltr'>quarum</span> <span class='ocrx_word' id='word_1_312' title='bbox 1434 1625 1627 1670; x_wconf 81' lang='lat' dir='ltr'>adventu</span> <span class='ocrx_word' id='word_1_313' title='bbox 1643 1627 1782 1683; x_wconf 84' lang='lat' dir='ltr'>fugari</span> <span class='ocrx_word' id='word_1_314' title='bbox 1800 1626 1940 1670; x_wconf 87' lang='lat' dir='ltr'>diram</span> <span class='ocrx_word' id='word_1_315' title='bbox 1962 1627 2082 1670; x_wconf 91' lang='lat' dir='ltr'>illam</span> 
     </span>
     <span class='ocr_line' id='line_1_51' title="bbox 1234 1691 2083 1749; baseline 0.004 -15"><span class='ocrx_word' id='word_1_316' title='bbox 1234 1707 1282 1734; x_wconf 88' lang='lat' dir='ltr'>ac</span> <span class='ocrx_word' id='word_1_317' title='bbox 1302 1691 1522 1735; x_wconf 87' lang='lat' dir='ltr'>minacem</span> <span class='ocrx_word' id='word_1_318' title='bbox 1538 1724 1549 1746; x_wconf 87' lang='lat'><strong><em>,</em></strong></span> <span class='ocrx_word' id='word_1_319' title='bbox 1584 1691 1929 1749; x_wconf 84' lang='lat' dir='ltr'>adpellatamque</span> <span class='ocrx_word' id='word_1_320' title='bbox 1952 1695 2083 1739; x_wconf 45' lang='lat' dir='ltr'>Heless</span> 
     </span>
     <span class='ocr_line' id='line_1_52' title="bbox 1232 1756 2083 1807; baseline 0.002 -8"><span class='ocrx_word' id='word_1_321' title='bbox 1232 1773 1331 1799; x_wconf 87' lang='lat' dir='ltr'>nam</span> <span class='ocrx_word' id='word_1_322' title='bbox 1347 1790 1357 1807; x_wconf 87' lang='lat'>‚</span> <span class='ocrx_word' id='word_1_323' title='bbox 1389 1757 1550 1799; x_wconf 87' lang='lat' dir='ltr'>serunt.</span> <span class='ocrx_word' id='word_1_324' title='bbox 1589 1756 1648 1800; x_wconf 87' lang='lat' dir='ltr'>Et</span> <span class='ocrx_word' id='word_1_325' title='bbox 1689 1757 1745 1800; x_wconf 92' lang='lat' dir='ltr'>ob</span> <span class='ocrx_word' id='word_1_326' title='bbox 1779 1757 1823 1799; x_wconf 89' lang='lat' dir='ltr'>id</span> <span class='ocrx_word' id='word_1_327' title='bbox 1852 1760 2025 1801; x_wconf 86' lang='lat' dir='ltr'>Polluci</span> <span class='ocrx_word' id='word_1_328' title='bbox 2038 1767 2083 1801; x_wconf 88' lang='lat' dir='ltr'>et</span> 
     </span>
     <span class='ocr_line' id='line_1_53' title="bbox 1237 1821 2081 1880; baseline 0.002 -16"><span class='ocrx_word' id='word_1_329' title='bbox 1237 1821 1461 1865; x_wconf 82' lang='lat' dir='ltr'>Castoriid</span> <span class='ocrx_word' id='word_1_330' title='bbox 1475 1837 1644 1865; x_wconf 90' lang='lat' dir='ltr'>numen</span> <span class='ocrx_word' id='word_1_331' title='bbox 1661 1822 1905 1880; x_wconf 83' lang='lat' dir='ltr'>adsignant,</span> <span class='ocrx_word' id='word_1_332' title='bbox 1923 1840 2081 1880; x_wconf 87' lang='lat' dir='ltr'>eosque</span> 
     </span>
     <span class='ocr_line' id='line_1_54' title="bbox 1233 1884 2083 1945; baseline 0.004 -17"><span class='ocrx_word' id='word_1_333' title='bbox 1233 1886 1281 1928; x_wconf 86' lang='lat' dir='ltr'>in</span> <span class='ocrx_word' id='word_1_334' title='bbox 1302 1884 1414 1929; x_wconf 88' lang='lat' dir='ltr'>mari</span> <span class='ocrx_word' id='word_1_335' title='bbox 1436 1886 1556 1929; x_wconf 89' lang='lat' dir='ltr'>Deos</span> <span class='ocrx_word' id='word_1_336' title='bbox 1572 1887 1791 1930; x_wconf 87' lang='lat' dir='ltr'>invocant.</span> <span class='ocrx_word' id='word_1_337' title='bbox 1806 1906 1826 1924; x_wconf 86' lang='lat'>»</span> <span class='ocrx_word' id='word_1_338' title='bbox 1844 1888 1959 1930; x_wconf 89' lang='lat' dir='ltr'>Rem</span> <span class='ocrx_word' id='word_1_339' title='bbox 1975 1904 2083 1945; x_wconf 89' lang='lat' dir='ltr'>poe—</span> 
     </span>
     <span class='ocr_line' id='line_1_55' title="bbox 1234 1950 2080 2011; baseline -0.001 -17"><span class='ocrx_word' id='word_1_340' title='bbox 1234 1950 1317 1994; x_wconf 81' lang='lat' dir='ltr'>tice</span> <span class='ocrx_word' id='word_1_341' title='bbox 1338 1951 1397 1994; x_wconf 86' lang='lat' dir='ltr'>sic</span> <span class='ocrx_word' id='word_1_342' title='bbox 1425 1952 1582 1994; x_wconf 86' lang='lat' dir='ltr'>Horat.</span> <span class='ocrx_word' id='word_1_343' title='bbox 1603 1966 1621 1995; x_wconf 93' lang='lat'>1</span> <span class='ocrx_word' id='word_1_344' title='bbox 1637 1985 1648 2006; x_wconf 92' lang='lat'>,</span> <span class='ocrx_word' id='word_1_345' title='bbox 1682 1950 1770 1996; x_wconf 81' lang='lat' dir='ltr'>od.</span> <span class='ocrx_word' id='word_1_346' title='bbox 1792 1966 1887 2008; x_wconf 85' lang='lat' dir='ltr'>xn,</span> <span class='ocrx_word' id='word_1_347' title='bbox 1908 1971 1958 2011; x_wconf 85' lang='lat'>27</span> <span class='ocrx_word' id='word_1_348' title='bbox 1974 1986 1985 2008; x_wconf 88' lang='lat'>,</span> <span class='ocrx_word' id='word_1_349' title='bbox 2009 1954 2080 1996; x_wconf 86' lang='lat' dir='ltr'>ubi</span> 
     </span>
     <span class='ocr_line' id='line_1_56' title="bbox 1235 2013 1643 2072; baseline 0.007 -15"><span class='ocrx_word' id='word_1_350' title='bbox 1235 2013 1290 2061; x_wconf 86' lang='lat' dir='ltr'>de</span> <span class='ocrx_word' id='word_1_351' title='bbox 1313 2015 1459 2072; x_wconf 88' lang='lat' dir='ltr'>pueris</span> <span class='ocrx_word' id='word_1_352' title='bbox 1487 2015 1643 2069; x_wconf 81' lang='lat' dir='ltr'>Ledae3</span> 
     </span>
    </p>

    <p class='ocr_par' dir='ltr' id='par_1_20' title="bbox 1358 2098 1836 2138">
     <span class='ocr_line' id='line_1_57' title="bbox 1358 2098 1836 2138; baseline 0 -10"><span class='ocrx_word' id='word_1_353' title='bbox 1358 2098 1510 2138; x_wconf 83' lang='lat' dir='ltr'>Quorum</span> <span class='ocrx_word' id='word_1_354' title='bbox 1526 2098 1626 2129; x_wconf 85' lang='lat' dir='ltr'>simul</span> <span class='ocrx_word' id='word_1_355' title='bbox 1639 2098 1712 2129; x_wconf 77' lang='lat' dir='ltr'>alba</span> <span class='ocrx_word' id='word_1_356' title='bbox 1728 2099 1836 2129; x_wconf 82' lang='lat' dir='ltr'>nautis</span> 
     </span>
    </p>

    <p class='ocr_par' dir='ltr' id='par_1_21' title="bbox 1357 2159 2010 2331">
     <span class='ocr_line' id='line_1_58' title="bbox 1442 2159 1705 2199; baseline 0 -8"><span class='ocrx_word' id='word_1_357' title='bbox 1442 2159 1541 2191; x_wconf 83' lang='lat' dir='ltr'>Stella</span> <span class='ocrx_word' id='word_1_358' title='bbox 1554 2159 1684 2191; x_wconf 82' lang='lat' dir='ltr'>refulsit</span> <span class='ocrx_word' id='word_1_359' title='bbox 1694 2183 1705 2199; x_wconf 90' lang='lat'><em>‚</em></span> 
     </span>
     <span class='ocr_line' id='line_1_59' title="bbox 1357 2219 1895 2262; baseline 0.002 -10"><span class='ocrx_word' id='word_1_360' title='bbox 1357 2219 1482 2252; x_wconf 76' lang='lat' dir='ltr'>Defluit</span> <span class='ocrx_word' id='word_1_361' title='bbox 1495 2221 1581 2252; x_wconf 81' lang='lat' dir='ltr'>saxis</span> <span class='ocrx_word' id='word_1_362' title='bbox 1598 2222 1739 2262; x_wconf 78' lang='lat' dir='ltr'>agitatus</span> <span class='ocrx_word' id='word_1_363' title='bbox 1753 2221 1871 2254; x_wconf 86' lang='lat' dir='ltr'>humor</span> <span class='ocrx_word' id='word_1_364' title='bbox 1886 2233 1895 2253; x_wconf 92' lang='lat'>:</span> 
     </span>
     <span class='ocr_line' id='line_1_60' title="bbox 1357 2287 2010 2331; baseline 0.003 -12"><span class='ocrx_word' id='word_1_365' title='bbox 1357 2287 1540 2320; x_wconf 63' lang='lat' dir='ltr'>Considunt</span> <span class='ocrx_word' id='word_1_366' title='bbox 1551 2290 1641 2320; x_wconf 80' lang='lat' dir='ltr'>venti</span> <span class='ocrx_word' id='word_1_367' title='bbox 1654 2314 1664 2329; x_wconf 91' lang='lat'>‚</span> <span class='ocrx_word' id='word_1_368' title='bbox 1680 2289 1877 2331; x_wconf 77' lang='lat' dir='ltr'>fugiuntque</span> <span class='ocrx_word' id='word_1_369' title='bbox 1889 2290 2010 2331; x_wconf 81' lang='lat' dir='ltr'>nubes;</span> 
     </span>
    </p>
   </div>
   <div class='ocr_carea' id='block_1_14' title="bbox 1358 2350 2005 2443">
    <p class='ocr_par' dir='ltr' id='par_1_22' title="bbox 1358 2350 2005 2443">
     <span class='ocr_line' id='line_1_61' title="bbox 1358 2350 2005 2392; baseline 0.002 -12"><span class='ocrx_word' id='word_1_370' title='bbox 1358 2350 1402 2381; x_wconf 81' lang='lat' dir='ltr'>Et</span> <span class='ocrx_word' id='word_1_371' title='bbox 1417 2350 1529 2381; x_wconf 81' lang='lat' dir='ltr'>minax</span> <span class='ocrx_word' id='word_1_372' title='bbox 1544 2350 1558 2390; x_wconf 96' lang='lat'>(</span> <span class='ocrx_word' id='word_1_373' title='bbox 1570 2350 1659 2392; x_wconf 83' lang='lat' dir='ltr'>quod</span> <span class='ocrx_word' id='word_1_374' title='bbox 1672 2350 1719 2381; x_wconf 82' lang='lat' dir='ltr'>sic</span> <span class='ocrx_word' id='word_1_375' title='bbox 1734 2351 1890 2391; x_wconf 80' lang='lat' dir='ltr'>voluere)</span> <span class='ocrx_word' id='word_1_376' title='bbox 1906 2357 2005 2392; x_wconf 78' lang='lat' dir='ltr'>ponto</span> 
     </span>
     <span class='ocr_line' id='line_1_62' title="bbox 1437 2411 1722 2443; baseline 0.004 -1"><span class='ocrx_word' id='word_1_377' title='bbox 1437 2411 1538 2442; x_wconf 78' lang='lat' dir='ltr'>Unda</span> <span class='ocrx_word' id='word_1_378' title='bbox 1550 2412 1722 2443; x_wconf 83' lang='lat' dir='ltr'>recumbit.</span> 
     </span>
    </p>
   </div>
   <div class='ocr_carea' id='block_1_15' title="bbox 1236 2474 2088 3436">
    <p class='ocr_par' dir='ltr' id='par_1_23' title="bbox 1236 2474 2088 2724">
     <span class='ocr_line' id='line_1_63' title="bbox 1240 2474 2087 2532; baseline 0.001 -16"><span class='ocrx_word' id='word_1_379' title='bbox 1240 2475 1458 2517; x_wconf 81' lang='lat' dir='ltr'>Generosa</span> <span class='ocrx_word' id='word_1_380' title='bbox 1477 2484 1602 2518; x_wconf 88' lang='lat' dir='ltr'>vocat</span> <span class='ocrx_word' id='word_1_381' title='bbox 1621 2474 1828 2531; x_wconf 82' lang='lat' dir='ltr'>Ovidius,</span> <span class='ocrx_word' id='word_1_382' title='bbox 1851 2477 1907 2519; x_wconf 94' lang='lat' dir='ltr'>ob</span> <span class='ocrx_word' id='word_1_383' title='bbox 1925 2482 2087 2532; x_wconf 73' lang='lat' dir='ltr'>generis</span> 
     </span>
     <span class='ocr_line' id='line_1_64' title="bbox 1236 2539 2088 2585; baseline 0.005 -4"><span class='ocrx_word' id='word_1_384' title='bbox 1236 2539 1510 2582; x_wconf 86' lang='lat' dir='ltr'>nobilitatem</span> <span class='ocrx_word' id='word_1_385' title='bbox 1525 2556 1536 2583; x_wconf 74' lang='grc' dir='ltr'>ε</span> <span class='ocrx_word' id='word_1_386' title='bbox 1551 2556 1574 2582; x_wconf 91' lang='lat' dir='ltr'>e</span> <span class='ocrx_word' id='word_1_387' title='bbox 1588 2540 1701 2584; x_wconf 84' lang='lat' dir='ltr'>Jove</span> <span class='ocrx_word' id='word_1_388' title='bbox 1720 2541 1841 2584; x_wconf 90' lang='lat' dir='ltr'>enim</span> <span class='ocrx_word' id='word_1_389' title='bbox 1857 2541 1952 2585; x_wconf 92' lang='lat' dir='ltr'>illos</span> <span class='ocrx_word' id='word_1_390' title='bbox 1968 2541 2088 2585; x_wconf 84' lang='lat' dir='ltr'>Leda</span> 
     </span>
     <span class='ocr_line' id='line_1_65' title="bbox 1236 2606 2086 2660; baseline 0.004 -14"><span class='ocrx_word' id='word_1_391' title='bbox 1236 2613 1494 2660; x_wconf 85' lang='lat' dir='ltr'>susceperat.</span> <span class='ocrx_word' id='word_1_392' title='bbox 1528 2627 1585 2638; x_wconf 92' lang='lat'><em>-</em></span> <span class='ocrx_word' id='word_1_393' title='bbox 1615 2608 1830 2649; x_wconf 85' lang='lat' dir='ltr'>Fecundoe.</span> <span class='ocrx_word' id='word_1_394' title='bbox 1877 2606 2086 2650; x_wconf 85' lang='lat' dir='ltr'>Francius</span> 
     </span>
     <span class='ocr_line' id='line_1_66' title="bbox 1237 2667 1648 2724; baseline 0.007 -15"><span class='ocrx_word' id='word_1_395' title='bbox 1237 2667 1388 2710; x_wconf 88' lang='lat' dir='ltr'>mallet</span> <span class='ocrx_word' id='word_1_396' title='bbox 1405 2701 1417 2723; x_wconf 88' lang='lat'>‚</span> <span class='ocrx_word' id='word_1_397' title='bbox 1434 2669 1648 2724; x_wconf 82' lang='lat' dir='ltr'>formosoe.</span> 
     </span>
    </p>

    <p class='ocr_par' dir='ltr' id='par_1_24' title="bbox 1236 2733 2088 3242">
     <span class='ocr_line' id='line_1_67' title="bbox 1291 2733 2087 2786; baseline 0.004 -12"><span class='ocrx_word' id='word_1_398' title='bbox 1291 2733 1358 2774; x_wconf 84' lang='lat'>30.</span> <span class='ocrx_word' id='word_1_399' title='bbox 1381 2734 1515 2786; x_wconf 83' lang='lat' dir='ltr'>Quam</span> <span class='ocrx_word' id='word_1_400' title='bbox 1527 2749 1608 2775; x_wconf 84' lang='lat' dir='ltr'>sua</span> <span class='ocrx_word' id='word_1_401' title='bbox 1618 2739 1728 2777; x_wconf 78' lang='lat' dir='ltr'>terra</span> <span class='ocrx_word' id='word_1_402' title='bbox 1744 2739 1865 2777; x_wconf 80' lang='lat' dir='ltr'>tenet.</span> <span class='ocrx_word' id='word_1_403' title='bbox 1881 2735 1967 2777; x_wconf 86' lang='lat' dir='ltr'>Sua</span> <span class='ocrx_word' id='word_1_404' title='bbox 1980 2741 2087 2779; x_wconf 73' lang='lat' dir='ltr'>terra</span> 
     </span>
     <span class='ocr_line' id='line_1_68' title="bbox 1237 2795 2087 2857; baseline 0.007 -20"><span class='ocrx_word' id='word_1_405' title='bbox 1237 2804 1380 2851; x_wconf 83' lang='lat' dir='ltr'>potest</span> <span class='ocrx_word' id='word_1_406' title='bbox 1414 2795 1468 2838; x_wconf 88' lang='lat' dir='ltr'>de</span> <span class='ocrx_word' id='word_1_407' title='bbox 1500 2798 1639 2853; x_wconf 80' lang='lat' dir='ltr'>patria</span> <span class='ocrx_word' id='word_1_408' title='bbox 1673 2799 1767 2855; x_wconf 90' lang='lat' dir='ltr'>capi</span> <span class='ocrx_word' id='word_1_409' title='bbox 1791 2816 1802 2852; x_wconf 91' lang='lat'>;</span> <span class='ocrx_word' id='word_1_410' title='bbox 1847 2799 1922 2842; x_wconf 91' lang='lat' dir='ltr'>sed</span> <span class='ocrx_word' id='word_1_411' title='bbox 1951 2801 2087 2857; x_wconf 83' lang='lat' dir='ltr'>magis</span> 
     </span>
     <span class='ocr_line' id='line_1_69' title="bbox 1237 2859 2086 2920; baseline 0.007 -18"><span class='ocrx_word' id='word_1_412' title='bbox 1237 2859 1376 2916; x_wconf 87' lang='lat' dir='ltr'>placet</span> <span class='ocrx_word' id='word_1_413' title='bbox 1394 2860 1577 2918; x_wconf 85' lang='lat' dir='ltr'>intelligi</span> <span class='ocrx_word' id='word_1_414' title='bbox 1592 2861 1647 2905; x_wconf 87' lang='lat' dir='ltr'>de</span> <span class='ocrx_word' id='word_1_415' title='bbox 1670 2863 1824 2906; x_wconf 89' lang='lat' dir='ltr'>tellure</span> <span class='ocrx_word' id='word_1_416' title='bbox 1839 2897 1853 2918; x_wconf 86' lang='lat'>‚</span> <span class='ocrx_word' id='word_1_417' title='bbox 1878 2880 1975 2920; x_wconf 80' lang='lat' dir='ltr'>quae</span> <span class='ocrx_word' id='word_1_418' title='bbox 1996 2864 2086 2907; x_wconf 88' lang='lat' dir='ltr'>ho·-</span> 
     </span>
     <span class='ocr_line' id='line_1_70' title="bbox 1237 2925 2088 2986; baseline 0.006 -19"><span class='ocrx_word' id='word_1_419' title='bbox 1237 2925 1411 2968; x_wconf 89' lang='lat' dir='ltr'>minum</span> <span class='ocrx_word' id='word_1_420' title='bbox 1431 2935 1574 2969; x_wconf 89' lang='lat' dir='ltr'>mater</span> <span class='ocrx_word' id='word_1_421' title='bbox 1593 2927 1758 2971; x_wconf 88' lang='lat' dir='ltr'>credita</span> <span class='ocrx_word' id='word_1_422' title='bbox 1782 2962 1794 2983; x_wconf 93' lang='lat'><strong>,</strong></span> <span class='ocrx_word' id='word_1_423' title='bbox 1835 2929 1954 2972; x_wconf 90' lang='lat' dir='ltr'>unde</span> <span class='ocrx_word' id='word_1_424' title='bbox 1982 2946 2088 2986; x_wconf 89' lang='lat' dir='ltr'>pro-—</span> 
     </span>
     <span class='ocr_line' id='line_1_71' title="bbox 1237 2989 2085 3048; baseline 0.006 -16"><span class='ocrx_word' id='word_1_425' title='bbox 1237 2989 1385 3044; x_wconf 84' lang='lat' dir='ltr'>ducti,</span> <span class='ocrx_word' id='word_1_426' title='bbox 1408 3000 1453 3034; x_wconf 87' lang='lat' dir='ltr'>et</span> <span class='ocrx_word' id='word_1_427' title='bbox 1480 2992 1527 3035; x_wconf 89' lang='lat' dir='ltr'>in</span> <span class='ocrx_word' id='word_1_428' title='bbox 1561 3009 1645 3048; x_wconf 89' lang='lat' dir='ltr'>qua</span> <span class='ocrx_word' id='word_1_429' title='bbox 1669 2993 1839 3037; x_wconf 89' lang='lat' dir='ltr'>educati</span> <span class='ocrx_word' id='word_1_430' title='bbox 1873 2994 2085 3037; x_wconf 88' lang='lat' dir='ltr'>homines.</span> 
     </span>
     <span class='ocr_line' id='line_1_72' title="bbox 1237 3057 2085 3116; baseline 0.006 -19"><span class='ocrx_word' id='word_1_431' title='bbox 1237 3057 1325 3098; x_wconf 78' lang='lat' dir='ltr'>Sua</span> <span class='ocrx_word' id='word_1_432' title='bbox 1357 3073 1462 3114; x_wconf 86' lang='lat' dir='ltr'>ergo</span> <span class='ocrx_word' id='word_1_433' title='bbox 1497 3067 1562 3100; x_wconf 89' lang='lat' dir='ltr'>est</span> <span class='ocrx_word' id='word_1_434' title='bbox 1597 3058 1847 3102; x_wconf 86' lang='lat' dir='ltr'>hominibus</span> <span class='ocrx_word' id='word_1_435' title='bbox 1876 3060 2051 3116; x_wconf 87' lang='lat' dir='ltr'>propria</span> <span class='ocrx_word' id='word_1_436' title='bbox 2075 3094 2085 3113; x_wconf 93' lang='lat'>‚</span> 
     </span>
     <span class='ocr_line' id='line_1_73' title="bbox 1237 3124 2087 3182; baseline 0.005 -17"><span class='ocrx_word' id='word_1_437' title='bbox 1237 3124 1504 3167; x_wconf 88' lang='lat' dir='ltr'>conveniens</span> <span class='ocrx_word' id='word_1_438' title='bbox 1526 3125 1661 3182; x_wconf 84' lang='lat' dir='ltr'>magis</span> <span class='ocrx_word' id='word_1_439' title='bbox 1682 3141 1815 3182; x_wconf 89' lang='lat' dir='ltr'>quam</span> <span class='ocrx_word' id='word_1_440' title='bbox 1835 3141 1971 3169; x_wconf 90' lang='lat' dir='ltr'>mare.</span> <span class='ocrx_word' id='word_1_441' title='bbox 2005 3125 2087 3169; x_wconf 84' lang='lat' dir='ltr'>Se-</span> 
     </span>
     <span class='ocr_line' id='line_1_74' title="bbox 1236 3190 1659 3242; baseline 0.005 -11"><span class='ocrx_word' id='word_1_442' title='bbox 1236 3205 1331 3232; x_wconf 89' lang='lat' dir='ltr'>nec.</span> <span class='ocrx_word' id='word_1_443' title='bbox 1352 3190 1525 3242; x_wconf 82' lang='lat' dir='ltr'>Medea,</span> <span class='ocrx_word' id='word_1_444' title='bbox 1553 3190 1659 3233; x_wconf 84' lang='lat'>301:</span> 
     </span>
    </p>

    <p class='ocr_par' dir='ltr' id='par_1_25' title="bbox 1317 3253 1952 3436">
     <span class='ocr_line' id='line_1_75' title="bbox 1317 3253 1952 3313; baseline -0.002 -11"><span class='ocrx_word' id='word_1_445' title='bbox 1317 3271 1440 3303; x_wconf 83' lang='lat' dir='ltr'>Audax</span> <span class='ocrx_word' id='word_1_446' title='bbox 1453 3253 1593 3302; x_wconf 69' lang='lat' dir='ltr'>nimium</span> <span class='ocrx_word' id='word_1_447' title='bbox 1610 3295 1621 3310; x_wconf 92' lang='lat'>‚</span> <span class='ocrx_word' id='word_1_448' title='bbox 1649 3271 1707 3313; x_wconf 88' lang='lat' dir='ltr'>qui</span> <span class='ocrx_word' id='word_1_449' title='bbox 1722 3270 1806 3302; x_wconf 82' lang='lat' dir='ltr'>freta</span> <span class='ocrx_word' id='word_1_450' title='bbox 1825 3273 1952 3313; x_wconf 87' lang='lat' dir='ltr'>primus</span> 
     </span>
     <span class='ocr_line' id='line_1_76' title="bbox 1318 3332 1874 3375; baseline 0.002 -13"><span class='ocrx_word' id='word_1_451' title='bbox 1318 3333 1401 3363; x_wconf 82' lang='lat' dir='ltr'>Rate</span> <span class='ocrx_word' id='word_1_452' title='bbox 1418 3340 1484 3363; x_wconf 75' lang='lat' dir='ltr'>tam</span> <span class='ocrx_word' id='word_1_453' title='bbox 1499 3332 1608 3373; x_wconf 77' lang='lat' dir='ltr'>fragili</span> <span class='ocrx_word' id='word_1_454' title='bbox 1623 3333 1744 3374; x_wconf 79' lang='lat' dir='ltr'>perfida</span> <span class='ocrx_word' id='word_1_455' title='bbox 1758 3333 1850 3375; x_wconf 83' lang='lat' dir='ltr'>rupit</span> <span class='ocrx_word' id='word_1_456' title='bbox 1862 3356 1874 3371; x_wconf 96' lang='lat'><em>‚</em></span> 
     </span>
     <span class='ocr_line' id='line_1_77' title="bbox 1321 3394 1931 3436; baseline -0.003 -11"><span class='ocrx_word' id='word_1_457' title='bbox 1321 3395 1507 3434; x_wconf 75' lang='lat' dir='ltr'>Terrasque</span> <span class='ocrx_word' id='word_1_458' title='bbox 1521 3405 1594 3426; x_wconf 74' lang='lat' dir='ltr'>suas</span> <span class='ocrx_word' id='word_1_459' title='bbox 1608 3401 1682 3436; x_wconf 82' lang='lat' dir='ltr'>post</span> <span class='ocrx_word' id='word_1_460' title='bbox 1696 3402 1784 3435; x_wconf 76' lang='lat' dir='ltr'>terga</span> <span class='ocrx_word' id='word_1_461' title='bbox 1797 3394 1910 3425; x_wconf 70' lang='lat' dir='ltr'>videns</span> <span class='ocrx_word' id='word_1_462' title='bbox 1921 3418 1931 3432; x_wconf 87' lang='lat'><em>,</em></span> 
     </span>
    </p>
   </div>
   <div class='ocr_carea' id='block_1_16' title="bbox 1317 3454 1882 3488">
    <p class='ocr_par' dir='ltr' id='par_1_26' title="bbox 1317 3454 1882 3488">
     <span class='ocr_line' id='line_1_78' title="bbox 1317 3454 1882 3488; baseline -0.004 -2"><span class='ocrx_word' id='word_1_463' title='bbox 1317 3454 1472 3486; x_wconf 84' lang='lat' dir='ltr'>Animam</span> <span class='ocrx_word' id='word_1_464' title='bbox 1487 3456 1615 3488; x_wconf 73' lang='lat' dir='ltr'>levibus</span> <span class='ocrx_word' id='word_1_465' title='bbox 1630 3456 1769 3488; x_wconf 66' lang='lat' dir='ltr'>credidit</span> <span class='ocrx_word' id='word_1_466' title='bbox 1783 3455 1882 3487; x_wconf 75' lang='lat' dir='ltr'>auris.</span> 
     </span>
    </p>
   </div>
  </div>
 </body>
</html>
