2268 3776
591 303 991 360 AMORUM
1042 305 1132 358 II.
1184 304 1434 359 ELEG.
1480 306 1597 360 IX.

1880 323 1981 382 ‘107

202 424 446 484 Venator
473 421 724 504 sequitur
750 420 1045 499 fugientia,
1076 435 1235 505 capta
1262 420 1553 505 relinquit,

280 521 506 603 Semper
533 531 590 578 et
611 516 849 579 inventis
873 517 1140 579 ulteriora
1166 518 1324 602 petit.
1936 548 1985 575 ιο

199 618 316 679 Nos
349 630 442 676 tua
475 614 767 688 sentimuS,
800 614 1044 699 populus
1071 615 1178 677 tibi
1208 615 1460 686 deditus,
1491 637 1675 675 arma:

278 711 446 792 Pigra
470 710 760 774 reluctanti
794 727 971 775 cessat
998 713 1057 774 in
1090 713 1253 774 hoste
1280 734 1494 773 manus.

201 806 357 888 Quid
376 806 529 889 juvat
553 808 613 869 in
640 809 806 870 nudis
837 809 1059 871 hamata
1086 808 1382 871 retundere
1415 807 1523 869 tela

280 906 565 969 Ossibus?
592 931 716 969 ossa
743 907 883 969 mihi
906 906 1057 968 nuda
1084 905 1353 990 relinquit
1381 928 1553 965 amor.

195 1002 308 1062 Tot
334 1002 450 1063 sine
480 1027 665 1065 amore
695 1004 824 1078 viri,
857 1018 944 1066 tot
971 1018 1104 1066 sunt
1136 1002 1255 1064 sine
1286 1024 1471 1062 amore
1500 997 1725 1083 puellae:
1940 1016 1988 1058 ιε

276 1098 423 1160 Hinc
452 1099 559 1160 tibi
584 1124 711 1161 cum
739 1123 938 1180 magna
965 1099 1126 1162 laude
1157 1098 1477 1183 triumphus
1507 1112 1611 1159 eat.

195 1195 397 1268 Roma,
431 1194 540 1255 nisi
571 1195 900 1258 immensum
930 1196 1074 1260 vires
1103 1210 1423 1281 promosset
1448 1195 1508 1255 in
1540 1193 1731 1254 orbem
1752 1239 1766 1264 ‚

279 1291 603 1353 Stramineis
630 1307 775 1354 esset
801 1318 951 1356 nunc
986 1318 1211 1378 quoque
1239 1293 1411 1356 densa
1439 1292 1595 1353 casis.

195 1385 395 1449 Fessus
420 1388 479 1449 in
506 1404 765 1473 acceptos
792 1389 950 1451 miles
978 1390 1272 1452 deducitur
1304 1412 1466 1469 agros
1496 1414 1509 1449 ε

276 1484 528 1546 Mittitur
548 1486 609 1546 in
634 1486 806 1547 saltus
838 1511 1048 1549 carcere
1080 1487 1224 1548 liber
1253 1510 1432 1572 equus
1460 1511 1473 1559 3
1941 1513 1993 1539 ἰο

196 1582 500 1666 Longaque
532 1582 866 1645 subductam
897 1583 1077 1645 celant
1104 1584 1316 1645 navalia
1348 1584 1583 1668 pinum;

197 1750 247 1786 ut
265 1742 354 1787 duo
373 1744 542 1790 codices
560 1745 747 1801 habent,
772 1756 817 1793 et
834 1748 1049 1792 Passerat.

1131 1755 1196 1791 est
1217 1747 1370 1790 obtusa
1391 1743 1578 1789 reddere
1601 1776 1614 1798 ,
1654 1743 1868 1786 hebetare.
1890 1740 1990 1783 Lu—

196 1808 252 1852 ad
272 1810 580 1868 Propertium,
605 1828 699 1870 pag.
720 1812 826 1868 638,
843 1813 959 1871 legit.
982 1813 1050 1857 Ita
1131 1828 1265 1857 canus
1281 1845 1294 1868 ,
1327 1810 1400 1854 lib.
1420 1824 1471 1854 vl
1490 1842 1503 1865 ,
1541 1809 1647 1853 160:

197 1875 390 1932 confessi
410 1875 556 1922 hostes
571 1909 584 1931 ‚
623 1876 778 1922 Claud.
814 1891 878 1923 vl.
916 1877 1052 1921 Cons.

197 1938 372 1984 Honor.
396 1941 488 2001 ²49·
507 1941 673 1992 Bmtm.

239 2053 241 2056 Α
253 2021 315 2049 ιο.
340 2006 564 2050 Ulteriora.
580 2006 635 2050 In
647 2006 785 2052 tribus
803 2007 923 2052 libris
936 2015 1047 2061 erat,

194 2073 394 2124 utiliora·
414 2070 492 2115 sed
510 2071 558 2115 in
574 2071 776 2116 Palatino
796 2088 888 2118 uno
903 2104 916 2127 ,
940 2075 1052 2116 ube-

197 2138 307 2183 n'om
320 2169 331 2187 ,
371 2134 491 2193 quod
524 2135 708 2185 minime
747 2136 1052 2196 spernendum

197 2208 304 2257 puto
323 2214 334 2244 ς
351 2200 413 2245 sic
439 2200 634 2258 Epistola
661 2214 763 2248 xvn
781 2234 793 2256 ,
831 2201 941 2245 223:

237 2271 397 2314 Demque
409 2269 576 2312 promissis
590 2270 748 2302 uberiora
766 2270 863 2302 seres.
886 2271 1011 2304 Burun-

198 2354 253 2364 -
269 2330 376 2375 Non
397 2330 577 2375 sensisse
599 2330 741 2373 miror
761 2331 908 2374 virum
938 2331 1055 2375 doc—

202 2395 419 2440 tissimum
438 2395 549 2440 nihil
571 2396 642 2440 hic
664 2394 719 2439 ad
746 2411 926 2440 sensum
953 2401 1060 2443 ube-

202 2464 314 2514 riora
333 2494 345 2513 ‚
385 2459 506 2518 quod
535 2469 655 2505 recte
679 2466 901 2516 promissis
927 2470 1058 2519 poeta

205 2523 388 2583 opponit
401 2558 414 2581 ,
437 2526 485 2569 in
519 2526 615 2570 loco
649 2526 805 2571 adlato.
844 2528 1058 2572 Ulteriora

205 2606 310 2637 vero
331 2590 434 2635 dicit
454 2591 545 2648 jam
561 2595 744 2636 &ventis
760 2601 910 2650 petere
929 2609 1058 2638 sem-

206 2671 285 2712 per
297 2661 549 2708 venatorem,
563 2671 650 2713 quo
662 2656 817 2701 melius
825 2673 918 2700 nun
924 2673 1058 2714 quam

206 2729 447 2765 cessantem
460 2721 507 2763 in
521 2737 565 2765 se
578 2721 793 2771 Amorem
806 2723 1058 2769 insectetur.

233 2835 237 2845 1
265 2802 282 2828 1
293 2802 328 2834 ι.
345 2788 532 2842 Populus
549 2789 632 2829 tibi
645 2789 826 2831 deditus.
857 2789 1059 2831 Subditus

210 2848 355 2903 Jnreti
371 2860 594 2908 excerpta,
617 2859 662 2895 et
683 2859 771 2896 tres
791 2852 863 2896 alii
884 2869 935 2897 ex
950 2869 1058 2897 me-

211 2911 400 2959 lioribus.
430 2916 599 2967 Hnms.
1051 2950 1062 2957 κ

269 2994 332 3022 12.
357 2981 510 3030 Cessat
519 2985 564 3024 iu
581 2984 713 3025 hoste.
730 2981 802 3026 Ab
821 2985 943 3027 hoste
957 2991 1058 3026 octo

214 3040 383 3089 ‹iodiees
405 3061 416 3097 ;
449 3045 564 3089 male
586 3061 784 3105 :cessare
810 3052 860 3107 ⁸irs
892 3065 936 3091 re
949 3082 961 3100 ‚
997 3057 1063 3093 est

213 3107 390 3152 tardum
409 3125 497 3153 esse
512 3110 558 3161 in
572 3127 625 3155 re
644 3112 840 3158 facienda
861 3129 872 3158 z
892 3130 1061 3158 cessare

214 3177 260 3215 in
278 3189 387 3228 rem,
418 3174 594 3218 tardum
610 3175 669 3218 ad
686 3177 932 3221 faciendam
951 3194 1062 3223 rem.

215 3237 283 3281 Ita
300 3237 525 3296 distinguit
545 3240 723 3290 Servius
739 3241 793 3285 ad
811 3243 965 3301 Virgil.
984 3258 1059 3299 vl,

187 3334 189 3338 Α
215 3302 390 3355 AEneid.
414 3307 462 3347 51
488 3320 497 3347 :
515 3309 561 3348 in
580 3308 701 3350 hoste
712 3322 816 3364 ergo
831 3317 894 3352 est
910 3341 922 3363 ,
946 3309 994 3353 in
1006 3325 1061 3353 eo

214 3368 410 3412 vexando
428 3401 440 3423 ,
483 3371 736 3415 exercendo.
758 3372 921 3417 BURM.

274 3434 336 3478 13.
374 3437 566 3480 Hamata
588 3441 805 3484 retundere
837 3443 937 3486 tela.
961 3442 1062 3487 Hoc

1482 1906 1519 1918 ...
1539 1882 1743 1923 Consti-gite
1763 1882 1828 1912 tela

1131 1947 1275 1979 Pectoris
1289 1947 1444 1984 ineunti,
1470 1944 1659 1987 jugulisque
1671 1943 1841 1976 tamdiu
1854 1941 1991 1973 ferrum.
2047 1948 2065 1966 ο

1193 2009 1257 2052 ι8.
1291 2008 1542 2051 Stramineis
1559 2010 1678 2049 esset
1696 2020 1808 2047 nunc
1823 2019 1995 2060 quoque.

1136 2072 1324 2130 Insignis
1348 2079 1414 2115 est
1433 2070 1655 2128 Propertii
1674 2070 1794 2114 locus
1810 2101 1823 2122 ,
1858 2083 1993 2124 quem

1137 2153 1230 2182 non
1263 2153 1443 2196 possum
1478 2138 1588 2194 quin
1622 2136 1710 2180 hue
1746 2134 1961 2179 adducam
1985 2149 1995 2175 ε

1136 2201 1185 2246 L.
1207 2215 1287 2260 lv,
1316 2202 1438 2260 Eleg.
1458 2216 1502 2257 1,
1521 2219 1561 2245 v.
1587 2219 1604 2245 1
1629 2217 1641 2245 :

1138 2282 1209 2314 Boc
1221 2278 1454 2321 quodcumque
1467 2277 1580 2316 vider,
1601 2275 1739 2318 hospes,
1762 2286 1829 2318 qun
1854 2275 1997 2307 mxima

1240 2340 1348 2372 Rom·
1360 2346 1411 2371 est
1425 2363 1438 2379 ,

1176 2405 1267 2437 Ante
1277 2404 1441 2448 Phrygem
1455 2405 1581 2437 AEnenn
1593 2403 1688 2437 collis
1701 2409 1734 2434 et
1747 2401 1849 2434 herb·
1860 2401 1939 2433 suit.

1137 2464 1250 2508 Atque
1266 2467 1322 2499 ubi
1334 2466 1443 2498 navali
1458 2473 1546 2498 sunt
1565 2476 1655 2498 uer·
1670 2465 1791 2507 pal-tia
1801 2463 1943 2501 Phoebo,

1178 2532 1326 2564 Evandri
1338 2532 1483 2574 profug-
1495 2531 1699 2574 procubuere
1710 2531 1824 2563 boves.

1137 2593 1312 2626 Fictilibus
1323 2603 1455 2626 crevere
1466 2593 1547 2626 Deis
1562 2592 1630 2624 hnc
1641 2603 1739 2623 tum
1750 2593 1872 2635 templa
1887 2603 1895 2623 :

1178 2654 1252 2687 Neo
1261 2654 1326 2686 fuit
1338 2653 1512 2697 opprohrio
1526 2653 1614 2693 stet·
1626 2655 1695 2686 sine
1709 2661 1781 2694 Q„
1790 2664 1878 2686 usn.

1140 2723 1389 2768 Adeundus
1424 2738 1601 2780 quoque
1633 2721 1785 2779 Virgil.
1818 2721 1998 2764 AEneid.

1139 2803 1227 2835 vni
1243 2822 1256 2844 ,
1288 2789 1367 2845 347
1388 2796 1433 2831 et
1459 2804 1554 2845 sqq.

1199 2872 1261 2915 ¹9·
1285 2857 1443 2898 Fessus
1461 2858 1507 2896 in
1527 2857 1741 2907 acceptos.
1781 2851 1884 2895 Alio
1918 2850 2000 2895 hos

1139 2936 1291 2964 versus
1310 2919 1467 2962 ordine
1497 2917 1690 2974 Scaliger
1710 2916 1968 2974 disponebat
1988 2934 2000 2969 ;

1142 2986 1226 3030 hoc
1255 2985 1470 3028 nimirum
1489 2999 1500 3025 :

1140 3062 1261 3093 Fbssus
1274 3062 1307 3101 in
1321 3066 1468 3102 acceptos
1483 3058 1577 3089 miles
1591 3057 1769 3089 deducitur
1781 3069 1875 3099 agros
1895 3068 1904 3089 :

1182 3123 1336 3164 Tutaque
1350 3122 1498 3162 deposito
1511 3120 1658 3161 poscitur
1669 3131 1745 3151 ense
1758 3120 1863 3151 rudis.

1142 3185 1320 3225 Longaque
1332 3182 1528 3213 subductam
1541 3182 1647 3214 celant
1658 3181 1787 3213 nuati-
1799 3182 1933 3222 pinum:

1184 3244 1334 3276 Mittitur
1345 3243 1380 3274 in
1392 3243 1494 3274 §ultus
1507 3254 1634 3275 earcere
1646 3243 1731 3274 liber
1743 3253 1861 3284 equus.
1895 3243 1939 3275 D.
1957 3245 2000 3275 Η.

1142 3333 1199 3342 -
1216 3310 1434 3364 Acceptos
1462 3311 1586 3352 miles
1612 3310 1837 3351 deducitur
1861 3323 1998 3363 agros.

1145 3375 1200 3418 In
1221 3390 1347 3429 agros
1363 3407 1374 3425 ,
1400 3374 1474 3431 qui
1505 3375 1618 3417 sesso
1639 3373 1768 3417 militi
1795 3373 1896 3416 ideo
1915 3390 2001 3416 ac—

1143 3445 1282 3497 cepti,
1324 3440 1427 3496 quia
1461 3439 1662 3485 laborum
1701 3439 1761 3484 ibi
1797 3439 2002 3495 requiem
