2268 3776
511 298 895 355 AMORUM
938 272 1077 354 111.
1109 299 1362 356 ELEG.
1415 303 1550 359 xv.
1821 307 1923 359 225

227 416 357 476 Non
382 413 550 491 modo
580 412 788 474 militiae
817 414 1038 475 turbine
1066 412 1244 475 factus
1273 435 1455 499 eques.

152 512 385 572 Mantua
410 507 647 589 Virgilio
677 507 906 587 gaudet,
932 511 1154 570 Verona
1184 511 1439 574 Catullo:

235 606 474 686 Pelignae
503 605 651 666 dicar
676 603 855 684 gloria
886 606 1065 684 gentis
1094 630 1197 686 ego
1223 631 1237 678 3

157 705 341 784 Quam
370 727 467 763 sua
497 701 722 763 libertas
750 701 819 762 ad
847 702 1081 764 honesta
1110 718 1364 782 coegerat
1393 728 1566 778 arma,

238 800 429 879 Quum
459 798 644 859 timuit
669 801 843 859 socias
871 799 1031 860 anxia
1061 801 1239 861 Roma
1266 824 1477 862 manus.
1881 839 1928 866 ι..

157 898 340 979 Atque
371 894 569 979 aliquis
596 909 848 979 spectans
875 894 1079 980 hospes
1108 895 1389 958 Sulmonis
1416 900 1610 981 aquosi

235 994 444 1055 Moenia
461 1040 476 1067 ‚
511 1017 618 1077 qua
643 979 820 1076 campi
843 993 1034 1075 jugera
1062 1017 1235 1077 pauca
1267 1007 1486 1066 tenent;

156 1094 296 1173 Quae
327 1106 567 1165 tantum,
600 1091 774 1163 dicet,
807 1091 1071 1173 potuistis
1099 1091 1240 1152 ferre
1267 1105 1486 1176 poetam
1507 1139 1521 1165 ‚

237 1180 755 1274 Quantulacumque
786 1185 953 1258 estiS‚'
976 1210 1073 1247 vos
1100 1209 1204 1266 ego
1234 1211 1432 1267 magna
1456 1213 1609 1249 voco,

160 1281 319 1345 Culte
347 1306 487 1367 puer
504 1330 519 1356 ‚
543 1281 809 1366 puerique
839 1306 1038 1366 parens
1061 1284 1388 1346 Amathusia
1417 1284 1579 1358 culti,
1885 1309 1933 1350 ιε,

215 1483 256 1526 6.
274 1483 369 1527 Non
387 1483 507 1526 modo
522 1483 680 1524 militia
697 1482 857 1524 turbine
858 1480 1010 1536 sactus

162 1564 295 1606 eques.
325 1547 463 1605 Quasi
482 1546 594 1592 dicat
613 1560 622 1587 Ξ
651 1563 743 1590 non
761 1547 873 1590 bello
889 1580 901 1602 ,
936 1557 1010 1592 aut

165 1624 255 1660 arte
287 1614 427 1672 aliqua
454 1614 630 1658 militari
663 1623 910 1671 equestrem
940 1615 1009 1658 di-

166 1683 374 1741 gnitatem
395 1690 650 1726 consecutus
661 1697 757 1725 sum
775 1697 784 1723 ε
805 1681 879 1724 sed
898 1681 1011 1726 hanc

166 1762 190 1790 a
209 1745 446 1803 majoribus
465 1745 605 1802 accepi
627 1753 706 1788 etc.
730 1744 859 1788 Unus
879 1744 1010 1788 etiam

165 1830 247 1858 non
266 1830 342 1869 ego
350 1812 537 1869 fortuna·
555 1828 729 1855 munere.

136 1906 143 1912 -
223 1897 258 1938 7.
276 1880 468 1922 Mantua.
489 1878 589 1922 Hoc
608 1877 822 1921 distichon
846 1893 1012 1935 ponen-

166 1943 274 1987 dum
288 1958 377 1986 esse
393 1975 404 1996 ,
424 1949 520 1999 post
530 1957 742 1999 sequens,
767 1944 901 1996 Quam
912 1958 1003 1992 sua,

165 2007 367 2054 censebat
392 2005 561 2050 Douza.
853 2037 854 2040 ,

219 2073 258 2116 8.
276 2074 460 2129 Peligna
474 2075 596 2116 dicar
610 2075 745 2128 gloria
768 2076 906 2128 gentis
926 2084 1014 2128 ego.

166 2136 240 2181 Sic
264 2152 438 2194 prorsus
461 2134 697 2194 legendum
722 2152 773 2179 ex
796 2134 1014 2179 veteribus

167 2201 484 2259 exemplaribus
497 2233 509 2256 ,
521 2208 566 2244 et
577 2199 779 2244 carminis
790 2200 1014 2244 suavitate.

170 2264 301 2309 Clor.
316 2288 373 2297 -—
387 2266 573 2320 Pele'gnae
595 2266 719 2307 dicar
731 2266 867 2318 gloria
879 2265 1016 2318 gensis

168 2345 254 2383 ego.
291 2328 362 2372 De
383 2326 573 2386 Pelignis
600 2327 691 2384 iam
718 2326 927 2380 diximus,
962 2323 1015 2368 ad

173 2394 295 2452 Eleg.
319 2409 337 2438 1
356 2427 369 2450 ‚
404 2393 476 2437 lib.
505 2407 567 2448 11,
603 2409 794 2450 quorum
825 2393 1016 2437 civitates

172 2458 387 2515 primariae
409 2456 660 2501 Corfinium
676 2490 687 2511 ,
707 2457 962 2500 lvlaruvium
974 2464 1018 2499 et

168 2525 385 2570 sulmone
395 2524 514 2583 (quae
527 2524 861 2577 nuncsulmona)
871 2539 922 2566 ex
934 2538 1019 2579 qua

174 2590 289 2634 Naso
310 2588 536 2633 oriundus.
559 2587 702 2631 Str-ab.
722 2602 776 2642 v,
802 2605 842 2645 9.

229 2669 270 2712 9.
293 2655 427 2707 Quam
445 2668 527 2695 sua
551 2654 724 2694 libertas
745 2660 825 2695 etc.
861 2651 1019 2707 Quum

174 2721 243 2776 jus
258 2719 438 2763 civitatis
455 2718 531 2762 diu
550 2719 795 2776 frustraque
818 2735 842 2762 a
861 2719 1020 2762 Rorna-

175 2788 242 2832 nis
262 2787 460 2845 Peligni,
485 2786 623 2830 Marsi
647 2795 691 2830 et
710 2786 928 2830 Marucini
946 2803 1022 2843 pe-

176 2850 370 2906 tiissent,
398 2850 444 2893 id
462 2850 585 2894 sociis
609 2850 739 2894 armis
763 2860 1020 2907 extorquere

175 2922 474 2966 tentaverunt,
487 2913 602 2971 quod
614 2914 713 2971 ipsis
724 2915 965 2969 exarmatis,
977 2924 1023 2958 et

180 2981 455 3038 precantibus
471 2981 734 3040 denegatum
748 2983 913 3034 suerat;
931 2983 1023 3027 bel-

178 3048 356 3104 lumque
377 3047 588 3091 Romanis
608 3047 880 3103 indixerunt,
904 3048 1021 3104 quod

178 3110 407 3153 Marsicum
431 3110 671 3168 adpellatur
686 3145 698 3166 ,
732 3113 836 3169 quia
862 3129 1023 3155 move-

181 3186 286 3221 runt
297 3178 462 3234 priores
479 3176 627 3221 Marsi.
647 3179 762 3221 Rem
774 3179 832 3222 sic
843 3187 1025 3224 narrant

184 3241 359 3295 Strabo,
375 3240 447 3284 lib.
461 3255 507 3297 v,
521 3258 548 3300 9
564 3258 574 3292 3
595 3250 637 3283 et
651 3241 782 3284 Diod.
796 3241 911 3285 Sicil.
924 3241 1026 3284 Exc.

178 3307 250 3351 lib.
267 3321 426 3350 xxxvn
443 3326 452 3360 ;
469 3306 544 3351 sed
556 3307 684 3364 paulo
697 3306 821 3350 aliter
835 3306 1026 3349 Velleius

185 3370 437 3416 Paterculus
462 3371 532 3415 lib.
555 3384 594 3414 11
609 3404 622 3425 ,
657 3373 705 3413 15
723 3403 735 3425 ,
761 3370 835 3412 ubi
854 3379 1026 3413 motum

108 3479 111 3483 ⁴
186 3439 328 3496 primo
343 3439 396 3483 ab
410 3438 633 3485 Asculanis
649 3438 809 3483 bellum
826 3470 838 3493 ‚
856 3453 1029 3495 suscep-

347 3523 440 3577 IJ.

1092 1487 1187 1522 tum
1208 1478 1366 1523 deinde
1381 1488 1426 1523 et
1443 1489 1711 1537 protractum
1733 1499 1757 1527 a
1779 1483 1937 1529 Marsis

1090 1543 1237 1587 refert.
1253 1566 1309 1576 —-
1337 1547 1472 1600 Quam
1491 1561 1570 1588 sua
1597 1549 1779 1590 libertas.
1807 1549 1937 1592 Hanc

1092 1623 1241 1650 veram
1256 1624 1347 1652 esse
1359 1608 1606 1663 lectionem,
1622 1610 1686 1653 vel
1701 1627 1862 1668 magno
1877 1613 1935 1669 pi-

1094 1690 1228 1732 gnore
1252 1674 1571 1719 contenderim.
1608 1677 1721 1720 Nam
1744 1678 1779 1721 si
1808 1681 1939 1733 Quem

1092 1737 1271 1795 legeris,
1298 1755 1470 1783 necesse
1489 1749 1553 1783 est
1574 1750 1622 1784 ut
1643 1740 1695 1783 ad
1716 1742 1940 1787 Nasonem

1092 1805 1252 1848 reseras
1274 1818 1283 1844 :
1314 1805 1367 1848 de
1394 1822 1481 1863 quo
1505 1822 1720 1864 nusquam
1753 1809 1936 1867 legitur,

1093 1876 1142 1911 ut
1163 1869 1382 1924 militarit,
1406 1870 1486 1914 nisi
1510 1870 1555 1914 in
1579 1871 1754 1915 Amoris
1778 1876 1939 1918 castris.

1095 1936 1311 1981 Praeterea
1323 1936 1391 1981 hic
1404 1953 1481 1994 per
1490 1941 1632 1980 socias
1642 1955 1790 1982 manus
1805 1974 1814 1986 .
1829 1940 1942 1985 bella

1092 2002 1261 2046 socialia
1279 2003 1576 2061 intelligimus,
1590 2004 1744 2061 quibus
1756 2004 1942 2050 Ovidius

1094 2067 1275 2110 minime
1286 2068 1491 2111 interesse
1503 2069 1660 2125 potuit:
1675 2069 1813 2113 multo
1821 2072 1942 2113 enim

1094 2139 1194 2175 ante
1218 2132 1312 2187 ejus
1333 2141 1530 2189 tempora
1549 2142 1665 2189 gesta
1684 2143 1799 2177 sunt.
1823 2135 1939 2178 Om-

1094 2195 1203 2238 nino
1229 2196 1360 2253 igitur
1387 2196 1623 2253 legendum
1647 2206 1742 2250 est,
1782 2202 1940 2252 Quam,

1095 2258 1253 2302 scilicet
1267 2259 1493 2316 Pelignam
1507 2269 1704 2317 gentem:
1718 2262 1809 2305 laus
1821 2263 1941 2306 enim

1095 2321 1187 2366 haec
1200 2323 1346 2379 patriae
1359 2323 1542 2367 Nasonis
1554 2323 1599 2367 in
1612 2324 1754 2381 ipsum
1768 2342 1943 2384 quoque

1097 2384 1328 2430 redundat.
1356 2387 1485 2430 MAR.

1157 2470 1218 2495 12.
1241 2455 1335 2508 Qua
1345 2459 1494 2510 campi.
1510 2455 1767 2513 Legendum
1780 2467 1844 2501 est
1852 2475 1941 2503 om-

1098 2518 1206 2562 nino
1224 2552 1235 2574 ,
1269 2537 1381 2576 quoe,
1407 2522 1564 2566 scilicet
1589 2524 1777 2578 moenia,
1806 2536 1856 2570 ut
1878 2528 1943 2571 le-

1099 2584 1214 2641 gitur
1224 2585 1270 2627 in
1288 2586 1490 2630 omnibus
1501 2588 1590 2630 sere
1611 2589 1777 2646 scriptis
1794 2607 1943 2644 exem-

1099 2648 1300 2705 plaribus.
1313 2650 1377 2692 M.
1394 2652 1488 2705 Qua
1506 2652 1665 2696 rectius
1679 2653 1766 2696 duo
1780 2656 1948 2712 scripti:

1098 2731 1204 2758 nam
1224 2733 1313 2773 que
1332 2718 1541 2774 sequitur.
1568 2720 1734 2764 Hsms.

1161 2784 1221 2826 13.
1238 2785 1378 2827 Dicet.
1389 2787 1526 2828 Dicat
1544 2786 1919 2835 Francosurtensis
1932 2822 1945 2843 ‚

1101 2847 1268 2891 Moreti
1291 2864 1405 2891 unus
1422 2858 1466 2892 et
1486 2860 1673 2905 quatuor
1690 2850 1773 2893 alii.

1163 2914 1221 2968 ¹4·
1246 2915 1330 2955 Vos
1341 2930 1414 2968 ego
1428 2930 1593 2968 magna.
1614 2916 1660 2954 V
1651 2917 1696 2955 el
1704 2930 1780 2968 ego
1792 2931 1950 2970 magna

1102 2979 1338 3024 Bernensis
1352 3012 1363 3034 ,
1389 2996 1543 3023 verum
1563 2996 1807 3037 perperam.

1162 3052 1222 3092 15.
1262 3050 1461 3102 puerique
1493 3064 1648 3102 parens
1680 3050 1949 3094 Amathusia.

1104 3110 1311 3166 Optimus
1330 3110 1511 3154 Palatin.
1520 3145 1530 3162 ,
1539 3128 1694 3165 parens
1707 3114 1947 3157 Amathun-

1102 3179 1164 3217 tia
1184 3179 1310 3219 culta.
1339 3175 1486 3217 Scribe
1506 3207 1518 3229 ,
1541 3175 1796 3219 Amathusia
1812 3182 1921 3220 culti
1936 3195 1950 3221 .·

1102 3259 1291 3299 namque
1309 3243 1359 3286 ab
1383 3242 1652 3293 Amathunm
1670 3244 1944 3297 Amathusia

1104 3315 1152 3348 ut
1159 3309 1458 3356 ammaum,
1469 3308 1947 3359 Rhamnunta-ababa-

1103 3378 1239 3424 νηπία,
1265 3372 1502 3416 Acherusia
1514 3388 1529 3425 ,·
1554 3390 1578 3416 a
1595 3375 1830 3428 Selinunte,
1853 3378 1954 3418 Seli-

1104 3441 1239 3481 nusia.
1286 3437 1404 3481 Hinc
1446 3444 1559 3482 creta
1598 3439 1805 3485 Selinusia
1841 3439 1957 3497 apud

1664 3526 1740 3586 15>
