2268 3776
558 287 815 346 ARTIS
854 285 1339 341 AMATORIAE
1387 286 1549 340 LIB.
1590 287 1679 339 ΙΙ.

1886 286 1991 362 327

229 407 507 472 Omnibus
535 401 919 466 Andromache
947 400 1063 460 visa
1092 414 1176 461 est
1205 400 1505 482 spatiosior
1533 424 1724 483 aequo:
1911 420 1995 474 εῖτ.

308 506 497 575 Unus,
524 501 620 585 qui
647 498 918 560 modicam
948 497 1179 568 diceret,
1205 498 1416 558 Hector
1445 513 1576 559 erat.

231 598 401 680 Quod
421 597 557 660 male
587 596 723 670 fers,
749 595 1007 657 adsuesce
1028 620 1041 667 ;
1065 594 1205 657 seres
1234 594 1376 655 bene
1397 619 1410 655 ε
1433 594 1605 655 multa
1634 609 1876 667 vetustas

310 695 502 768 Lenit;
529 709 584 756 at
614 693 886 777 incipiens
917 693 1100 754 omnia
1129 691 1299 754 sentit
1324 715 1494 752 amor.

231 791 380 853 Dum
406 815 583 852 novus
612 792 672 851 in
700 791 861 851 viridi
892 790 1150 852 coalescit
1174 789 1377 851 cortice
1404 813 1616 863 ramus,

314 888 609 950 Concutiat
638 903 885 973 tenerum
918 887 1179 972 quaelibet
1207 912 1336 950 aura
1355 934 1370 961 ‚
1395 888 1567 950 cadet.
1919 902 2004 945 650

231 984 367 1044 Mox
396 984 582 1046 eadem
610 986 817 1059 ventis,
847 985 1027 1068 spatio
1059 984 1251 1046 durata
1271 1031 1287 1057 ‚
1315 985 1566 1057 resistet,

309 1080 601 1164 Firmaque
631 1081 916 1165 adoptivas
945 1082 1114 1143 arbor
1140 1081 1370 1145 habebit
1395 1103 1547 1165 opes·

229 1176 438 1238 Eximit
465 1178 586 1261 ipsa
614 1179 730 1240 dies
759 1202 949 1240 omnes
980 1203 1008 1240 e
1035 1202 1267 1263 corpore
1298 1177 1557 1240 mendas:

313 1274 592 1358 Quodque
618 1275 725 1337 fuit
748 1276 974 1350 vitium,
1008 1276 1210 1339 desinit
1238 1299 1356 1338 esse
1387 1299 1555 1337 mora.

230 1368 392 1432 Ferre
421 1395 576 1434 novae
604 1397 762 1435 nares
793 1388 1076 1436 taurorum
1106 1388 1256 1454 terga
1284 1388 1574 1435 recusant:
1928 1388 2011 1430 <3:35

313 1467 567 1531 Adsiduo
601 1471 835 1533 domitas
866 1486 1113 1556 tempore
1142 1471 1285 1533 fallit
1314 1471 1470 1533 odor.

235 1563 572 1629 Nominibus
599 1568 814 1630 mollire
845 1569 973 1631 licet
1000 1568 1141 1630 mala
1164 1594 1177 1630 :
1202 1570 1356 1631 fusca
1382 1581 1636 1637 vocetur,

292 1734 386 1797 649.
407 1739 627 1784 Coalescil.
641 1741 828 1785 Vax-iant
841 1740 1084 1786 vehemen-

238 1811 307 1846 ter
335 1803 502 1850 codices
525 1822 535 1850 ε
556 1810 751 1862 pubescit
777 1807 961 1851 Palatia.
989 1810 1086 1850 cal-

235 1870 361 1912 Iescit
370 1870 580 1916 tredecim
595 1887 605 1916 t
617 1875 793 1916 calescit
802 1872 837 1916 A
844 1872 973 1930 prosii
986 1888 996 1916 ε
1011 1876 1083 1916 du·

234 1939 362 1978 rescit
374 1951 488 1979 unus
508 1936 679 1980 Heinsii
699 1952 709 1981 :
727 1941 946 1981 candescit
956 1936 1084 1981 alius:

234 1999 312 2044 sed
330 2000 452 2056 (licet
464 2000 569 2045 illud
579 2005 775 2058 pubescit
786 2018 809 2046 a
822 2002 999 2046 librario
1015 2002 1084 2046 vix

236 2066 486 2123 provenisse
506 2067 706 2112 videatur
724 2085 734 2120 ;
757 2076 823 2112 est
842 2067 962 2111 enim
984 2067 1083 2111 ele-

238 2131 394 2188 gantiae
423 2131 660 2178 reconditae
688 2133 820 2178 nimis
838 2165 849 2187 ,
882 2147 1014 2189 quam
1036 2140 1085 2175 ut

236 2196 438 2249 illiterato
446 2199 491 2246 in
501 2208 698 2244 mentem
709 2200 860 2244 venire
874 2198 1084 2256 potuerit)

238 2262 456 2320 vulgatam
475 2272 626 2309 tamen
645 2265 829 2322 prefero
841 2297 852 2319 ,
869 2264 970 2320 quia
990 2278 1087 2320 pro-

240 2326 335 2384 pria
352 2327 399 2371 in
418 2327 502 2381 hac
529 2345 577 2373 re
604 2346 687 2374 vox
706 2339 782 2374 est.
814 2329 916 2373 Vid.
939 2328 1087 2372 Colu-

243 2391 444 2448 mellam,
470 2393 544 2449 11,
566 2410 656 2451 cap.
677 2395 715 2437 8.
740 2395 904 2438 Bunm.

298 2456 391 2501 650.
414 2459 548 2502 Aura.
565 2458 764 2502 Servavit
781 2458 852 2502 hic
866 2466 993 2515 poeta
1012 2457 1089 2501 dis-

242 2523 492 2579 serentiam,
507 2541 638 2581 quam
653 2525 770 2568 inter
781 2541 925 2567 auram
938 2533 983 2568 et
997 2540 1091 2567 ven·

244 2595 331 2633 tum
350 2590 623 2635 constituunt
641 2589 953 2635 Grammatici:
973 2588 1092 2646 quod

245 2670 338 2698 non
356 2655 458 2699 fecit
474 2655 639 2700 Statius
651 2690 661 2707 ,
685 2656 760 2712 qui
780 2671 890 2712 saepe
908 2671 990 2712 pro
1006 2655 1094 2698 vio-

245 2719 432 2765 lentiore
445 2729 596 2773 vent03
608 2722 833 2766 interdum
850 2722 983 2766 etiam
999 2737 1095 2779 pro-

249 2786 411 2830 miscue
431 2785 513 2832 hac
531 2802 637 2832 voce
660 2788 816 2837 abusus
845 2786 1096 2844 deprehen-

249 2849 381 2900 ditur.
399 2851 580 2898 DouzA.
791 2880 793 2883 ·

303 2915 399 2961 653.
427 2918 594 2961 Eximit
610 2923 707 2974 ipsa
734 2921 826 2962 dies
857 2926 939 2962 etc.
974 2918 1096 2963 Licet

251 2983 427 3023 eximere
456 2985 565 3025 vitia
595 2983 729 3026 etiam
765 2983 1097 3039 Quintilianum

252 3043 324 3086 lib.
347 3045 393 3098 Ι,
416 3044 520 3088 Inst,
539 3059 559 3093 ι
573 3077 586 3100 ,
615 3046 664 3089 in
684 3046 774 3090 fine
795 3047 946 3092 dixisse
965 3048 1096 3103 sciat,

253 3116 379 3165 putat
395 3116 542 3152 tamen
553 3110 708 3154 Burm.
725 3111 949 3155 Nasonem
962 3113 1101 3168 scrip-

254 3174 354 3216 sisse
366 3205 380 3227 ,
393 3177 536 3228 exigit.
560 3173 686 3218 Idem
703 3175 861 3219 vitium
880 3175 1101 3222 insederat

257 3237 472 3281 Suetonio
482 3271 492 3289 ‚
510 3237 559 3280 in
573 3238 687 3296 Aug.
701 3252 810 3283 xcw
826 3254 837 3283 ι
857 3257 879 3276 «
896 3241 1046 3284 Statim
1056 3245 1102 3285 in

1163 1739 1286 1784 masii
1309 1738 1445 1783 codex
1460 1756 1471 1792 ;
1495 1747 1539 1783 et
1558 1737 1711 1795 probat
1734 1733 1985 1779 Gronovius
2000 1766 2011 1786 ‚

1162 1809 1287 1863 cujus
1312 1807 1370 1851 ibi
1395 1806 1494 1850 vide
1518 1815 1656 1850 notas.

1218 1872 1314 1915 655.
1327 1873 1556 1914 accusant.
1571 1870 1757 1929 Elegans
1772 1869 1901 1914 lectio
1916 1869 2014 1912 Mo·

1162 1935 1246 1979 reti
1267 1934 1426 1979 codicis
1441 1968 1453 1990 ,
1468 1935 1677 1991 refutant.
1704 1934 1757 1978 de
1777 1950 1865 1992 quo
1884 1934 2019 1977 verbo

1164 2001 1319 2045 Heius.
1333 2000 1386 2043 ad
1406 1999 1561 2043 Claud.
1579 1999 1623 2053 1,
1648 2000 1832 2057 Eutrop.
1851 2016 1899 2058 9¹
1920 1997 2019 2042 :ubi

1164 2065 1284 2109 hunc
1304 2064 1455 2110 Ovidii
1478 2065 1624 2108 locum
1649 2065 1706 2107 ita
1728 2064 1917 2121 castigat.

1220 2130 1314 2188 657.
1336 2132 1584 2173 Nominibus
1595 2133 1757 2172 mollire
1770 2132 1872 2171 licet
1893 2131 2020 2170 mala.

1167 2197 1326 2241 Verbis
1340 2205 1522 2241 tenuare
1536 2195 1857 2239 honestioribus
1867 2193 2021 2251 puellae

1167 2261 1269 2304 vitia
1289 2262 1463 2318 poteris.
1477 2261 1664 2318 Insignis
1675 2268 1740 2303 est
1754 2258 1943 2302 Lucretii
1961 2258 2023 2300 lo-

1165 2345 1258 2382 cus,
1280 2329 1362 2382 1V,
1387 2328 1507 2383 1145,
1521 2344 1611 2384 sqq.
1629 2342 1763 2384 quem
1777 2325 1884 2369 dum
1908 2326 2023 2369 Nos-

1169 2403 1237 2438 ter
1263 2396 1544 2440 oemularetur
1562 2428 1573 2450 ,
1608 2394 1822 2452 poeticam
1856 2392 2021 2436 dictio-

1169 2475 1275 2502 nem
1297 2459 1603 2516 philosophicae
1633 2457 1852 2502 severitati
1885 2458 2018 2514 inge-

1171 2525 1292 2568 niose
1302 2524 1530 2581 subjecisse
1543 2524 1680 2567 libens
1690 2522 2023 2566 animadvertes:

1172 2601 1246 2632 Hoc
1262 2599 1385 2632 faciunt
1396 2599 1546 2632 homine·
1559 2600 1751 2642 plerumque
1765 2598 1922 2641 cupidine
1937 2598 2026 2632 ecci,

1173 2662 1218 2694 Et
1229 2661 1378 2693 tribuunt
1387 2672 1437 2702 en,
1450 2673 1522 2704 qun
1536 2671 1600 2693 non
1610 2667 1686 2692 sunt
1694 2660 1747 2691 his
1757 2660 1926 2691 commoda
1939 2671 2025 2689 vent.

1174 2782 1301 2824 Nigra,
1324 2783 1524 2838 μελίχρως
1536 2790 1585 2814 est
1603 2794 1613 2815 ε
1638 2782 1809 2814 inmunda
1824 2793 1861 2812 u:
1888 2781 2000 2812 seud-
2018 2805 2028 2820 ,

1303 2845 1490 2899 ἄκοσμοςτ

1177 2918 1291 2958 Caesia,
1302 2910 1509 2954 canica„
1521 2925 1531 2952 :
1543 2927 1693 2955 nervosa,
1701 2923 1733 2947 et
1745 2916 1865 2955 lignea,
1879 2908 2034 2969 d'opxo'zst

1177 2987 1329 3023 Parvola,
1342 2982 1493 3025 pumilio,
1505 2982 1674 3037 χαρίτων
1695 2983 1754 3029 ἴα,
1765 2990 1832 3015 tota
1839 2992 1965 3013 nerum
1973 2981 2033 3011 sal:

1179 3056 1315 3096 Magna,
1329 3061 1428 3095 atque
1437 3052 1603 3089 immanis,
1613 3044 1862 3098 κατάπληξις,
1877 3050 2038 3091 plenaque

1303 3113 1456 3153 houm-153

1180 3181 1308 3219 Banu,
1336 3178 1427 3220 loqui
1452 3187 1517 3208 uon
1542 3177 1616 3219 quit
1633 3200 1646 3216 ,
1674 3173 1895 3230 τραυλίζειε
1919 3183 2011 3207 muna
2028 3200 2038 3214 ‚

1307 3238 1433 3279 pudens
1448 3243 1497 3267 est
1513 3247 1524 3267 :

255 3317 421 3356 corpore
431 3302 524 3357 ejus
535 3306 725 3346 extittkse
739 3306 968 3355 maculam,
992 3307 1107 3348 velut
1184 3307 1232 3339 At
1257 3306 1414 3348 flagrans,
1441 3306 1572 3344 ⁰di⁰⁵⁸s
1598 3304 1774 3347 ¹⁰q¹¹⁸0¹¹¹⁸
1788 3326 1800 3343 υ
1825 3295 2040 3348 Mtt·‘²'⁰3⁰'1⁶²

258 3367 416 3420 depicti
435 3367 648 3409 Draconis
660 3400 670 3417 ‚
704 3382 781 3409 nec
794 3370 984 3420 potuisse
1011 3384 1105 3410 um-

258 3447 380 3488 quam
399 3431 522 3489 exigi.
539 3449 561 3471 »
582 3432 647 3476 lta
668 3431 784 3476 enim
801 3432 990 3489 optimus
1002 3432 1105 3477 Sal-

1309 3370 1355 3401 fit.
1384 3376 1448 3400 etc.

1188 3431 1414 3486 Versibus,
1439 3438 1483 3473 et
1503 3428 1675 3486 egregie
1696 3426 1894 3484 quidem,
1915 3424 2044 3470 vertit
