2268 3776
292 293 401 361 224

746 296 810 348 P.
866 297 1161 352 OVIDII
1209 298 1598 355 NASONIS

279 400 475 472 ‘Prona
506 411 611 471 tibi
638 410 783 470 vinci
816 414 1129 497 cupientem
1158 416 1373 477 vincere
1402 415 1584 499 palma
1614 433 1698 478 est
1722 444 1735 479 t

372 509 459 568 Sit
484 508 655 568 modo
674 554 688 582 ,
716 526 839 571 NON
868 527 1000 573 FECI
1019 560 1034 585 ‚
1067 513 1244 574 dicere
1271 513 1461 593 lingua
1489 540 1716 577 memor.

290 605 484 685 Quum
514 605 621 665 tibi
651 606 940 686 contingat
966 610 1150 669 verbis
1182 634 1440 693 superare
1470 611 1730 687 duobus3

295 731 298 733 “
372 705 475 776 Et,
512 703 559 763 si
586 727 702 763 non
732 729 924 779 causa,
949 707 1133 788 judice
1165 706 1320 768 vince
1352 722 1467 767 tu0.
2026 732 2080 775 50

347 874 412 933 49.
441 875 587 916 Verbis
599 890 791 929 superare
808 878 979 919 duobus.
997 877 1147 920 Prona
1217 877 1339 932 feci!
1364 894 1460 935 quae
1482 894 1620 935 quum
1636 880 1868 936 protuleris
1882 915 1894 936 ‚
1915 883 2081 927 victum

291 937 370 980 tibi
404 937 646 982 admodum
688 948 733 982 et
765 941 896 984 facilis
937 941 1116 984 victoria
1133 974 1145 995 ,

294 1019 389 1060 quae
409 1012 499 1047 tota
514 1014 682 1048 constet
696 1007 837 1050 verbis
854 1006 1048 1050 duobus:
1064 1024 1147 1050 non

1229 959 1300 986 me
1333 943 1472 988 libens
1494 953 1538 987 et
1569 945 1688 988 ultro
1711 947 1963 1003 profitebor.
1994 951 2081 994 Alii

1229 1025 1350 1064 quum
1364 1011 1468 1052 bene
1477 1023 1492 1062 ,·
1515 1009 1592 1053 sed
1608 1019 1759 1054 nostra
1769 1012 1896 1056 lectio
1913 1014 2083 1057 melior.

891 1295 1300 1365 ELEGIA
1352 1297 1505 1367 XV.

437 1619 579 1651 MUSIS
609 1618 726 1651 VALE
759 1619 887 1651 chrr
918 1618 1299 1663 LASCIVIORIBUS,
1333 1620 1581 1652 CULTURUS
1610 1621 1906 1653 SEVERIORES.
1928 1609 1949 1631 *

307 1746 576 1851 QUAERE
604 1793 813 1828 novum
842 1785 1046 1842 vatem,
1074 1785 1398 1831 tenerorum
1424 1784 1599 1830 mater
1626 1763 1929 1831 Amorum:

381 1865 622 1926 Raditur
646 1865 736 1925 hie
767 1865 955 1944 Elegis
983 1865 1179 1927 ultima
1207 1880 1353 1926 meta
1380 1865 1546 1937 meis;

301 1965 462 2043 Quos
492 1986 595 2041 ego
624 1963 948 2045 composui,
979 1962 1197 2042 Peligni
1226 1963 1371 2023 ruris
1402 1962 1658 2023 alumnus
1684 1987 1696 2022 :

380 2062 494 2120 Nec
521 2085 607 2121 me
639 2059 844 2120 deliciae
869 2060 1166 2121 dedecuere
1196 2084 1343 2120 meae.

300 2158 364 2217 Si
395 2157 531 2240 quid
557 2156 616 2215 id
643 2171 752 2229 est,
784 2180 960 2239 usque
990 2180 1018 2216 a
1048 2158 1268 2240 proavis
1298 2171 1455 2218 vetus
1487 2144 1700 2215 ordinis
1727 2155 1914 2227 heres,
2063 2174 2088 2214 5

360 2339 382 2360 *
401 2338 673 2395 Quanquam
703 2338 749 2380 in
779 2338 959 2395 hujusce
986 2340 1156 2397 generis

304 2404 499 2447 carmine
526 2403 685 2447 seriem
704 2403 818 2448 hanc
840 2413 884 2447 et
904 2404 1157 2460 juncturam

305 2485 399 2513 non
425 2469 640 2512 desideres
663 2502 675 2523 ,
718 2485 814 2526 quae
846 2470 991 2513 varias·
1014 2471 1157 2527 operis

308 2536 487 2591 majoris
519 2545 662 2592 partes
695 2536 754 2579 ita
779 2537 895 2579 inter
922 2553 968 2579 se
998 2553 1158 2581 conso-

307 2603 424 2646 ciant
437 2635 449 2656 ,
472 2611 521 2645 ut
539 2619 661 2644 unum
681 2602 785 2645 inde
806 2618 961 2659 corpus
985 2603 1156 2648 efficia-

306 2677 395 2722 tur,
410 2683 503 2710 non
516 2675 558 2710 te
572 2667 702 2710 lateat
714 2676 863 2710 tamen
877 2669 1002 2723 ordo,
1024 2685 1158 2725 quem

306 2730 378 2776 hic
395 2731 661 2775 servandum
685 2730 870 2776 Ovidius
894 2733 971 2775 sibi
992 2749 1155 2790 propo-

305 2799 403 2842 suit.
417 2797 601 2842 Omissis
610 2797 804 2855 primum
817 2799 1083 2855 argumentis
1095 2816 1158 2843 se-

239 2887 263 2889 -’
305 2864 546 2908 verioribus
560 2897 572 2919 ,
594 2874 736 2907 totum
758 2881 801 2907 se
832 2865 1011 2908 tradidit
1034 2882 1155 2909 arna-

306 2932 429 2975 toriis
445 2965 456 2985 ,
478 2931 633 2987 quibus
648 2940 876 2988 postquam
891 2932 936 2974 in
955 2931 1098 2988 primo
1113 2942 1158 2975 et

308 2996 503 3041 secundo
525 2996 636 3039 libro
656 2997 757 3041 satis
779 3013 995 3053 superque
1016 2996 1157 3039 indul-

304 3062 411 3105 serit
430 3094 441 3113 ,
469 3062 642 3116 innuit,
681 3062 863 3105 ineunte
903 3062 1033 3105 tertio
1051 3094 1062 3116 ,
1092 3062 1156 3105 ,ad

306 3126 524 3169 severiora
553 3143 597 3169 se
627 3142 728 3168 mox
770 3142 1048 3169 reversurum
1066 3159 1076 3179 ,
1112 3135 1157 3168 et

302 3195 496 3245 exlgruum
517 3191 597 3234 sibi
625 3197 782 3245 tempus
804 3190 1012 3234 concedat
1033 3191 1156 3233 Tra-

243 3288 248 3292 -
307 3254 446 3311 goedia
462 3288 472 3309 ,
489 3255 686 3312 postulat.
705 3256 791 3298 Hic
809 3256 989 3298 tandem
1012 3253 1156 3313 Elegia

306 3318 446 3361 finem
468 3319 682 3376 imponit,
712 3325 940 3374 grandius,
987 3321 1103 3377 quod
1132 3337 1156 3363 a

305 3392 428 3441 tergo
441 3387 635 3442 urgebat,
652 3402 766 3440 opus,
786 3387 1061 3445 Tragoediam
1074 3387 1157 3432 sci-

302 3447 432 3505 licet,
468 3451 740 3506 repetiturus.

1295 2358 1332 2382 2.
1359 2341 1519 2382 Ultima
1528 2345 1651 2381 mela.
1671 2337 1723 2381 Id
1736 2346 1799 2381 est
1812 2337 1990 2382 ultimus
2001 2346 2089 2381 ter*

1239 2405 1407 2456 minus;
1427 2412 1601 2461 sumpta
1617 2403 1739 2446 enim
1757 2412 1820 2447 est
1831 2403 2087 2460 metaphora

1239 2470 1291 2512 ab
1313 2469 1485 2526 aurigis.
1520 2470 1612 2513 Pro
1634 2473 1767 2518 meta,
1805 2468 1984 2525 quidam
2004 2484 2088 2512 co-

1239 2535 1353 2579 dices
1366 2545 1456 2578 tam
1468 2535 1614 2592 scripti
1626 2550 1758 2591 quam
1770 2534 1899 2589 editi,
1915 2537 2064 2577 charla
2074 2552 2087 2577 .-

1238 2600 1429 2656 optimus
1452 2600 1674 2644 Palatinus
1688 2633 1700 2654 ‚
1718 2605 1830 2642 nola.
1852 2599 2088 2642 Mentelia-

1237 2682 1321 2709 nus
1338 2698 1349 2720 ,
1374 2683 1486 2709 cura.
1509 2665 1582 2708 Ad
1607 2665 1927 2724 Symmachum
1950 2665 2089 2707 Jure-

1238 2738 1330 2784 tus,
1354 2736 1468 2773 creta
1485 2729 1722 2787 legendum
1737 2729 1976 2772 contendit.
1997 2729 2087 2772 Sed

1236 2809 1480 2851 perperam.
1509 2796 1675 2837 Radere
1702 2800 1852 2837 melam
1876 2793 1980 2850 quid
2003 2794 2057 2837 sit
2073 2827 2084 2847 ,

1237 2877 1329 2903 non
1354 2869 1418 2903 est
1450 2869 1500 2903 ut
1527 2860 1673 2904 multis
1707 2861 1929 2918 explicem.
1966 2861 2087 2905 Nihil

1238 2927 1377 2984 aptius
1391 2935 1464 2969 aut
1481 2926 1719 2984 elegantius
1738 2927 1821 2970 dici
1835 2927 1987 2986 potuit.
2012 2929 2085 2969 Te-

1236 3010 1322 3035 rere
1340 2999 1490 3035 melam
1512 2993 1557 3035 id
1578 2993 1721 3049 ipsum
1747 2993 1846 3037 alibi
1867 3002 1990 3037 vocat
2006 3026 2018 3048 ‚
2040 3002 2085 3035 et

1235 3064 1445 3115 stringere.

1293 3128 1330 3179 4.
1354 3127 1591 3168 Dedecuere
1613 3142 1722 3168 meoe.
1746 3125 1905 3168 Malim
1924 3159 1935 3177 ‚
1972 3130 2053 3167 luoe
2071 3159 2079 3170 .,

1237 3206 1339 3232 cum
1358 3205 1450 3232 uno
1473 3189 1638 3233 Moreti
1659 3205 1670 3232 2
1690 3205 1795 3231 nam
1812 3194 1915 3232 meis
1930 3189 2009 3232 sub
2027 3187 2081 3230 fi-

1237 3271 1341 3297 nem
1363 3255 1546 3311 proximi
1566 3254 1830 3311 pentametri
1851 3254 1941 3310 jam
1969 3268 2082 3308 prae-

1237 3331 1431 3366 ces'serat.
1448 3322 1613 3365 HE1NS.
1624 3324 1826 3376 Nequitia·
1837 3320 1967 3363 etiam
1979 3318 2081 3360 olim

1237 3389 1450 3432 maluerat
1466 3407 1475 3440 ;
1496 3388 1572 3432 sed
1593 3391 1752 3431 delicia-
1768 3387 1837 3430 hic
1854 3386 1972 3429 idem
1991 3386 2080 3428 fere

1236 3461 1416 3508 notant,
1437 3461 1484 3496 ut
1502 3452 1598 3496 Art.
1619 3452 1762 3496 Amat.
1788 3464 1869 3503 ΠΙ,
1892 3450 1985 3508 649.
