2268 3776
250 298 322 368 54

647 275 649 281 ‘
706 302 771 353 P.
826 301 1130 356 ovmn
1183 302 1563 360 NASONIS

248 415 480 497 Accipe,
513 429 568 475 et
596 415 665 475 ad
695 416 976 477 dominam
1005 433 1284 501 peraratas
1312 443 1470 480 mane
1498 420 1728 482 tabellas

325 511 540 584 Perfer,
574 526 628 571 et
660 513 946 575 obstantes
977 514 1168 575 sedula
1196 515 1341 598 pelle
1370 540 1567 578 moras,

242 609 357 669 Nec
383 607 598 668 silicum
628 634 808 683 venae,
840 636 942 672 nec
975 612 1175 672 durum
1204 612 1263 670 in
1292 627 1517 694 pectore
1547 613 1780 687 ferrum,

322 706 436 765 Nec
470 705 574 764 tibi
605 706 928 789 simplicitas
961 708 1154 769 ordine
1183 709 1361 789 major
1388 710 1548 770 inest.
1980 744 2026 772 ω

245 803 525 865 Credibile
557 819 641 865 est
670 820 724 865 et
753 820 805 866 te
838 806 1072 867 sensisse
1105 805 1401 888 Cupidinis
1432 831 1618 868 arcus:

321 902 391 959 In
418 923 504 959 me
530 898 740 960 militiae
766 900 925 979 signa
951 916 1103 961 tuere
1136 916 1260 961 tuae.

240 997 300 1056 Si
333 1010 564 1079 quaeret,
599 996 730 1079 quid
764 1021 955 1076 agam3
989 998 1099 1080 Spe
1130 998 1313 1058 noctis
1341 998 1548 1072 vivere,
1583 999 1746 1061 diceS.

321 1094 517 1154 Cetera
544 1092 652 1154 fert
679 1092 885 1155 blanda
917 1118 1039 1155 cera
1067 1110 1260 1156 notata
1289 1119 1474 1156 mann.

232 1191 385 1252 Dum
413 1191 643 1274 loquor,
675 1191 814 1252 hora
842 1191 988 1270 fugit
1013 1219 1024 1252 :
1049 1217 1229 1254 vacuae
1256 1194 1399 1254 bene
1425 1193 1591 1256 redde
1621 1180 1888 1269 tabellas3
1976 1214 2024 1256 15

314 1289 526 1348 Verum
557 1290 824 1348 continuo
852 1289 936 1350 fac
963 1304 1144 1350 tamen
1167 1289 1262 1349 illa
1284 1284 1447 1368 legat.

234 1385 526 1470 Adspicias
559 1385 753 1446 oculos
780 1387 1012 1458 mando,
1043 1386 1393 1468 frontemque
1424 1385 1659 1464 legentis
1685 1407 1699 1442 ε
1776 1438 1777 1441 ,

284 1565 320 1605 7.
341 1547 504 1603 Acczpe
518 1580 530 1600 ,
551 1551 598 1589 et
612 1548 677 1588 ad
683 1547 895 1589 dominam
902 1561 1082 1601 perara-

229 1619 300 1655 tas
313 1628 436 1655 mane
452 1613 636 1654 tabellas
649 1610 805 1667 Perfer.
821 1610 946 1653 Dum
960 1611 1082 1654 enim

227 1685 427 1721 comeret
446 1676 673 1719 dominam
689 1708 700 1729 ,
724 1675 964 1731 Epistulam
978 1675 1084 1719 red-

230 1742 335 1786 dere
359 1742 555 1785 debebat.
595 1742 663 1784 Ita
684 1741 877 1798 praecipit
898 1740 1084 1785 Ovidius

228 1809 320 1864 ipse
336 1840 348 1863 ,
372 1807 467 1851 Art.
491 1820 529 1859 Ι,
554 1807 632 1864 367
655 1822 666 1850 :

229 1883 326 1914 Hanc
343 1883 519 1914 matutinos
532 1888 663 1923 pectens
678 1882 796 1913 ancilla
811 1881 948 1923 capillos

269 1944 388 1974 Incitet
403 1955 413 1983 ;
435 1949 467 1975 et
483 1944 557 1975 velo
569 1944 701 1983 remigis
711 1943 809 1974 addat
821 1953 915 1985 opus.

224 2030 279 2039 —-
300 2009 543 2050 peraratas.
564 2004 712 2048 Editio
732 2004 875 2062 prima
901 2037 912 2059 ,
929 2020 1083 2060 prope-

226 2076 347 2113 ratas
368 2104 380 2122 ‚
415 2070 602 2113 solemni
632 2069 888 2114 confusione
918 2069 1082 2113 horum

226 2137 476 2179 verborum.
498 2135 662 2179 BURM.
683 2136 933 2191 —Acczjve‚
959 2141 1007 2178 el
1022 2138 1089 2178 ad

225 2205 436 2244 dominam
470 2203 654 2244 tabellas
682 2200 841 2256 Perfer.
889 2200 1080 2243 Tabellae

223 2283 325 2310 cera
363 2266 481 2310 illitae
503 2298 516 2321 ‚
556 2266 605 2309 in
643 2267 800 2323 quibus
838 2265 1079 2323 pungendo

223 2334 336 2389 stylo
360 2331 574 2388 impresso
603 2332 883 2376 scribebatur.
914 2332 1080 2375 Forma

222 2396 307 2439 suit
327 2396 514 2453 oblonga
537 2430 549 2452 ,
590 2396 829 2454 quadrata;
862 2397 1078 2441 eminenti

222 2460 418 2518 quodam
434 2462 632 2518 margine
649 2462 959 2506 circumclusa:
979 2478 1079 2505 ma—

222 2526 334 2569 teria
352 2526 539 2584 vulgaris
554 2559 566 2581 ,
589 2527 726 2571 buxus
748 2537 794 2571 et
815 2544 935 2581 acer;
963 2544 1075 2585 pre-

219 2595 389 2649 tiosior,
404 2595 583 2650 citrum,
602 2596 724 2638 ebur.
746 2594 917 2638 Calami
934 2597 1075 2640 vicem

217 2660 267 2702 in
289 2659 356 2703 his
375 2661 487 2717 gerit
502 2663 722 2716 graphium
737 2694 748 2713 ,
785 2661 872 2704 sive
903 2664 1043 2718 stylus
1058 2678 1076 2716 ,-

218 2735 317 2768 tum
337 2741 360 2768 e
377 2726 495 2768 ferro
510 2758 521 2780 ,
546 2734 641 2768 tum
656 2742 707 2768 ex
726 2741 811 2769 aerc
828 2744 839 2779 ;
863 2726 937 2782 qui
952 2726 1075 2769 enim
1091 2745 1093 2747 ·

214 2807 268 2834 ex
287 2806 418 2842 auro,
441 2790 578 2834 veluti
598 2790 878 2850 chrystallina
899 2799 945 2834 et
965 2807 1073 2850 ony-

215 2855 345 2898 china
361 2855 585 2913 pugillaria
598 2889 610 2911 ,
626 2865 747 2900 extra
758 2855 963 2899 ordinem
975 2857 1074 2900 sue-

215 2929 335 2963 runt.
350 2920 502 2963 Altera
513 2937 610 2977 pars
625 2929 719 2964 erat
727 2920 781 2964 ad
790 2921 1072 2965 scribendum

217 2993 368 3038 acuta3
391 2986 543 3029 obtusa
560 2986 694 3029 altera
705 3019 717 3042 ,
734 2985 788 3028 ad
803 2985 1042 3030 delendum
1058 3005 1070 3039 ;

214 3066 300 3105 qua
313 3083 324 3104 ,
349 3050 483 3093 veluti
502 3059 750 3095 transverso
771 3051 939 3095 calamo
955 3085 967 3108 ,
989 3053 1070 3096 in—

212 3114 430 3158 ducebant
451 3148 463 3170 ,
512 3116 837 3174 eradebantque
856 3152 867 3169 ,
903 3118 939 3162 si
973 3134 1070 3175 quae

211 3181 361 3225 minus
375 3198 426 3224 ex
438 3182 658 3226 sententia
671 3183 945 3229 videbantur.
955 3185 1066 3228 Inde

210 3247 365 3302 stylum
393 3255 564 3290 vertere
583 3279 595 3302 ,
625 3257 690 3290 est
708 3248 916 3292 inducere
934 3282 946 3304 ,
979 3248 1068 3292 de·-

207 3309 300 3354 lere
319 3345 332 3367 ,
360 3329 623 3372 expungere.
651 3315 725 3359 Sic
739 3315 792 3359 de
805 3333 849 3359 se
864 3317 956 3374 ipso
966 3334 1068 3373 gra-

198 3378 361 3430 phium,
381 3378 496 3435 apud
518 3379 719 3438 Sympos.
740 3381 786 3423 in
808 3384 1038 3440 aenigmate
1056 3399 1067 3426 ε

205 3445 256 3475 De
269 3455 398 3478 summo
410 3448 527 3490 planus
537 3471 547 3487 ‚
562 3450 620 3480 sed
631 3461 697 3482 non
713 3461 772 3490 ego
791 3451 907 3492 planus
923 3452 956 3483 in
970 3452 1036 3484 imo
1051 3476 1061 3491 ,

1162 1555 1284 1585 Versor
1290 1554 1455 1596 utrimque
1463 1554 1706 1593 manu,diverso
1714 1560 1746 1585 et
1752 1565 1884 1584 munere
1890 1553 2025 1595 fungor:

1163 1614 1278 1646 Altera
1291 1626 1366 1656 pars
1381 1622 1510 1647 revocat
1521 1639 1532 1655 ,
1548 1615 1712 1658 quidquid
1727 1626 1801 1657 pars
1815 1616 1916 1646 altera
1930 1615 2019 1647 fecit.

1162 1699 1218 1709 —·
1248 1675 1445 1735 Graphia
1480 1693 1583 1721 cum
1613 1677 1898 1735 pugillaribus
1924 1677 2018 1721 cir-

1164 1742 1466 1786 cumserebant
1484 1742 1677 1787 Romani
1696 1759 1706 1795 ;
1725 1741 1844 1785 unde
1866 1742 1900 1786 si
1923 1742 2019 1799 quis

1161 1807 1287 1849 furor
1301 1807 1572 1865 repentinus,
1587 1806 1639 1850 ad
1655 1823 1775 1849 arma
1787 1807 2015 1864 confugie—

1162 1872 1285 1927 bant,
1303 1889 1400 1929 quae
1411 1881 1538 1916 erant
1550 1873 1597 1915 in
1615 1880 1836 1930 promptu.
1857 1873 2018 1916 Narrat

1162 1936 1355 1992 Seneca,
1377 1937 1432 1981 de
1456 1937 1598 1982 Clem.
1621 1952 1656 1992 1,
1685 1940 1749 1992 14,
1776 1938 2017 1980 Erixonem

1162 2003 1402 2060 quemdam
1419 2036 1432 2059 ,
1478 2004 1675 2061 equitem
1715 2003 1975 2046 Romanum
2004 2035 2016 2056 ‚

1162 2070 1263 2126 quia
1290 2070 1432 2113 filium
1462 2087 1593 2114 suum
1619 2069 1799 2127 flagellis
1835 2068 2016 2112 occide-

1160 2143 1228 2178 rat
1245 2168 1256 2188 ,
1281 2136 1493 2192 populum
1513 2136 1560 2178 in
1581 2137 1678 2178 soro
1695 2137 1887 2190 graphiis
1908 2149 2018 2177 con—

1160 2200 1330 2244 fodisse.
1355 2202 1415 2244 Et
1429 2201 1519 2258 ipse
1539 2201 1686 2244 Julius
1710 2198 1857 2243 Caesar
1880 2198 2018 2242 Cassii

1159 2265 1388 2309 brachium
1402 2274 1629 2323 arreptum
1645 2267 1822 2321 graphio
1836 2264 2017 2321 trajecit.

1162 2327 1277 2373 Vide
1300 2330 1423 2374 Suet.
1445 2332 1513 2374 82.

1218 2396 1281 2438 15.
1309 2397 1424 2438 Dum
1443 2398 1610 2452 loquor,
1633 2394 1876 2450 borasugil.
1897 2395 2018 2436 Hora

1144 2457 1262 2514 fuit,
1287 2460 1554 2504 Puteaneus.
1581 2459 1745 2514 Forte',
1778 2462 1883 2502 bora
1901 2462 2013 2510 ruit,

1157 2532 1207 2567 ut
1226 2524 1340 2582 apud
1373 2524 1527 2583 Virgil.
1548 2538 1598 2568 Vl
1614 2557 1628 2580 ,
1651 2524 1761 2567 AEn.
1785 2524 1867 2583 539
1882 2535 1895 2579 ιε
1915 2525 2015 2568 Nox

1155 2593 1250 2641 mit,
1272 2592 1413 2633 AEnea
1423 2606 1436 2632 .·
1451 2598 1496 2634 et
1511 2594 1598 2633 ruit
1613 2591 1886 2633 irrevocabile
1903 2593 2014 2630 lem-

1148 2670 1232 2708 pus
1258 2655 1290 2696 J
1294 2654 1492 2708 uvenali3
1530 2653 1611 2697 sed
1633 2663 1784 2696 tamen
1806 2653 1981 2697 Persius
1998 2686 2011 2707 ,

1155 2718 1245 2761 Sat.
1267 2732 1298 2762 v
1316 2731 1326 2758 2
1356 2721 1460 2762 Vive
1477 2735 1637 2763 memor
1649 2722 1732 2762 leli
1740 2718 1886 2775 :sugit
1896 2722 2011 2762 bora.

1154 2784 1309 2827 Posset
1328 2783 1524 2840 alioquin
1546 2793 1592 2827 et
1611 2784 1695 2840 legi
1721 2817 1733 2838 ,
1767 2786 2013 2840 borafluit:

1153 2857 1203 2891 ut
1217 2848 1332 2905 apud
1348 2849 1505 2893 Se-nec.
1521 2849 1658 2906 Epist.
1675 2852 2018 2893 cxxnltFluunt

1151 2916 1245 2956 dies
1253 2948 1266 2966 ‚
1279 2920 1329 2957 el
1338 2918 1627 2970 irreparabiltk
1638 2919 1732 2957 vila
1747 2917 1942 2957 decurrit.
1953 2915 2012 2957 H.

1152 2980 1244 3023 Sed
1273 2981 1383 3024 nihil
1410 2981 1678 3025 mutandum
1700 2990 1820 3026 recte
1843 2981 2014 3026 Marius

1150 3045 1284 3101 vidit,
1308 3062 1360 3090 ex
1380 3047 1539 3090 Horat.
1561 3047 1634 3090 lib.
1649 3062 1666 3090 1
1681 3080 1694 3102 ‚
1719 3046 1808 3091 od.
1838 3064 1883 3090 11
1909 3062 1921 3090 ε

1189 3116 1281 3146 Dum
1295 3115 1464 3157 loquimur
1473 3140 1484 3154 ‚
1498 3115 1621 3157 fugerit
1635 3116 1748 3149 invida
1760 3118 1863 3148 AEtaS.

1149 3198 1205 3208 ——
1229 3177 1382 3219 Vacua
1402 3180 1505 3220 bene
1524 3179 1652 3220 redde
1673 3180 1869 3221 tabellas.
1906 3175 2010 3220 Oc-

1148 3240 1370 3285 casionem
1415 3251 1599 3299 occupet
1634 3243 1845 3303 Praecipit
1893 3242 2008 3286 red-

1150 3308 1284 3351 dendi
1308 3307 1518 3353 Corinnae
1536 3309 1714 3354 tabellas
1730 3342 1745 3365 ,
1781 3324 1920 3366 quum
1936 3309 2008 3351 ni-

1147 3372 1209 3415 hil
1236 3389 1335 3415 eam
1363 3390 1388 3416 a
1418 3373 1616 3431 legendis
1640 3382 1686 3420 et
1715 3371 2004 3418 rescribendis

1145 3438 1308 3495 poterit
1333 3437 1588 3484 distrahere.
