2268 3776
542 314 929 372 AMORUM
976 315 1106 370 111.
1158 316 1403 373 ELEG.
1449 319 1563 374 VI.
1847 321 1939 373 181

246 435 362 517 Qui
388 435 815 519 patriam'tantae
840 448 951 495 tam
975 433 1118 495 bene
1147 433 1288 496 celat
1317 436 1499 519 aqnae,
1895 455 1948 511 40

163 533 362 593 Fertur
388 531 446 592 in
475 530 698 592 Evadne
726 529 1010 592 collectam
1037 531 1284 615 Asopide
1315 532 1586 593 flammam

246 627 477 688 Vincere
509 627 827 706 gurgitibus
854 651 968 688 non
997 627 1249 711 potuisse
1284 628 1416 689 suis.

165 725 354 786 Siccus
382 738 447 785 ut
471 722 728 807 amplecti
758 710 1078 786 Salmonida
1105 737 1296 808 posset
1321 720 1570 807 Enipeus
1588 770 1602 794 ,

246 821 452 883 Cedere
478 821 645 903 jussit
671 845 869 906 aquam
892 847 906 883 ε
927 823 1079 904 jussa
1108 821 1332 884 recessit
1362 845 1519 903 aqua.

163 919 278 980 Nec
308 932 362 981 te
391 933 685 1003 praetereo,
714 920 839 1003 qui,
866 943 967 1003 per
991 943 1120 981 cava
1148 942 1278 981 saxa
1301 917 1590 987 volutans,
1896 936 1950 992 [μ’.

242 1015 472 1078 Tiburis
500 1017 672 1096 Argei
703 1017 970 1101 spumifer
998 1041 1125 1079 arva
1151 1017 1315 1097 rigas.

161 1110 264 1175 Ilia
293 1114 383 1176 cui
408 1113 641 1198 placuit,
670 1115 918 1198 quamvis
947 1129 1065 1177 erat
1091 1112 1319 1176 horrida
1349 1111 1528 1185 cultu,

217 1290 284 1344 4ο.
309 1290 456 1334 Tanta
468 1295 556 1335 tam
569 1292 670 1336 bene
682 1293 805 1336 celat.
824 1291 878 1336 In
897 1292 1014 1337 Nea-

161 1351 356 1412 politano
372 1363 416 1399 et
436 1355 573 1401 Palat.
591 1356 736 1414 primo
750 1366 843 1402 erat
860 1391 872 1414 ,
891 1363 1015 1402 lanta

161 1426 249 1464 tam
261 1423 364 1465 bene
379 1423 494 1465 celat
506 1437 618 1479 aqua
632 1438 644 1465 t
659 1422 772 1467 sorte
786 1438 868 1480 pro
881 1428 1017 1467 tacita

161 1502 285 1544 aqua.
300 1485 383 1531 Ed.
394 1487 531 1544 princ.
542 1503 627 1531 non
639 1490 740 1531 benc
748 1486 1015 1547 celat.Quod

162 1558 320 1596 notatu
339 1566 432 1596 non
452 1550 703 1610 indignum.

218 1617 286 1672 4¹·
305 1618 455 1661 stetur
471 1620 516 1660 in
536 1619 714 1661 Euadne
727 1625 808 1662 etc.
819 1640 879 1651 —-
892 1617 1017 1662 Nilus

163 1680 254 1738 ipse
271 1714 283 1734 ,
330 1691 684 1740 quantacumque
716 1683 771 1727 sit
802 1699 1016 1740 aquarum

163 1745 289 1805 copia
301 1778 314 1802 ,
328 1745 556 1791 flammam
570 1763 660 1791 non
673 1747 816 1805 potuit
825 1753 988 1792 vincere
1001 1781 1011 1801 ,

162 1813 462 1872 exstinguere,
487 1830 573 1871 qua
586 1814 765 1858 ardebat
786 1815 1011 1866 Euadnen,

165 1876 302 1936 Asopi
325 1877 461 1923 filiam
479 1911 491 1935 ,
525 1879 600 1937 qui
621 1878 780 1924 fluvius
800 1896 824 1923 e
845 1880 1015 1934 Boeotia

163 1942 377 1988 oriundus
386 1974 399 1999 ,
411 1944 533 2001 iuxta
546 1945 743 1995 Plateam
755 1978 767 1999 ,
783 1953 1015 2003 postquam

163 2006 339 2052 Thebas
355 2007 479 2053 alluit
494 2042 508 2065 ,
529 2010 576 2054 in
593 2010 811 2068 Euripum
827 2027 1015 2068 preceps

161 2072 432 2120 immittitur.
449 2097 507 2108 —
522 2077 711 2120 Euadne.
731 2079 907 2121 Evanne
926 2076 1015 2120 duo

157 2136 264 2190 ‚libri
283 2154 294 2183 ε
321 2148 562 2199 utrumque
580 2149 712 2186 recte.
732 2141 874 2186 Bnns.

215 2204 282 2260 43.
304 2205 461 2264 Siccas.
484 2206 814 2267 Forte-,fictum
833 2208 1015 2266 Neptu-

161 2284 246 2314 nus
269 2269 392 2314 enim
422 2270 582 2329 Enipei
617 2270 809 2316 sormam
836 2272 1017 2318 adsum-

162 2343 291 2380 serat.
313 2337 520 2396 Propert.
546 2351 564 2381 1
577 2370 589 2393 ,
616 2338 740 2396 Eleg.
759 2352 874 2394 xum,
899 2358 947 2383 αι
977 2353 988 2380 2

162 2410 240 2443 Non
257 2411 303 2443 ιίο
317 2412 469 2446 AEmonio
481 2413 666 2445 Salmonida
679 2413 803 2447 mixtus
813 2414 939 2457 Bnipeo
1006 2443 1013 2452 ,

204 2476 373 2508 'ranarius
384 2474 477 2508 faciti
488 2478 606 2519 pressit
623 2489 731 2510 amou-
743 2479 847 2510 Deus.

165 2561 221 2572 -·
263 2539 325 2582 Ul
357 2543 563 2596 amplecti
594 2541 840 2584 Salmonida
869 2547 1020 2597 posset

165 2606 366 2662 Enipeus.
392 2605 627 2663 Neptunus
653 2606 867 2650 nimirum
888 2639 900 2662 ,
941 2607 1017 2665 qui

165 2668 287 2714 fluvii
302 2670 435 2729 huius
450 2670 640 2714 sormam
659 2680 918 2715 assumserat
931 2705 943 2727 ,
967 2680 1017 2715 ut

166 2735 312 2795 Tyro,
333 2735 563 2782 Salmonei
572 2735 706 2780 filiam
723 2769 734 2791 ,
748 2739 1016 2793 amplectere-

163 2807 241 2846 tur.
255 2801 368 2847 Inde
383 2803 474 2847 nati
490 2803 631 2847 Pelias
645 2812 689 2847 et
706 2803 880 2847 Neleus.
902 2804 1017 2848 Por-

162 2881 216 2908 ro
232 2897 245 2921 ,
265 2867 345 2910 sub
364 2866 450 2912 hoc
467 2868 651 2912 nomine
668 2868 757 2912 duo
779 2879 1017 2914 occurrunt

165 2931 353 2977 flumina
368 2965 381 2988 ,
403 2949 594 2991 quorum
613 2952 757 2980 unum
777 2937 989 2981 Achaiam
1002 2970 1015 2993 ,
1076 2954 1082 2957 ι

166 2995 437 3041 Thessaliam
445 2998 633 3043 alterum
642 3000 842 3045 alluebat.
853 3003 1016 3059 Siccus,

165 3060 270 3117 quia
290 3062 433 3105 cedere
438 3062 581 3118 jussit
597 3080 761 3120 aquam.

220 3127 289 3180 45.
310 3127 401 3170 Nec
421 3132 463 3170 te
474 3134 673 3182 pretereo
686 3162 696 3180 ‚
729 3133 891 3185 quiper
908 3146 1021 3175 caua

166 3205 279 3233 saxa
295 3193 478 3235 volutas.
506 3195 714 3236 Volutans
733 3193 1020 3241 Sarravianus

167 3270 271 3298 cum
283 3255 572 3299 Menteliano.
591 3256 686 3301 Nec
697 3265 762 3312 tu,
778 3257 912 3313 Anio,
928 3259 1021 3302 abi-

84 3342 90 3346 ·
167 3318 233 3363 bis
243 3318 447 3374 indictus,
465 3320 538 3376 qui
546 3336 625 3375 per
632 3336 746 3363 saxa
759 3324 928 3365 volulas
941 3330 1022 3366 etc.

170 3383 308 3428 Unde
320 3385 671 3441 Anoenafluenta,
690 3387 843 3444 virgil.
859 3387 1022 3448 Georg.

173 3460 238 3504 ιν,
261 3447 355 3509 369.
379 3449 558 3495 Dictum
580 3459 703 3507 putat
723 3451 836 3497 Plin.
859 3466 933 3508 111,
957 3472 1018 3508 ια,

1095 1301 1141 1337 et
1169 1291 1272 1336 dicit
1303 1287 1757 1335 Pseudo-Plutarch.
1791 1289 1946 1332 Parall.

1097 1371 1260 1413 Lxxxx,
1279 1357 1331 1402 ab
1347 1356 1462 1400 Anio
1480 1355 1803 1399 Hetruscorum
1820 1371 1919 1412 rege
1934 1388 1946 1410 ,

1097 1424 1157 1468 ibi
1177 1423 1359 1481 sepulto.
1381 1422 1598 1467 Sabinum
1623 1421 1726 1465 olim
1746 1436 1899 1478 agrum
1921 1436 1946 1463 a

1099 1490 1225 1534 Latio
1239 1488 1485 1543 dividebat,
1506 1488 1566 1532 ita
1586 1496 1635 1531 ut
1656 1486 1866 1544 quidquid
1897 1502 1949 1529 ex

1099 1553 1250 1599 dextra
1283 1553 1466 1598 Anienis
1495 1553 1612 1611 ripa,
1644 1552 1697 1597 ad
1733 1552 1949 1604 Sabinos;

1098 1628 1143 1663 et
1170 1618 1383 1677 quidquid
1406 1635 1430 1662 a
1457 1619 1657 1672 sinistra,
1691 1617 1742 1661 ad
1776 1617 1950 1660 Latium

1097 1686 1351 1743 pertineret.
1374 1684 1531 1729 Priscis
1562 1683 1831 1740 temporibus
1863 1683 1950 1726 Pa-

1095 1766 1250 1796 rensus
1271 1783 1284 1805 ‚
1314 1749 1382 1793 vel
1418 1749 1653 1794 Parensius
1691 1748 1953 1792 vocabatur:

1097 1831 1218 1859 nunc
1236 1819 1277 1860 il
1298 1817 1517 1858 Teoerone.

1101 1915 1104 1921 .
1137 1881 1203 1936 46.
1211 1881 1420 1938 Spume'ser
1426 1896 1528 1923 arva
1536 1885 1666 1936 rigas.
1678 1878 1938 1935 PomiserPu
1944 1903 1955 1908 -

1098 1956 1281 1994 teaneus
1293 1956 1337 1992 et
1358 1948 1428 1992 alii
1441 1964 1603 2004 magno
1616 1962 1806 1990 numero
1818 1946 1954 2003 :opti-

1097 2031 1183 2065 ωε.
1201 2015 1346 2060 Tibur
1364 2015 1486 2059 enim
1500 2014 1623 2072 copia
1642 2022 1687 2057 et
1705 2012 1951 2071 prestantia

1097 2094 1334 2138 pomorum
1369 2079 1717 2124 laudatissimum
1750 2076 1950 2133 antiquis.

1098 2146 1235 2190 Recte
1252 2145 1414 2191 Noster
1432 2147 1615 2200 Argeum
1639 2146 1681 2187 T
1675 2147 1772 2186 ibur
1781 2158 1950 2185 nuncu-

1098 2220 1198 2269 pat:
1221 2210 1447 2269 quomodo
1465 2209 1579 2267 apud
1595 2210 1707 2252 Hor.
1723 2221 1786 2260 11,
1807 2206 1895 2250 Od.
1910 2207 1949 2250 6.

1099 2278 1234 2321 Mart.
1247 2276 1548 2333 1v,Epigram.
1564 2287 1675 2327 nvn,
1689 2273 1743 2316 de
1760 2272 1954 2316 Tibure:

1097 2354 1151 2384 Tu
1163 2353 1362 2394 ‹milsAr-eig
1349 2351 1621 2392 1regm,=m1⁴'u
1602 2350 1708 2380 ustis-e
1744 2348 1875 2380 coloni:

1139 2413 1215 2453 Quo
1195 2411 1327 2443 oioebs
1342 2411 1490 2444 deciman
1503 2410 1596 2441 duct
1610 2408 1853 2450 burbelpi
1886 2412 1928 2438 Η.

1103 2470 1349 2514 Conditum
1368 2470 1490 2514 enim
1512 2469 1655 2512 Tibur
1673 2470 1816 2512 suerat
1835 2485 1859 2511 a
1874 2469 1946 2511 Ti-

1097 2537 1255 2590 burte,
1274 2536 1530 2594 Amphiarai·
1548 2535 1639 2578 filio
1649 2535 1750 2591 ,qui
1769 2535 1949 2578 colonus

1100 2602 1311 2660 Argivus;
1331 2610 1375 2645 et
1391 2609 1595 2645 vocatum
1611 2601 1717 2644 olim
1736 2608 1855 2653 πολυ-

1099 2688 1182 2722 vo»,
1212 2667 1344 2711 tradit
1370 2666 1524 2724 Steph.
1545 2667 1649 2727 Byz.
1671 2667 1772 2723 quia
1792 2622 1949 2723 triplici

1099 2747 1230 2776 muro
1258 2733 1306 2775 in
1333 2748 1494 2776 coronae
1534 2734 1753 2786 sormam,
1786 2741 1836 2775 ut
1861 2732 1955 2776 alia

1099 2797 1302 2854 quaedam
1322 2798 1475 2852 urbes,
1506 2765 1775 2854 cingebatui.
1803 2796 1950 2840 Hodie

1105 2868 1253 2910 Τι’νοΙί.

1156 2934 1222 2989 47.
1252 2933 1339 2974 Ilia
1361 2934 1631 2985 cuiplacad,
1661 2934 1852 2985 quamvis
1872 2938 1954 2974 etc.

1101 2998 1264 3042 Fabula
1277 2998 1474 3054 sequitur
1483 2995 1697 3053 pathetice
1712 2995 1953 3040 admodum

1101 3074 1318 3119 enarrata,
1334 3064 1389 3108 de
1413 3063 1506 3118 Ilia,
1521 3079 1615 3118 seu,
1627 3072 1677 3106 ut
1691 3063 1762 3106 alii
1780 3064 1950 3120 volunt,

1102 3132 1229 3176 Rhea
1245 3131 1392 3190 Sylvia
1405 3163 1419 3185 ,
1438 3130 1683 3174 Numitoris
1696 3130 1783 3174 filia
1799 3165 1810 3186 ,
1827 3148 1923 3188 quae
1939 3166 1950 3187 ,

1103 3208 1152 3242 ut
1171 3198 1397 3255 vulgatum
1421 3197 1535 3254 apud
1559 3213 1716 3242 omnes
1732 3215 1755 3241 a
1778 3200 1924 3255 pueris
1941 3234 1952 3251 ‚

1104 3265 1349 3309 Romulum
1386 3272 1431 3307 et
1471 3264 1667 3308 Remum
1704 3266 1887 3308 fratrem
1930 3281 1955 3308 e

1102 3329 1341 3386 suppositio
1352 3344 1456 3372 cum
1468 3328 1614 3373 Marte
1625 3345 1860 3386 congressu
1870 3329 1958 3372 edi-

1102 3393 1180 3435 dit.
1204 3393 1274 3436 De
1295 3409 1346 3436 ea
1367 3393 1475 3436 varii
1495 3393 1612 3450 apud
1633 3393 1859 3438 historicos
1881 3409 1957 3436 ru-

1105 3472 1254 3503 mores
1271 3490 1282 3512 ,
1306 3467 1355 3501 ut
1376 3474 1454 3514 par
1471 3467 1565 3506 erat
1587 3493 1598 3514 ,
1622 3459 1666 3502 in
1691 3475 1738 3506 re
1761 3460 1965 3503 omnium
