<?xml version="1.0" encoding="UTF-8"?>
<!DOCTYPE html PUBLIC "-//W3C//DTD XHTML 1.0 Transitional//EN"
    "http://www.w3.org/TR/xhtml1/DTD/xhtml1-transitional.dtd">
<html xmlns="http://www.w3.org/1999/xhtml" xml:lang="en" lang="en">
 <head>
  <title>
</title>
<meta http-equiv="Content-Type" content="text/html;charset=utf-8" />
  <meta name='ocr-system' content='tesseract 3.04.00' />
  <meta name='ocr-capabilities' content='ocr_page ocr_carea ocr_par ocr_line ocrx_word'/>
</head>
<body>
  <div class='ocr_page' id='page_1' title='image "./quaeextantomniao02oviduoft_0283.png"; bbox 0 0 2268 3776; ppageno 0'>
   <div class='ocr_carea' id='block_1_1' title="bbox 554 259 1623 317">
    <p class='ocr_par' dir='ltr' id='par_1_1' title="bbox 554 259 1623 317">
     <span class='ocr_line' id='line_1_1' title="bbox 554 259 1623 317; baseline -0.002 -1"><span class='ocrx_word' id='word_1_1' title='bbox 554 259 813 316; x_wconf 89' lang='lat' dir='ltr'>ARTIS</span> <span class='ocrx_word' id='word_1_2' title='bbox 852 259 1327 315; x_wconf 84' lang='lat' dir='ltr'>AMATORIAE</span> <span class='ocrx_word' id='word_1_3' title='bbox 1369 262 1528 317; x_wconf 91' lang='lat' dir='ltr'><strong>LIB.</strong></span> <span class='ocrx_word' id='word_1_4' title='bbox 1576 263 1623 315; x_wconf 93' lang='lat' dir='ltr'><strong>I.</strong></span> 
     </span>
    </p>
   </div>
   <div class='ocr_carea' id='block_1_2' title="bbox 1886 263 1991 337">
    <p class='ocr_par' dir='ltr' id='par_1_2' title="bbox 1886 263 1991 337">
     <span class='ocr_line' id='line_1_2' title="bbox 1886 263 1991 337; baseline 0.01 -22"><span class='ocrx_word' id='word_1_5' title='bbox 1886 263 1991 337; x_wconf 81' lang='lat'><strong>269</strong></span> 
     </span>
    </p>
   </div>
   <div class='ocr_carea' id='block_1_3' title="bbox 213 374 1994 557">
    <p class='ocr_par' dir='ltr' id='par_1_3' title="bbox 213 374 1994 557">
     <span class='ocr_line' id='line_1_3' title="bbox 292 374 1472 458; baseline -0.002 -20"><span class='ocrx_word' id='word_1_6' title='bbox 292 378 406 438; x_wconf 85' lang='lat' dir='ltr'><strong>Nec</strong></span> <span class='ocrx_word' id='word_1_7' title='bbox 432 377 574 438; x_wconf 87' lang='lat' dir='ltr'><strong>facta</strong></span> <span class='ocrx_word' id='word_1_8' title='bbox 596 391 679 437; x_wconf 90' lang='lat' dir='ltr'><strong>est</strong></span> <span class='ocrx_word' id='word_1_9' title='bbox 708 375 946 437; x_wconf 87' lang='lat' dir='ltr'><strong>lacrimis</strong></span> <span class='ocrx_word' id='word_1_10' title='bbox 976 376 1192 458; x_wconf 87' lang='lat' dir='ltr'><strong>turpior</strong></span> <span class='ocrx_word' id='word_1_11' title='bbox 1222 374 1316 436; x_wconf 92' lang='lat' dir='ltr'><strong>illa</strong></span> <span class='ocrx_word' id='word_1_12' title='bbox 1341 378 1472 436; x_wconf 80' lang='lat' dir='ltr'><strong>suis,</strong></span> 
     </span>
     <span class='ocr_line' id='line_1_4' title="bbox 213 471 1994 557; baseline -0.001 -24"><span class='ocrx_word' id='word_1_13' title='bbox 213 474 446 557; x_wconf 86' lang='lat' dir='ltr'>Jamque</span> <span class='ocrx_word' id='word_1_14' title='bbox 476 474 673 534; x_wconf 89' lang='lat' dir='ltr'><strong>iterum</strong></span> <span class='ocrx_word' id='word_1_15' title='bbox 707 472 942 534; x_wconf 90' lang='lat' dir='ltr'><strong>tundens</strong></span> <span class='ocrx_word' id='word_1_16' title='bbox 969 471 1293 533; x_wconf 90' lang='lat' dir='ltr'><strong>mollissima</strong></span> <span class='ocrx_word' id='word_1_17' title='bbox 1331 489 1552 556; x_wconf 87' lang='lat' dir='ltr'><strong>pectora</strong></span> <span class='ocrx_word' id='word_1_18' title='bbox 1582 472 1805 557; x_wconf 86' lang='lat' dir='ltr'><strong>palmis,</strong></span> <span class='ocrx_word' id='word_1_19' title='bbox 1916 491 1994 532; x_wconf 69' lang='lat'><strong>533</strong></span> 
     </span>
    </p>
   </div>
   <div class='ocr_carea' id='block_1_4' title="bbox 218 574 1595 862">
    <p class='ocr_par' dir='ltr' id='par_1_4' title="bbox 218 574 1595 862">
     <span class='ocr_line' id='line_1_5' title="bbox 295 574 1477 657; baseline -0.003 -20"><span class='ocrx_word' id='word_1_20' title='bbox 295 574 543 637; x_wconf 87' lang='lat' dir='ltr'><strong>Perfidus</strong></span> <span class='ocrx_word' id='word_1_21' title='bbox 570 574 660 635; x_wconf 90' lang='lat' dir='ltr'><strong>ille</strong></span> <span class='ocrx_word' id='word_1_22' title='bbox 687 575 824 635; x_wconf 84' lang='lat' dir='ltr'><strong>abiit</strong></span> <span class='ocrx_word' id='word_1_23' title='bbox 855 601 867 635; x_wconf 89' lang='lat'>:</span> <span class='ocrx_word' id='word_1_24' title='bbox 894 575 1028 657; x_wconf 90' lang='lat' dir='ltr'><strong>quid</strong></span> <span class='ocrx_word' id='word_1_25' title='bbox 1057 574 1194 635; x_wconf 86' lang='lat' dir='ltr'><strong>mihi</strong></span> <span class='ocrx_word' id='word_1_26' title='bbox 1221 574 1357 635; x_wconf 82' lang='lat' dir='ltr'><strong>fiet?</strong></span> <span class='ocrx_word' id='word_1_27' title='bbox 1387 577 1477 635; x_wconf 89' lang='lat' dir='ltr'><strong>ait.</strong></span> 
     </span>
     <span class='ocr_line' id='line_1_6' title="bbox 218 676 1595 759; baseline -0.002 -21"><span class='ocrx_word' id='word_1_28' title='bbox 218 677 371 757; x_wconf 87' lang='lat' dir='ltr'><strong>Quid</strong></span> <span class='ocrx_word' id='word_1_29' title='bbox 399 676 536 737; x_wconf 90' lang='lat' dir='ltr'><strong>mihi</strong></span> <span class='ocrx_word' id='word_1_30' title='bbox 560 676 696 737; x_wconf 81' lang='lat' dir='ltr'><strong>fiet?</strong></span> <span class='ocrx_word' id='word_1_31' title='bbox 722 676 798 736; x_wconf 91' lang='lat' dir='ltr'><strong>ait</strong></span> <span class='ocrx_word' id='word_1_32' title='bbox 823 701 835 736; x_wconf 91' lang='lat'>:</span> <span class='ocrx_word' id='word_1_33' title='bbox 862 691 1172 737; x_wconf 90' lang='lat' dir='ltr'><strong>sonuerunt</strong></span> <span class='ocrx_word' id='word_1_34' title='bbox 1194 676 1443 759; x_wconf 82' lang='lat' dir='ltr'><strong>cymbala</strong></span> <span class='ocrx_word' id='word_1_35' title='bbox 1475 692 1595 736; x_wconf 90' lang='lat' dir='ltr'><strong>toto</strong></span> 
     </span>
     <span class='ocr_line' id='line_1_7' title="bbox 295 775 1536 862; baseline 0 -24"><span class='ocrx_word' id='word_1_36' title='bbox 295 778 510 851; x_wconf 86' lang='lat' dir='ltr'><strong>Litore,</strong></span> <span class='ocrx_word' id='word_1_37' title='bbox 540 792 595 839; x_wconf 91' lang='lat' dir='ltr'><strong>et</strong></span> <span class='ocrx_word' id='word_1_38' title='bbox 620 779 858 839; x_wconf 89' lang='lat' dir='ltr'><strong>attonita</strong></span> <span class='ocrx_word' id='word_1_39' title='bbox 881 794 1139 862; x_wconf 86' lang='lat' dir='ltr'><strong>tympana</strong></span> <span class='ocrx_word' id='word_1_40' title='bbox 1167 775 1328 861; x_wconf 88' lang='lat' dir='ltr'><strong>pulsa</strong></span> <span class='ocrx_word' id='word_1_41' title='bbox 1353 801 1536 838; x_wconf 90' lang='lat' dir='ltr'><strong>manu.</strong></span> 
     </span>
    </p>
   </div>
   <div class='ocr_carea' id='block_1_5' title="bbox 216 879 1625 964">
    <p class='ocr_par' dir='ltr' id='par_1_5' title="bbox 216 879 1625 964">
     <span class='ocr_line' id='line_1_8' title="bbox 216 879 1625 964; baseline 0.001 -24"><span class='ocrx_word' id='word_1_42' title='bbox 216 879 438 941; x_wconf 86' lang='lat' dir='ltr'><strong>Excidit</strong></span> <span class='ocrx_word' id='word_1_43' title='bbox 464 879 559 941; x_wconf 86' lang='lat' dir='ltr'><strong>illa</strong></span> <span class='ocrx_word' id='word_1_44' title='bbox 583 895 735 942; x_wconf 92' lang='lat' dir='ltr'><strong>metu</strong></span> <span class='ocrx_word' id='word_1_45' title='bbox 753 927 768 954; x_wconf 92' lang='lat'><strong>,</strong></span> <span class='ocrx_word' id='word_1_46' title='bbox 800 881 1063 964; x_wconf 87' lang='lat' dir='ltr'><strong>rupitque</strong></span> <span class='ocrx_word' id='word_1_47' title='bbox 1093 880 1393 941; x_wconf 83' lang='lat' dir='ltr'><strong>novissima</strong></span> <span class='ocrx_word' id='word_1_48' title='bbox 1421 881 1588 942; x_wconf 85' lang='lat' dir='ltr'><strong>verba</strong></span> <span class='ocrx_word' id='word_1_49' title='bbox 1611 905 1625 941; x_wconf 76' lang='grc' dir='ltr'><strong>ε</strong></span> 
     </span>
    </p>
   </div>
   <div class='ocr_carea' id='block_1_6' title="bbox 295 983 1532 1069">
    <p class='ocr_par' dir='ltr' id='par_1_6' title="bbox 295 983 1532 1069">
     <span class='ocr_line' id='line_1_9' title="bbox 295 983 1532 1069; baseline -0.001 -24"><span class='ocrx_word' id='word_1_50' title='bbox 295 983 498 1046; x_wconf 91' lang='lat' dir='ltr'><strong>Nullus</strong></span> <span class='ocrx_word' id='word_1_51' title='bbox 524 985 585 1045; x_wconf 90' lang='lat' dir='ltr'><strong>in</strong></span> <span class='ocrx_word' id='word_1_52' title='bbox 613 986 850 1046; x_wconf 83' lang='lat' dir='ltr'><strong>exanimi</strong></span> <span class='ocrx_word' id='word_1_53' title='bbox 883 1008 1117 1069; x_wconf 88' lang='lat' dir='ltr'><strong>corpore</strong></span> <span class='ocrx_word' id='word_1_54' title='bbox 1148 984 1373 1063; x_wconf 85' lang='lat' dir='ltr'><strong>sanguis</strong></span> <span class='ocrx_word' id='word_1_55' title='bbox 1401 999 1532 1045; x_wconf 88' lang='lat' dir='ltr'><strong>erat.</strong></span> 
     </span>
    </p>
   </div>
   <div class='ocr_carea' id='block_1_7' title="bbox 1917 1003 1998 1060">
    <p class='ocr_par' dir='ltr' id='par_1_7' title="bbox 1917 1003 1998 1060">
     <span class='ocr_line' id='line_1_10' title="bbox 1917 1003 1998 1060; baseline 0 -14"><span class='ocrx_word' id='word_1_56' title='bbox 1917 1003 1998 1060; x_wconf 68' lang='lat'><strong>540</strong></span> 
     </span>
    </p>
   </div>
   <div class='ocr_carea' id='block_1_8' title="bbox 216 1086 1965 1688">
    <p class='ocr_par' dir='ltr' id='par_1_8' title="bbox 216 1086 1601 1276">
     <span class='ocr_line' id='line_1_11' title="bbox 216 1086 1601 1172; baseline 0 -25"><span class='ocrx_word' id='word_1_57' title='bbox 216 1087 358 1148; x_wconf 89' lang='lat' dir='ltr'><strong>Ecce</strong></span> <span class='ocrx_word' id='word_1_58' title='bbox 387 1086 824 1161; x_wconf 81' lang='lat' dir='ltr'><strong>MimallonideS‚</strong></span> <span class='ocrx_word' id='word_1_59' title='bbox 857 1088 1062 1172; x_wconf 85' lang='lat' dir='ltr'><strong>sparsis</strong></span> <span class='ocrx_word' id='word_1_60' title='bbox 1091 1087 1150 1148; x_wconf 92' lang='lat' dir='ltr'><strong>in</strong></span> <span class='ocrx_word' id='word_1_61' title='bbox 1176 1102 1327 1167; x_wconf 87' lang='lat' dir='ltr'><strong>terga</strong></span> <span class='ocrx_word' id='word_1_62' title='bbox 1353 1086 1601 1172; x_wconf 89' lang='lat' dir='ltr'><strong>capillis;</strong></span> 
     </span>
     <span class='ocr_line' id='line_1_12' title="bbox 296 1191 1438 1276; baseline 0 -24"><span class='ocrx_word' id='word_1_63' title='bbox 296 1193 437 1252; x_wconf 88' lang='lat' dir='ltr'><strong>Ecce</strong></span> <span class='ocrx_word' id='word_1_64' title='bbox 466 1191 610 1253; x_wconf 90' lang='lat' dir='ltr'><strong>leves</strong></span> <span class='ocrx_word' id='word_1_65' title='bbox 635 1192 815 1276; x_wconf 81' lang='lat' dir='ltr'><strong>Satyri</strong></span> <span class='ocrx_word' id='word_1_66' title='bbox 832 1239 847 1266; x_wconf 96' lang='lat'><strong>,</strong></span> <span class='ocrx_word' id='word_1_67' title='bbox 877 1192 1078 1276; x_wconf 87' lang='lat' dir='ltr'><strong>praevia</strong></span> <span class='ocrx_word' id='word_1_68' title='bbox 1104 1192 1269 1268; x_wconf 89' lang='lat' dir='ltr'><strong>turba</strong></span> <span class='ocrx_word' id='word_1_69' title='bbox 1297 1191 1402 1253; x_wconf 83' lang='lat' dir='ltr'><strong>Dei</strong></span> <span class='ocrx_word' id='word_1_70' title='bbox 1425 1217 1438 1264; x_wconf 90' lang='lat'><strong>;</strong></span> 
     </span>
    </p>

    <p class='ocr_par' dir='ltr' id='par_1_9' title="bbox 217 1293 1572 1482">
     <span class='ocr_line' id='line_1_13' title="bbox 217 1293 1462 1380; baseline -0.002 -24"><span class='ocrx_word' id='word_1_71' title='bbox 217 1294 425 1356; x_wconf 91' lang='lat' dir='ltr'><strong>Ebrius</strong></span> <span class='ocrx_word' id='word_1_72' title='bbox 455 1318 575 1355; x_wconf 91' lang='lat' dir='ltr'><strong>ecce</strong></span> <span class='ocrx_word' id='word_1_73' title='bbox 607 1318 770 1357; x_wconf 85' lang='lat' dir='ltr'>senex</span> <span class='ocrx_word' id='word_1_74' title='bbox 798 1295 984 1380; x_wconf 90' lang='lat' dir='ltr'><strong>pando</strong></span> <span class='ocrx_word' id='word_1_75' title='bbox 1014 1294 1235 1357; x_wconf 90' lang='lat' dir='ltr'><strong>Silenus</strong></span> <span class='ocrx_word' id='word_1_76' title='bbox 1265 1293 1462 1366; x_wconf 90' lang='lat' dir='ltr'><strong>asello,</strong></span> 
     </span>
     <span class='ocr_line' id='line_1_14' title="bbox 298 1396 1572 1482; baseline 0.001 -26"><span class='ocrx_word' id='word_1_77' title='bbox 298 1396 407 1457; x_wconf 86' lang='lat' dir='ltr'><strong>Vix</strong></span> <span class='ocrx_word' id='word_1_78' title='bbox 431 1397 615 1470; x_wconf 90' lang='lat' dir='ltr'><strong>sedet;</strong></span> <span class='ocrx_word' id='word_1_79' title='bbox 647 1412 702 1459; x_wconf 92' lang='lat' dir='ltr'><strong>et</strong></span> <span class='ocrx_word' id='word_1_80' title='bbox 727 1422 944 1482; x_wconf 88' lang='lat' dir='ltr'><strong>pressas</strong></span> <span class='ocrx_word' id='word_1_81' title='bbox 975 1398 1227 1459; x_wconf 88' lang='lat' dir='ltr'><strong>continet</strong></span> <span class='ocrx_word' id='word_1_82' title='bbox 1255 1412 1368 1459; x_wconf 86' lang='lat' dir='ltr'><strong>arte</strong></span> <span class='ocrx_word' id='word_1_83' title='bbox 1394 1396 1572 1480; x_wconf 87' lang='lat' dir='ltr'><strong>jubas.</strong></span> 
     </span>
    </p>

    <p class='ocr_par' dir='ltr' id='par_1_10' title="bbox 219 1500 1995 1688">
     <span class='ocr_line' id='line_1_15' title="bbox 219 1500 1965 1584; baseline 0.001 -25"><span class='ocrx_word' id='word_1_84' title='bbox 219 1500 370 1560; x_wconf 90' lang='lat' dir='ltr'><strong>Dum</strong></span> <span class='ocrx_word' id='word_1_85' title='bbox 388 1501 639 1583; x_wconf 88' lang='lat' dir='ltr'><strong>sequitur</strong></span> <span class='ocrx_word' id='word_1_86' title='bbox 654 1501 898 1563; x_wconf 81' lang='lat' dir='ltr'><strong>Bacchas</strong></span> <span class='ocrx_word' id='word_1_87' title='bbox 916 1548 931 1574; x_wconf 90' lang='lat'><strong>,</strong></span> <span class='ocrx_word' id='word_1_88' title='bbox 957 1500 1185 1563; x_wconf 86' lang='lat' dir='ltr'><strong>Bacchae</strong></span> <span class='ocrx_word' id='word_1_89' title='bbox 1204 1500 1537 1584; x_wconf 86' lang='lat' dir='ltr'><strong>fugiuntque</strong></span> <span class='ocrx_word' id='word_1_90' title='bbox 1556 1513 1891 1583; x_wconf 88' lang='lat' dir='ltr'><strong>petuntque;</strong></span> <span class='ocrx_word' id='word_1_91' title='bbox 1916 1518 1995 1574; x_wconf 75' lang='grc' dir='ltr'>ῑ,4,</span> 
     </span>
     <span class='ocr_line' id='line_1_16' title="bbox 300 1602 1724 1688; baseline 0 -25"><span class='ocrx_word' id='word_1_92' title='bbox 300 1603 732 1688; x_wconf 82' lang='lat' dir='ltr'><strong>Quadrupedem</strong></span> <span class='ocrx_word' id='word_1_93' title='bbox 759 1603 935 1665; x_wconf 89' lang='lat' dir='ltr'><strong>ferula</strong></span> <span class='ocrx_word' id='word_1_94' title='bbox 963 1604 1095 1665; x_wconf 91' lang='lat' dir='ltr'><strong>dum</strong></span> <span class='ocrx_word' id='word_1_95' title='bbox 1121 1602 1299 1666; x_wconf 87' lang='lat' dir='ltr'><strong>malus</strong></span> <span class='ocrx_word' id='word_1_96' title='bbox 1327 1618 1490 1683; x_wconf 83' lang='lat' dir='ltr'><strong>urget</strong></span> <span class='ocrx_word' id='word_1_97' title='bbox 1519 1627 1724 1687; x_wconf 90' lang='lat' dir='ltr'><strong>eques;</strong></span> 
     </span>
    </p>
   </div>
   <div class='ocr_carea' id='block_1_9' title="bbox 218 1784 1076 3195">
    <p class='ocr_par' dir='ltr' id='par_1_11' title="bbox 218 1784 1074 2482">
     <span class='ocr_line' id='line_1_17' title="bbox 261 1784 1066 1845; baseline 0.004 -18"><span class='ocrx_word' id='word_1_98' title='bbox 261 1784 354 1842; x_wconf 81' lang='lat'>537.</span> <span class='ocrx_word' id='word_1_99' title='bbox 364 1784 597 1828; x_wconf 80' lang='lat' dir='ltr'><strong>Sonuerunt</strong></span> <span class='ocrx_word' id='word_1_100' title='bbox 609 1787 803 1845; x_wconf 82' lang='lat' dir='ltr'><strong>cymbala</strong></span> <span class='ocrx_word' id='word_1_101' title='bbox 816 1791 902 1830; x_wconf 72' lang='lat' dir='ltr'><strong>tolo</strong></span> <span class='ocrx_word' id='word_1_102' title='bbox 912 1786 1066 1830; x_wconf 64' lang='lat' dir='ltr'><strong>Lucre.</strong></span> 
     </span>
     <span class='ocr_line' id='line_1_18' title="bbox 223 1847 1063 1905; baseline 0.004 -14"><span class='ocrx_word' id='word_1_103' title='bbox 223 1847 339 1905; x_wconf 82' lang='lat' dir='ltr'><strong>Quae</strong></span> <span class='ocrx_word' id='word_1_104' title='bbox 358 1865 449 1892; x_wconf 87' lang='lat' dir='ltr'><strong>sese</strong></span> <span class='ocrx_word' id='word_1_105' title='bbox 464 1850 676 1894; x_wconf 77' lang='lat' dir='ltr'><strong>offerebat</strong></span> <span class='ocrx_word' id='word_1_106' title='bbox 686 1851 959 1895; x_wconf 87' lang='lat' dir='ltr'><strong>occasionem</strong></span> <span class='ocrx_word' id='word_1_107' title='bbox 973 1867 1063 1894; x_wconf 89' lang='lat' dir='ltr'><strong>non</strong></span> 
     </span>
     <span class='ocr_line' id='line_1_19' title="bbox 218 1914 1068 1971; baseline 0.004 -14"><span class='ocrx_word' id='word_1_108' title='bbox 218 1914 572 1971; x_wconf 77' lang='lat' dir='ltr'><strong>proetermisimus</strong></span> <span class='ocrx_word' id='word_1_109' title='bbox 590 1915 813 1959; x_wconf 90' lang='lat' dir='ltr'><strong>Catullum</strong></span> <span class='ocrx_word' id='word_1_110' title='bbox 833 1932 935 1960; x_wconf 89' lang='lat' dir='ltr'><strong>cum</strong></span> <span class='ocrx_word' id='word_1_111' title='bbox 956 1917 1068 1960; x_wconf 87' lang='lat' dir='ltr'><strong>Nos-</strong></span> 
     </span>
     <span class='ocr_line' id='line_1_20' title="bbox 220 1979 1068 2040; baseline 0.006 -18"><span class='ocrx_word' id='word_1_112' title='bbox 220 1987 291 2022; x_wconf 83' lang='lat' dir='ltr'><strong>tro</strong></span> <span class='ocrx_word' id='word_1_113' title='bbox 307 1979 563 2023; x_wconf 84' lang='lat' dir='ltr'><strong>conserendi</strong></span> <span class='ocrx_word' id='word_1_114' title='bbox 581 2013 593 2035; x_wconf 88' lang='lat'><strong>,</strong></span> <span class='ocrx_word' id='word_1_115' title='bbox 615 1981 661 2024; x_wconf 88' lang='lat' dir='ltr'><strong>in</strong></span> <span class='ocrx_word' id='word_1_116' title='bbox 682 1980 818 2039; x_wconf 84' lang='lat' dir='ltr'><strong>Epist.</strong></span> <span class='ocrx_word' id='word_1_117' title='bbox 840 1996 951 2038; x_wconf 87' lang='lat' dir='ltr'><strong>xm,</strong></span> <span class='ocrx_word' id='word_1_118' title='bbox 970 1998 1068 2040; x_wconf 78' lang='lat' dir='ltr'><strong>quae</strong></span> 
     </span>
     <span class='ocr_line' id='line_1_21' title="bbox 219 2043 1069 2092; baseline 0.005 -4"><span class='ocrx_word' id='word_1_119' title='bbox 219 2052 286 2089; x_wconf 88' lang='lat' dir='ltr'><strong>est</strong></span> <span class='ocrx_word' id='word_1_120' title='bbox 300 2043 515 2089; x_wconf 79' lang='lat' dir='ltr'><strong>Ariadnes</strong></span> <span class='ocrx_word' id='word_1_121' title='bbox 530 2045 583 2089; x_wconf 87' lang='lat' dir='ltr'><strong>ad</strong></span> <span class='ocrx_word' id='word_1_122' title='bbox 604 2045 840 2091; x_wconf 88' lang='lat' dir='ltr'><strong>Theseum.</strong></span> <span class='ocrx_word' id='word_1_123' title='bbox 860 2048 970 2092; x_wconf 86' lang='lat' dir='ltr'><strong>Ecce</strong></span> <span class='ocrx_word' id='word_1_124' title='bbox 988 2049 1069 2092; x_wconf 90' lang='lat' dir='ltr'><strong>ite-</strong></span> 
     </span>
     <span class='ocr_line' id='line_1_22' title="bbox 219 2110 1070 2167; baseline 0.002 -13"><span class='ocrx_word' id='word_1_125' title='bbox 219 2127 323 2155; x_wconf 81' lang='lat' dir='ltr'><strong>rum</strong></span> <span class='ocrx_word' id='word_1_126' title='bbox 341 2110 467 2155; x_wconf 86' lang='lat' dir='ltr'><strong>nobis</strong></span> <span class='ocrx_word' id='word_1_127' title='bbox 487 2110 607 2155; x_wconf 83' lang='lat' dir='ltr'><strong>adest</strong></span> <span class='ocrx_word' id='word_1_128' title='bbox 622 2112 871 2157; x_wconf 83' lang='lat' dir='ltr'><strong>excitandus</strong></span> <span class='ocrx_word' id='word_1_129' title='bbox 882 2146 894 2167; x_wconf 93' lang='lat'><strong><em>‚</em></strong></span> <span class='ocrx_word' id='word_1_130' title='bbox 906 2114 953 2165; x_wconf 86' lang='lat' dir='ltr'><strong>in</strong></span> <span class='ocrx_word' id='word_1_131' title='bbox 970 2110 1070 2156; x_wconf 86' lang='lat' dir='ltr'><strong>des-</strong></span> 
     </span>
     <span class='ocr_line' id='line_1_23' title="bbox 220 2175 1070 2235; baseline 0.002 -14"><span class='ocrx_word' id='word_1_132' title='bbox 220 2175 437 2221; x_wconf 85' lang='lat' dir='ltr'><strong>cribendis</strong></span> <span class='ocrx_word' id='word_1_133' title='bbox 457 2175 821 2232; x_wconf 84' lang='lat' dir='ltr'><strong>Bacchanalibus,</strong></span> <span class='ocrx_word' id='word_1_134' title='bbox 840 2194 937 2235; x_wconf 82' lang='lat' dir='ltr'><strong>quae</strong></span> <span class='ocrx_word' id='word_1_135' title='bbox 951 2179 1070 2223; x_wconf 89' lang='lat' dir='ltr'><strong>Naso</strong></span> 
     </span>
     <span class='ocr_line' id='line_1_24' title="bbox 223 2239 1067 2299; baseline 0.002 -15"><span class='ocrx_word' id='word_1_136' title='bbox 223 2256 316 2284; x_wconf 88' lang='lat' dir='ltr'><strong>non</strong></span> <span class='ocrx_word' id='word_1_137' title='bbox 337 2240 494 2298; x_wconf 82' lang='lat' dir='ltr'><strong>impari</strong></span> <span class='ocrx_word' id='word_1_138' title='bbox 512 2239 712 2284; x_wconf 80' lang='lat' dir='ltr'><strong>felicitate</strong></span> <span class='ocrx_word' id='word_1_139' title='bbox 733 2241 780 2284; x_wconf 89' lang='lat' dir='ltr'><strong>in</strong></span> <span class='ocrx_word' id='word_1_140' title='bbox 801 2257 910 2299; x_wconf 89' lang='lat' dir='ltr'><strong>opus</strong></span> <span class='ocrx_word' id='word_1_141' title='bbox 923 2259 1067 2298; x_wconf 88' lang='lat' dir='ltr'><strong>suum,</strong></span> 
     </span>
     <span class='ocr_line' id='line_1_25' title="bbox 225 2304 1073 2364; baseline 0.001 -14"><span class='ocrx_word' id='word_1_142' title='bbox 225 2323 250 2350; x_wconf 80' lang='lat' dir='ltr'><strong>e</strong></span> <span class='ocrx_word' id='word_1_143' title='bbox 271 2305 556 2350; x_wconf 88' lang='lat' dir='ltr'><strong>celeberrimo</strong></span> <span class='ocrx_word' id='word_1_144' title='bbox 577 2304 630 2349; x_wconf 87' lang='lat' dir='ltr'><strong>de</strong></span> <span class='ocrx_word' id='word_1_145' title='bbox 646 2306 818 2364; x_wconf 86' lang='lat' dir='ltr'><strong>Nuptiis</strong></span> <span class='ocrx_word' id='word_1_146' title='bbox 839 2307 960 2351; x_wconf 88' lang='lat' dir='ltr'><strong>Pelei</strong></span> <span class='ocrx_word' id='word_1_147' title='bbox 975 2323 1073 2351; x_wconf 85' lang='lat' dir='ltr'><strong>car-</strong></span> 
     </span>
     <span class='ocr_line' id='line_1_26' title="bbox 225 2371 1074 2431; baseline 0.002 -16"><span class='ocrx_word' id='word_1_148' title='bbox 225 2371 345 2415; x_wconf 85' lang='lat' dir='ltr'><strong>mine</strong></span> <span class='ocrx_word' id='word_1_149' title='bbox 361 2405 374 2426; x_wconf 94' lang='lat'><strong>,</strong></span> <span class='ocrx_word' id='word_1_150' title='bbox 392 2374 469 2415; x_wconf 79' lang='lat'><strong>252</strong></span> <span class='ocrx_word' id='word_1_151' title='bbox 484 2388 576 2430; x_wconf 87' lang='lat' dir='ltr'><strong>sqq.</strong></span> <span class='ocrx_word' id='word_1_152' title='bbox 597 2373 817 2416; x_wconf 81' lang='lat' dir='ltr'><strong>transtulit</strong></span> <span class='ocrx_word' id='word_1_153' title='bbox 833 2391 844 2427; x_wconf 86' lang='lat'>;</span> <span class='ocrx_word' id='word_1_154' title='bbox 866 2374 925 2417; x_wconf 89' lang='lat' dir='ltr'><strong>sic</strong></span> <span class='ocrx_word' id='word_1_155' title='bbox 942 2375 1074 2431; x_wconf 86' lang='lat' dir='ltr'><strong>igitur</strong></span> 
     </span>
     <span class='ocr_line' id='line_1_27' title="bbox 230 2436 457 2482; baseline 0.009 -2"><span class='ocrx_word' id='word_1_156' title='bbox 230 2436 429 2481; x_wconf 85' lang='lat' dir='ltr'><strong>Catullus</strong></span> <span class='ocrx_word' id='word_1_157' title='bbox 446 2454 457 2482; x_wconf 89' lang='lat'>:</span> 
     </span>
    </p>

    <p class='ocr_par' dir='ltr' id='par_1_12' title="bbox 226 2519 1076 3195">
     <span class='ocr_line' id='line_1_28' title="bbox 227 2519 987 2563; baseline 0 -12"><span class='ocrx_word' id='word_1_158' title='bbox 227 2520 274 2554; x_wconf 67' lang='lat' dir='ltr'><strong>At</strong></span> <span class='ocrx_word' id='word_1_159' title='bbox 290 2526 380 2562; x_wconf 73' lang='lat' dir='ltr'><strong>parte</strong></span> <span class='ocrx_word' id='word_1_160' title='bbox 392 2531 433 2552; x_wconf 83' lang='lat' dir='ltr'><strong>ex</strong></span> <span class='ocrx_word' id='word_1_161' title='bbox 446 2521 510 2552; x_wconf 70' lang='lat' dir='ltr'><strong>alia</strong></span> <span class='ocrx_word' id='word_1_162' title='bbox 521 2519 638 2552; x_wconf 69' lang='lat' dir='ltr'><strong>florens</strong></span> <span class='ocrx_word' id='word_1_163' title='bbox 653 2520 809 2553; x_wconf 71' lang='lat' dir='ltr'><strong>volitabat</strong></span> <span class='ocrx_word' id='word_1_164' title='bbox 823 2521 959 2552; x_wconf 75' lang='lat' dir='ltr'><strong>Iacchus</strong></span> <span class='ocrx_word' id='word_1_165' title='bbox 974 2546 987 2563; x_wconf 87' lang='lat'><strong>,</strong></span> 
     </span>
     <span class='ocr_line' id='line_1_29' title="bbox 226 2582 1052 2626; baseline -0.004 -10"><span class='ocrx_word' id='word_1_166' title='bbox 226 2584 309 2616; x_wconf 81' lang='lat' dir='ltr'><strong>Cum</strong></span> <span class='ocrx_word' id='word_1_167' title='bbox 324 2582 429 2614; x_wconf 73' lang='lat' dir='ltr'><strong>thiaso</strong></span> <span class='ocrx_word' id='word_1_168' title='bbox 444 2585 654 2626; x_wconf 73' lang='lat' dir='ltr'><strong>Satyrorum,</strong></span> <span class='ocrx_word' id='word_1_169' title='bbox 674 2590 706 2614; x_wconf 74' lang='lat' dir='ltr'><strong>et</strong></span> <span class='ocrx_word' id='word_1_170' title='bbox 722 2582 900 2625; x_wconf 76' lang='lat' dir='ltr'><strong>Nysigenis</strong></span> <span class='ocrx_word' id='word_1_171' title='bbox 918 2583 1052 2622; x_wconf 67' lang='lat' dir='ltr'><strong>suenio,</strong></span> 
     </span>
     <span class='ocr_line' id='line_1_30' title="bbox 227 2646 1072 2689; baseline 0.001 -11"><span class='ocrx_word' id='word_1_172' title='bbox 227 2647 276 2679; x_wconf 70' lang='lat' dir='ltr'><strong>&#39;re</strong></span> <span class='ocrx_word' id='word_1_173' title='bbox 287 2657 434 2689; x_wconf 67' lang='lat' dir='ltr'><strong>quarens</strong></span> <span class='ocrx_word' id='word_1_174' title='bbox 441 2670 452 2686; x_wconf 92' lang='lat'><em>‚</em></span> <span class='ocrx_word' id='word_1_175' title='bbox 466 2646 613 2678; x_wconf 65' lang='lat' dir='ltr'><strong>Ariadna</strong></span> <span class='ocrx_word' id='word_1_176' title='bbox 622 2670 632 2685; x_wconf 91' lang='lat'><strong>,</strong></span> <span class='ocrx_word' id='word_1_177' title='bbox 648 2653 770 2689; x_wconf 81' lang='lat' dir='ltr'><strong>tuoque</strong></span> <span class='ocrx_word' id='word_1_178' title='bbox 782 2647 932 2678; x_wconf 83' lang='lat' dir='ltr'><strong>incensus</strong></span> <span class='ocrx_word' id='word_1_179' title='bbox 943 2657 1050 2679; x_wconf 78' lang='lat' dir='ltr'><strong>umore</strong></span> <span class='ocrx_word' id='word_1_180' title='bbox 1065 2659 1072 2679; x_wconf 74' lang='grc' dir='ltr'>ε</span> 
     </span>
     <span class='ocr_line' id='line_1_31' title="bbox 227 2707 1076 2751; baseline 0 -11"><span class='ocrx_word' id='word_1_181' title='bbox 227 2708 295 2750; x_wconf 84' lang='lat' dir='ltr'><strong>Qui</strong></span> <span class='ocrx_word' id='word_1_182' title='bbox 311 2715 383 2740; x_wconf 80' lang='lat' dir='ltr'><strong>tum</strong></span> <span class='ocrx_word' id='word_1_183' title='bbox 399 2707 521 2740; x_wconf 62' lang='lat' dir='ltr'><strong>alacre·</strong></span> <span class='ocrx_word' id='word_1_184' title='bbox 541 2709 661 2749; x_wconf 72' lang='lat' dir='ltr'><strong>passim</strong></span> <span class='ocrx_word' id='word_1_185' title='bbox 683 2707 851 2751; x_wconf 71' lang='lat' dir='ltr'><strong>lymphata</strong></span> <span class='ocrx_word' id='word_1_186' title='bbox 879 2715 987 2740; x_wconf 82' lang='lat' dir='ltr'><strong>mente</strong></span> <span class='ocrx_word' id='word_1_187' title='bbox 1012 2709 1076 2740; x_wconf 77' lang='lat' dir='ltr'><strong>su-</strong></span> 
     </span>
     <span class='ocr_line' id='line_1_32' title="bbox 303 2770 471 2813; baseline 0 -9"><span class='ocrx_word' id='word_1_188' title='bbox 303 2796 306 2800; x_wconf 79' lang='lat'><strong>.</strong></span> <span class='ocrx_word' id='word_1_189' title='bbox 331 2770 445 2804; x_wconf 73' lang='lat' dir='ltr'><strong>reb-ut</strong></span> <span class='ocrx_word' id='word_1_190' title='bbox 458 2795 471 2813; x_wconf 92' lang='lat'><strong>,</strong></span> 
     </span>
     <span class='ocr_line' id='line_1_33' title="bbox 228 2834 997 2878; baseline -0.004 -10"><span class='ocrx_word' id='word_1_191' title='bbox 228 2836 319 2868; x_wconf 65' lang='lat' dir='ltr'><strong>tvos</strong></span> <span class='ocrx_word' id='word_1_192' title='bbox 333 2835 530 2871; x_wconf 63' lang='lat' dir='ltr'><strong>Bacchantes</strong></span> <span class='ocrx_word' id='word_1_193' title='bbox 547 2847 627 2868; x_wconf 76' lang='lat' dir='ltr'><strong>evoe</strong></span> <span class='ocrx_word' id='word_1_194' title='bbox 636 2860 646 2876; x_wconf 92' lang='lat'>‚</span> <span class='ocrx_word' id='word_1_195' title='bbox 665 2836 771 2878; x_wconf 72' lang='lat' dir='ltr'><strong>capita</strong></span> <span class='ocrx_word' id='word_1_196' title='bbox 785 2834 997 2867; x_wconf 78' lang='lat' dir='ltr'><strong>inflectentes.</strong></span> 
     </span>
     <span class='ocr_line' id='line_1_34' title="bbox 229 2896 1063 2941; baseline -0.004 -11"><span class='ocrx_word' id='word_1_197' title='bbox 229 2898 358 2930; x_wconf 75' lang='lat' dir='ltr'><strong>Horum</strong></span> <span class='ocrx_word' id='word_1_198' title='bbox 371 2907 446 2939; x_wconf 72' lang='lat' dir='ltr'><strong>pars</strong></span> <span class='ocrx_word' id='word_1_199' title='bbox 461 2903 544 2929; x_wconf 68' lang='lat' dir='ltr'><strong>tecta</strong></span> <span class='ocrx_word' id='word_1_200' title='bbox 560 2898 746 2941; x_wconf 71' lang='lat' dir='ltr'><strong>quatiebant</strong></span> <span class='ocrx_word' id='word_1_201' title='bbox 760 2897 896 2939; x_wconf 81' lang='lat' dir='ltr'><strong>cuspide</strong></span> <span class='ocrx_word' id='word_1_202' title='bbox 910 2896 1040 2940; x_wconf 79' lang='lat' dir='ltr'><strong>thyrsos</strong></span> <span class='ocrx_word' id='word_1_203' title='bbox 1054 2908 1063 2938; x_wconf 86' lang='lat'>;</span> 
     </span>
     <span class='ocr_line' id='line_1_35' title="bbox 228 2964 1011 3007; baseline 0 -11"><span class='ocrx_word' id='word_1_204' title='bbox 228 2964 308 2996; x_wconf 71' lang='lat' dir='ltr'><strong>rm</strong></span> <span class='ocrx_word' id='word_1_205' title='bbox 323 2974 342 2995; x_wconf 79' lang='lat' dir='ltr'><strong>e</strong></span> <span class='ocrx_word' id='word_1_206' title='bbox 357 2964 487 2998; x_wconf 74' lang='lat' dir='ltr'><strong>divulso</strong></span> <span class='ocrx_word' id='word_1_207' title='bbox 502 2965 671 3007; x_wconf 73' lang='lat' dir='ltr'><strong>rapt-bant</strong></span> <span class='ocrx_word' id='word_1_208' title='bbox 689 2965 833 2997; x_wconf 70' lang='lat' dir='ltr'><strong>membru</strong></span> <span class='ocrx_word' id='word_1_209' title='bbox 850 2967 988 3007; x_wconf 74' lang='lat' dir='ltr'><strong>juvenco</strong></span> <span class='ocrx_word' id='word_1_210' title='bbox 1001 2976 1011 3006; x_wconf 66' lang='grc' dir='ltr'><strong><em>ς</em></strong></span> 
     </span>
     <span class='ocr_line' id='line_1_36' title="bbox 230 3025 956 3068; baseline 0.001 -11"><span class='ocrx_word' id='word_1_211' title='bbox 230 3025 308 3057; x_wconf 71' lang='lat' dir='ltr'><strong>Pan</strong></span> <span class='ocrx_word' id='word_1_212' title='bbox 322 3035 389 3057; x_wconf 69' lang='lat' dir='ltr'><strong>sese</strong></span> <span class='ocrx_word' id='word_1_213' title='bbox 402 3026 495 3058; x_wconf 83' lang='lat' dir='ltr'><strong>tortis</strong></span> <span class='ocrx_word' id='word_1_214' title='bbox 513 3026 714 3068; x_wconf 74' lang='lat' dir='ltr'><strong>serpentibus</strong></span> <span class='ocrx_word' id='word_1_215' title='bbox 728 3027 933 3068; x_wconf 75' lang='lat' dir='ltr'><strong>incingebant</strong></span> <span class='ocrx_word' id='word_1_216' title='bbox 945 3050 956 3066; x_wconf 92' lang='lat'>‚</span> 
     </span>
     <span class='ocr_line' id='line_1_37' title="bbox 231 3090 1007 3132; baseline -0.001 -9"><span class='ocrx_word' id='word_1_217' title='bbox 231 3090 311 3123; x_wconf 68' lang='lat' dir='ltr'><strong>Par·</strong></span> <span class='ocrx_word' id='word_1_218' title='bbox 320 3090 458 3123; x_wconf 71' lang='lat' dir='ltr'><strong>obseura</strong></span> <span class='ocrx_word' id='word_1_219' title='bbox 470 3092 560 3123; x_wconf 68' lang='lat' dir='ltr'><strong>cavis</strong></span> <span class='ocrx_word' id='word_1_220' title='bbox 574 3091 781 3123; x_wconf 72' lang='lat' dir='ltr'><strong>celebrabant</strong></span> <span class='ocrx_word' id='word_1_221' title='bbox 794 3092 885 3132; x_wconf 74' lang='lat' dir='ltr'><strong>orgia</strong></span> <span class='ocrx_word' id='word_1_222' title='bbox 895 3092 987 3122; x_wconf 79' lang='lat' dir='ltr'><strong>cistis</strong></span> <span class='ocrx_word' id='word_1_223' title='bbox 995 3115 1007 3130; x_wconf 89' lang='lat'><strong>,</strong></span> 
     </span>
     <span class='ocr_line' id='line_1_38' title="bbox 231 3151 1063 3195; baseline 0 -11"><span class='ocrx_word' id='word_1_224' title='bbox 231 3151 332 3194; x_wconf 68' lang='lat' dir='ltr'><strong>Orgi-</strong></span> <span class='ocrx_word' id='word_1_225' title='bbox 348 3163 420 3194; x_wconf 65' lang='lat' dir='ltr'><strong>qun</strong></span> <span class='ocrx_word' id='word_1_226' title='bbox 434 3151 555 3183; x_wconf 71' lang='lat' dir='ltr'><strong>frustr-</strong></span> <span class='ocrx_word' id='word_1_227' title='bbox 569 3153 706 3195; x_wconf 76' lang='lat' dir='ltr'><strong>eupiunt</strong></span> <span class='ocrx_word' id='word_1_228' title='bbox 722 3154 834 3184; x_wconf 73' lang='lat' dir='ltr'><strong>audire</strong></span> <span class='ocrx_word' id='word_1_229' title='bbox 847 3152 986 3194; x_wconf 72' lang='lat' dir='ltr'><strong>profani.</strong></span> <span class='ocrx_word' id='word_1_230' title='bbox 1000 3160 1063 3184; x_wconf 80' lang='lat' dir='ltr'><strong>etc.</strong></span> 
     </span>
    </p>
   </div>
   <div class='ocr_carea' id='block_1_10' title="bbox 234 3217 1081 3467">
    <p class='ocr_par' dir='ltr' id='par_1_13' title="bbox 234 3217 1081 3467">
     <span class='ocr_line' id='line_1_39' title="bbox 290 3217 1080 3276; baseline 0 -15"><span class='ocrx_word' id='word_1_231' title='bbox 290 3217 383 3276; x_wconf 78' lang='grc'>539.</span> <span class='ocrx_word' id='word_1_232' title='bbox 411 3219 589 3262; x_wconf 75' lang='lat' dir='ltr'><strong>Excidit</strong></span> <span class='ocrx_word' id='word_1_233' title='bbox 610 3221 688 3261; x_wconf 79' lang='lat' dir='ltr'><strong>illa</strong></span> <span class='ocrx_word' id='word_1_234' title='bbox 703 3224 812 3262; x_wconf 81' lang='lat' dir='ltr'><strong>metu</strong></span> <span class='ocrx_word' id='word_1_235' title='bbox 831 3225 912 3261; x_wconf 88' lang='lat' dir='ltr'><strong>etc.</strong></span> <span class='ocrx_word' id='word_1_236' title='bbox 933 3218 1080 3261; x_wconf 77' lang='lat' dir='ltr'><strong>Intel-</strong></span> 
     </span>
     <span class='ocr_line' id='line_1_40' title="bbox 234 3278 1079 3338; baseline 0.001 -15"><span class='ocrx_word' id='word_1_237' title='bbox 234 3278 460 3338; x_wconf 85' lang='lat' dir='ltr'><strong>ligendum</strong></span> <span class='ocrx_word' id='word_1_238' title='bbox 474 3291 538 3326; x_wconf 90' lang='lat' dir='ltr'><strong>est</strong></span> <span class='ocrx_word' id='word_1_239' title='bbox 550 3315 561 3336; x_wconf 91' lang='lat'><strong>,</strong></span> <span class='ocrx_word' id='word_1_240' title='bbox 573 3297 777 3326; x_wconf 87' lang='lat' dir='ltr'><strong>sermone</strong></span> <span class='ocrx_word' id='word_1_241' title='bbox 790 3315 802 3336; x_wconf 90' lang='lat'><strong>,</strong></span> <span class='ocrx_word' id='word_1_242' title='bbox 814 3282 902 3325; x_wconf 87' lang='lat' dir='ltr'><strong>sive</strong></span> <span class='ocrx_word' id='word_1_243' title='bbox 917 3282 1079 3325; x_wconf 83' lang='lat' dir='ltr'><strong>verbis:</strong></span> 
     </span>
     <span class='ocr_line' id='line_1_41' title="bbox 234 3343 1080 3403; baseline 0 -14"><span class='ocrx_word' id='word_1_244' title='bbox 234 3343 319 3389; x_wconf 89' lang='lat' dir='ltr'><strong>hoc</strong></span> <span class='ocrx_word' id='word_1_245' title='bbox 337 3354 401 3389; x_wconf 91' lang='lat' dir='ltr'><strong>est</strong></span> <span class='ocrx_word' id='word_1_246' title='bbox 415 3379 427 3401; x_wconf 89' lang='lat'><strong>,</strong></span> <span class='ocrx_word' id='word_1_247' title='bbox 442 3345 567 3389; x_wconf 84' lang='lat' dir='ltr'><strong>desiit</strong></span> <span class='ocrx_word' id='word_1_248' title='bbox 580 3346 699 3403; x_wconf 80' lang='lat' dir='ltr'><strong>loqui</strong></span> <span class='ocrx_word' id='word_1_249' title='bbox 712 3379 724 3400; x_wconf 94' lang='lat'><strong>,</strong></span> <span class='ocrx_word' id='word_1_250' title='bbox 739 3355 784 3389; x_wconf 87' lang='lat' dir='ltr'><strong>et</strong></span> <span class='ocrx_word' id='word_1_251' title='bbox 798 3345 1009 3400; x_wconf 88' lang='lat' dir='ltr'><strong>conqueri</strong></span> <span class='ocrx_word' id='word_1_252' title='bbox 1025 3345 1080 3389; x_wconf 84' lang='lat' dir='ltr'><strong>de</strong></span> 
     </span>
     <span class='ocr_line' id='line_1_42' title="bbox 242 3405 1081 3467; baseline 0.001 -17"><span class='ocrx_word' id='word_1_253' title='bbox 242 3405 413 3453; x_wconf 75' lang='lat' dir='ltr'><strong>Theseo</strong></span> <span class='ocrx_word' id='word_1_254' title='bbox 430 3442 442 3464; x_wconf 92' lang='lat'><strong>,</strong></span> <span class='ocrx_word' id='word_1_255' title='bbox 477 3419 599 3457; x_wconf 79' lang='lat' dir='ltr'><strong>metu</strong></span> <span class='ocrx_word' id='word_1_256' title='bbox 635 3418 848 3467; x_wconf 86' lang='lat' dir='ltr'><strong>correpta.</strong></span> <span class='ocrx_word' id='word_1_257' title='bbox 882 3409 1081 3453; x_wconf 63' lang='lat' dir='ltr'><strong>Minui.</strong></span> 
     </span>
    </p>
   </div>
   <div class='ocr_carea' id='block_1_11' title="bbox 1148 1781 2010 3076">
    <p class='ocr_par' dir='ltr' id='par_1_14' title="bbox 1148 1781 2005 2159">
     <span class='ocr_line' id='line_1_43' title="bbox 1151 1781 2000 1840; baseline -0.002 -13"><span class='ocrx_word' id='word_1_258' title='bbox 1151 1783 1270 1828; x_wconf 87' lang='lat' dir='ltr'><strong>Male</strong></span> <span class='ocrx_word' id='word_1_259' title='bbox 1284 1799 1294 1827; x_wconf 75' lang='grc' dir='ltr'>ε</span> <span class='ocrx_word' id='word_1_260' title='bbox 1307 1782 1361 1827; x_wconf 84' lang='lat' dir='ltr'><strong>de</strong></span> <span class='ocrx_word' id='word_1_261' title='bbox 1377 1791 1527 1827; x_wconf 90' lang='lat' dir='ltr'><strong>mente</strong></span> <span class='ocrx_word' id='word_1_262' title='bbox 1543 1781 2000 1840; x_wconf 85' lang='lat' dir='ltr'><strong>intelligendum.Vid.</strong></span> 
     </span>
     <span class='ocr_line' id='line_1_44' title="bbox 1149 1847 2003 1905; baseline -0.005 -11"><span class='ocrx_word' id='word_1_263' title='bbox 1149 1848 1203 1893; x_wconf 84' lang='lat' dir='ltr'><strong>ad</strong></span> <span class='ocrx_word' id='word_1_264' title='bbox 1226 1848 1412 1894; x_wconf 73' lang='lat' dir='ltr'><strong>Remea.</strong></span> <span class='ocrx_word' id='word_1_265' title='bbox 1425 1848 1519 1903; x_wconf 80' lang='lat'><strong>348.</strong></span> <span class='ocrx_word' id='word_1_266' title='bbox 1539 1847 1799 1905; x_wconf 87' lang='lat' dir='ltr'><strong>Sequentia,</strong></span> <span class='ocrx_word' id='word_1_267' title='bbox 1814 1852 2003 1905; x_wconf 65' lang='lat' dir='ltr'><strong>rupe&#39;tquae·</strong></span> 
     </span>
     <span class='ocr_line' id='line_1_45' title="bbox 1148 1914 1999 1965; baseline -0.002 -8"><span class='ocrx_word' id='word_1_268' title='bbox 1148 1918 1375 1958; x_wconf 62' lang='lat' dir='ltr'><strong>nomsssst&#39;ma</strong></span> <span class='ocrx_word' id='word_1_269' title='bbox 1396 1916 1521 1958; x_wconf 81' lang='lat' dir='ltr'><strong>verba</strong></span> <span class='ocrx_word' id='word_1_270' title='bbox 1535 1948 1545 1965; x_wconf 91' lang='lat'><strong>,</strong></span> <span class='ocrx_word' id='word_1_271' title='bbox 1576 1929 1830 1957; x_wconf 80' lang='lat' dir='ltr'><strong>sermonem</strong></span> <span class='ocrx_word' id='word_1_272' title='bbox 1852 1914 1999 1957; x_wconf 84' lang='lat' dir='ltr'><strong>inter-</strong></span> 
     </span>
     <span class='ocr_line' id='line_1_46' title="bbox 1149 1978 2001 2038; baseline -0.004 -15"><span class='ocrx_word' id='word_1_273' title='bbox 1149 1988 1331 2038; x_wconf 88' lang='lat' dir='ltr'><strong>ruptum</strong></span> <span class='ocrx_word' id='word_1_274' title='bbox 1364 1987 1534 2023; x_wconf 83' lang='lat' dir='ltr'><strong>notant.</strong></span> <span class='ocrx_word' id='word_1_275' title='bbox 1573 1978 1678 2023; x_wconf 78' lang='lat' dir='ltr'><strong>Esse</strong></span> <span class='ocrx_word' id='word_1_276' title='bbox 1709 1978 2001 2022; x_wconf 73' lang='lat' dir='ltr'><strong>imitationem</strong></span> 
     </span>
     <span class='ocr_line' id='line_1_47' title="bbox 1152 2044 2005 2103; baseline -0.004 -14"><span class='ocrx_word' id='word_1_277' title='bbox 1152 2045 1381 2103; x_wconf 83' lang='lat' dir='ltr'><strong>Virgiliani</strong></span> <span class='ocrx_word' id='word_1_278' title='bbox 1411 2044 1531 2088; x_wconf 82' lang='lat' dir='ltr'><strong>istius</strong></span> <span class='ocrx_word' id='word_1_279' title='bbox 1559 2047 1747 2100; x_wconf 56' lang='lat' dir='ltr'><strong>duraque</strong></span> <span class='ocrx_word' id='word_1_280' title='bbox 1778 2048 2005 2087; x_wconf 65' lang='lat' dir='ltr'><strong>novissima</strong></span> 
     </span>
     <span class='ocr_line' id='line_1_48' title="bbox 1151 2108 1814 2159; baseline -0.006 -5"><span class='ocrx_word' id='word_1_281' title='bbox 1151 2113 1303 2159; x_wconf 82' lang='lat' dir='ltr'><strong>verba,</strong></span> <span class='ocrx_word' id='word_1_282' title='bbox 1339 2108 1492 2152; x_wconf 83' lang='lat' dir='ltr'><strong>Douza</strong></span> <span class='ocrx_word' id='word_1_283' title='bbox 1520 2108 1814 2152; x_wconf 76' lang='lat' dir='ltr'><strong>adnotaverat.</strong></span> 
     </span>
    </p>

    <p class='ocr_par' dir='ltr' id='par_1_15' title="bbox 1208 2173 2005 2230">
     <span class='ocr_line' id='line_1_49' title="bbox 1208 2173 2005 2230; baseline -0.005 -12"><span class='ocrx_word' id='word_1_284' title='bbox 1208 2177 1303 2230; x_wconf 79' lang='lat'><strong>540.</strong></span> <span class='ocrx_word' id='word_1_285' title='bbox 1319 2176 1371 2217; x_wconf 85' lang='lat' dir='ltr'><strong>In</strong></span> <span class='ocrx_word' id='word_1_286' title='bbox 1380 2179 1577 2217; x_wconf 70' lang='lat' dir='ltr'><strong>exanimi.</strong></span> <span class='ocrx_word' id='word_1_287' title='bbox 1591 2176 1641 2216; x_wconf 82' lang='lat' dir='ltr'><strong>In</strong></span> <span class='ocrx_word' id='word_1_288' title='bbox 1651 2178 1858 2216; x_wconf 70' lang='lat' dir='ltr'><strong>exanimo.</strong></span> <span class='ocrx_word' id='word_1_289' title='bbox 1869 2173 1987 2217; x_wconf 88' lang='lat' dir='ltr'><strong>Bern</strong></span> <span class='ocrx_word' id='word_1_290' title='bbox 1996 2206 2005 2214; x_wconf 91' lang='lat'><strong>.</strong></span> 
     </span>
    </p>

    <p class='ocr_par' dir='ltr' id='par_1_16' title="bbox 1153 2241 2009 2804">
     <span class='ocr_line' id='line_1_50' title="bbox 1209 2241 2004 2295; baseline -0.003 -12"><span class='ocrx_word' id='word_1_291' title='bbox 1209 2242 1263 2295; x_wconf 80' lang='grc'><strong>54</strong></span> <span class='ocrx_word' id='word_1_292' title='bbox 1270 2257 1301 2282; x_wconf 91' lang='grc' dir='ltr'><strong>ι.</strong></span> <span class='ocrx_word' id='word_1_293' title='bbox 1314 2241 1430 2282; x_wconf 84' lang='lat' dir='ltr'><strong>Ecce</strong></span> <span class='ocrx_word' id='word_1_294' title='bbox 1451 2241 1772 2282; x_wconf 69' lang='lat' dir='ltr'><strong>M&#39;mallom&#39;dctr</strong></span> <span class='ocrx_word' id='word_1_295' title='bbox 1784 2243 1948 2294; x_wconf 82' lang='lat' dir='ltr'><strong>sparsis</strong></span> <span class='ocrx_word' id='word_1_296' title='bbox 1960 2243 2004 2281; x_wconf 80' lang='lat' dir='ltr'><strong>ln</strong></span> 
     </span>
     <span class='ocr_line' id='line_1_51' title="bbox 1153 2305 2007 2360; baseline -0.002 -13"><span class='ocrx_word' id='word_1_297' title='bbox 1153 2310 1270 2359; x_wconf 68' lang='lat' dir='ltr'><strong>terga</strong></span> <span class='ocrx_word' id='word_1_298' title='bbox 1281 2306 1464 2359; x_wconf 77' lang='lat' dir='ltr'><strong>capiIlis.</strong></span> <span class='ocrx_word' id='word_1_299' title='bbox 1480 2305 1762 2350; x_wconf 77' lang='lat' dir='ltr'><strong>Mimallones,</strong></span> <span class='ocrx_word' id='word_1_300' title='bbox 1777 2320 1800 2346; x_wconf 90' lang='lat' dir='ltr'><strong>a</strong></span> <span class='ocrx_word' id='word_1_301' title='bbox 1815 2319 1903 2360; x_wconf 87' lang='lat' dir='ltr'><strong>quo</strong></span> <span class='ocrx_word' id='word_1_302' title='bbox 1916 2305 2007 2345; x_wconf 77' lang='lat' dir='ltr'><strong>Mi-</strong></span> 
     </span>
     <span class='ocr_line' id='line_1_52' title="bbox 1154 2367 2004 2426; baseline -0.002 -14"><span class='ocrx_word' id='word_1_303' title='bbox 1154 2371 1402 2412; x_wconf 82' lang='lat' dir='ltr'><strong>mallonides</strong></span> <span class='ocrx_word' id='word_1_304' title='bbox 1415 2403 1424 2418; x_wconf 83' lang='lat'><strong>,</strong></span> <span class='ocrx_word' id='word_1_305' title='bbox 1449 2385 1473 2411; x_wconf 85' lang='lat' dir='ltr'><strong>a</strong></span> <span class='ocrx_word' id='word_1_306' title='bbox 1488 2368 1708 2411; x_wconf 88' lang='lat' dir='ltr'><strong>Mimante</strong></span> <span class='ocrx_word' id='word_1_307' title='bbox 1727 2368 1858 2426; x_wconf 82' lang='lat' dir='ltr'><strong>vulgo</strong></span> <span class='ocrx_word' id='word_1_308' title='bbox 1871 2367 2004 2411; x_wconf 70' lang='lat' dir='ltr'><strong>dictas</strong></span> 
     </span>
     <span class='ocr_line' id='line_1_53' title="bbox 1154 2432 2003 2490; baseline -0.001 -13"><span class='ocrx_word' id='word_1_309' title='bbox 1154 2435 1309 2478; x_wconf 83' lang='lat' dir='ltr'><strong>volunt</strong></span> <span class='ocrx_word' id='word_1_310' title='bbox 1321 2466 1332 2488; x_wconf 93' lang='lat'><strong>,</strong></span> <span class='ocrx_word' id='word_1_311' title='bbox 1345 2432 1462 2490; x_wconf 87' lang='lat' dir='ltr'><strong>quod</strong></span> <span class='ocrx_word' id='word_1_312' title='bbox 1478 2434 1521 2475; x_wconf 91' lang='lat' dir='ltr'><strong>in</strong></span> <span class='ocrx_word' id='word_1_313' title='bbox 1539 2448 1594 2476; x_wconf 90' lang='lat' dir='ltr'><strong>eo</strong></span> <span class='ocrx_word' id='word_1_314' title='bbox 1603 2441 1756 2476; x_wconf 88' lang='lat' dir='ltr'><strong>monte</strong></span> <span class='ocrx_word' id='word_1_315' title='bbox 1767 2449 1887 2477; x_wconf 86' lang='lat' dir='ltr'><strong>sacra</strong></span> <span class='ocrx_word' id='word_1_316' title='bbox 1898 2433 2003 2476; x_wconf 88' lang='lat' dir='ltr'><strong>Bac-</strong></span> 
     </span>
     <span class='ocr_line' id='line_1_54' title="bbox 1155 2497 2003 2545; baseline -0.004 -2"><span class='ocrx_word' id='word_1_317' title='bbox 1155 2499 1224 2544; x_wconf 88' lang='lat' dir='ltr'><strong>chi</strong></span> <span class='ocrx_word' id='word_1_318' title='bbox 1245 2499 1461 2542; x_wconf 86' lang='lat' dir='ltr'><strong>celebrata</strong></span> <span class='ocrx_word' id='word_1_319' title='bbox 1478 2498 1655 2541; x_wconf 84' lang='lat' dir='ltr'><strong>suerint.</strong></span> <span class='ocrx_word' id='word_1_320' title='bbox 1668 2497 1826 2541; x_wconf 85' lang='lat' dir='ltr'><strong>Suidas</strong></span> <span class='ocrx_word' id='word_1_321' title='bbox 1838 2506 2003 2545; x_wconf 75' lang='lat' dir='ltr'><strong>autem,</strong></span> 
     </span>
     <span class='ocr_line' id='line_1_55' title="bbox 1157 2563 2008 2620; baseline -0.002 -12"><span class='ocrx_word' id='word_1_322' title='bbox 1157 2574 1203 2608; x_wconf 82' lang='lat' dir='ltr'><strong>et</strong></span> <span class='ocrx_word' id='word_1_323' title='bbox 1223 2563 1365 2607; x_wconf 81' lang='lat' dir='ltr'><strong>Graeci</strong></span> <span class='ocrx_word' id='word_1_324' title='bbox 1384 2563 1453 2606; x_wconf 82' lang='lat' dir='ltr'><strong>alii</strong></span> <span class='ocrx_word' id='word_1_325' title='bbox 1470 2597 1482 2617; x_wconf 89' lang='lat'><strong>,</strong></span> <span class='ocrx_word' id='word_1_326' title='bbox 1507 2564 1579 2607; x_wconf 66' lang='grc' dir='ltr'><strong>ἀπὸ</strong></span> <span class='ocrx_word' id='word_1_327' title='bbox 1598 2574 1666 2615; x_wconf 75' lang='grc' dir='ltr'><strong>τῆς</strong></span> <span class='ocrx_word' id='word_1_328' title='bbox 1684 2569 1887 2620; x_wconf 73' lang='grc' dir='ltr'><strong>μιμήσεως</strong></span> <span class='ocrx_word' id='word_1_329' title='bbox 1916 2579 2008 2606; x_wconf 83' lang='lat' dir='ltr'><strong>no—</strong></span> 
     </span>
     <span class='ocr_line' id='line_1_56' title="bbox 1158 2627 2007 2681; baseline -0.004 -9"><span class='ocrx_word' id='word_1_330' title='bbox 1158 2645 1263 2672; x_wconf 89' lang='lat' dir='ltr'><strong>men</strong></span> <span class='ocrx_word' id='word_1_331' title='bbox 1275 2628 1359 2672; x_wconf 85' lang='lat' dir='ltr'><strong>hoc</strong></span> <span class='ocrx_word' id='word_1_332' title='bbox 1368 2627 1606 2671; x_wconf 88' lang='lat' dir='ltr'><strong>deductum</strong></span> <span class='ocrx_word' id='word_1_333' title='bbox 1619 2627 1814 2681; x_wconf 83' lang='lat' dir='ltr'><strong>tradunt,</strong></span> <span class='ocrx_word' id='word_1_334' title='bbox 1825 2643 1909 2670; x_wconf 87' lang='lat' dir='ltr'><strong>nec</strong></span> <span class='ocrx_word' id='word_1_335' title='bbox 1919 2627 2007 2670; x_wconf 88' lang='lat' dir='ltr'><strong>seli-</strong></span> 
     </span>
     <span class='ocr_line' id='line_1_57' title="bbox 1157 2692 2009 2751; baseline -0.005 -13"><span class='ocrx_word' id='word_1_336' title='bbox 1157 2695 1265 2739; x_wconf 86' lang='lat' dir='ltr'><strong>citer</strong></span> <span class='ocrx_word' id='word_1_337' title='bbox 1280 2692 1462 2751; x_wconf 86' lang='lat' dir='ltr'><strong>quidem</strong></span> <span class='ocrx_word' id='word_1_338' title='bbox 1476 2726 1489 2747; x_wconf 93' lang='lat'><strong>,</strong></span> <span class='ocrx_word' id='word_1_339' title='bbox 1509 2709 1564 2736; x_wconf 86' lang='lat' dir='ltr'><strong>eo</strong></span> <span class='ocrx_word' id='word_1_340' title='bbox 1584 2692 1702 2749; x_wconf 85' lang='lat' dir='ltr'><strong>quod</strong></span> <span class='ocrx_word' id='word_1_341' title='bbox 1725 2692 1900 2735; x_wconf 77' lang='lat' dir='ltr'><strong>seminae</strong></span> <span class='ocrx_word' id='word_1_342' title='bbox 1918 2692 2009 2734; x_wconf 74' lang='lat' dir='ltr'><strong>istae</strong></span> 
     </span>
     <span class='ocr_line' id='line_1_58' title="bbox 1158 2758 2009 2804; baseline -0.006 -1"><span class='ocrx_word' id='word_1_343' title='bbox 1158 2760 1354 2804; x_wconf 87' lang='lat' dir='ltr'><strong>virorum</strong></span> <span class='ocrx_word' id='word_1_344' title='bbox 1376 2760 1487 2802; x_wconf 88' lang='lat' dir='ltr'><strong>sacta</strong></span> <span class='ocrx_word' id='word_1_345' title='bbox 1514 2758 1807 2801; x_wconf 87' lang='lat' dir='ltr'><strong>imitarentur.</strong></span> <span class='ocrx_word' id='word_1_346' title='bbox 1836 2758 2009 2799; x_wconf 76' lang='lat' dir='ltr'><strong>Mmri..</strong></span> 
     </span>
    </p>

    <p class='ocr_par' dir='ltr' id='par_1_17' title="bbox 1159 2821 2010 3076">
     <span class='ocr_line' id='line_1_59' title="bbox 1215 2821 2009 2880; baseline -0.009 -10"><span class='ocrx_word' id='word_1_347' title='bbox 1215 2827 1308 2880; x_wconf 77' lang='grc'>545.</span> <span class='ocrx_word' id='word_1_348' title='bbox 1335 2826 1596 2880; x_wconf 73' lang='lat' dir='ltr'><strong>Fugiunlquc</strong></span> <span class='ocrx_word' id='word_1_349' title='bbox 1607 2828 1888 2878; x_wconf 77' lang='lat' dir='ltr'><strong>premuntque.</strong></span> <span class='ocrx_word' id='word_1_350' title='bbox 1904 2821 2009 2864; x_wconf 90' lang='lat' dir='ltr'><strong>Ele-</strong></span> 
     </span>
     <span class='ocr_line' id='line_1_60' title="bbox 1159 2888 2006 2950; baseline -0.005 -15"><span class='ocrx_word' id='word_1_351' title='bbox 1159 2901 1314 2950; x_wconf 87' lang='lat' dir='ltr'><strong>ganter</strong></span> <span class='ocrx_word' id='word_1_352' title='bbox 1343 2890 1591 2942; x_wconf 90' lang='lat' dir='ltr'><strong>Palatinus,</strong></span> <span class='ocrx_word' id='word_1_353' title='bbox 1614 2898 1664 2931; x_wconf 94' lang='lat' dir='ltr'><strong>ut</strong></span> <span class='ocrx_word' id='word_1_354' title='bbox 1691 2888 1908 2932; x_wconf 79' lang='lat' dir='ltr'><strong>ludicrum</strong></span> <span class='ocrx_word' id='word_1_355' title='bbox 1927 2889 2006 2931; x_wconf 88' lang='lat' dir='ltr'><strong>in-</strong></span> 
     </span>
     <span class='ocr_line' id='line_1_61' title="bbox 1160 2953 2008 3012; baseline -0.007 -11"><span class='ocrx_word' id='word_1_356' title='bbox 1160 2956 1301 3011; x_wconf 83' lang='lat' dir='ltr'><strong>dicet,</strong></span> <span class='ocrx_word' id='word_1_357' title='bbox 1325 2971 1413 3012; x_wconf 93' lang='lat' dir='ltr'><strong>quo</strong></span> <span class='ocrx_word' id='word_1_358' title='bbox 1444 2953 1626 2997; x_wconf 82' lang='lat' dir='ltr'><strong>Bacchae</strong></span> <span class='ocrx_word' id='word_1_359' title='bbox 1652 2969 1806 2996; x_wconf 87' lang='lat' dir='ltr'><strong>senem</strong></span> <span class='ocrx_word' id='word_1_360' title='bbox 1839 2953 2008 2996; x_wconf 83' lang='lat' dir='ltr'><strong>ebrium</strong></span> 
     </span>
     <span class='ocr_line' id='line_1_62' title="bbox 1161 3019 2010 3076; baseline -0.005 -10"><span class='ocrx_word' id='word_1_361' title='bbox 1161 3032 1206 3066; x_wconf 88' lang='lat' dir='ltr'><strong>et</strong></span> <span class='ocrx_word' id='word_1_362' title='bbox 1225 3021 1498 3065; x_wconf 86' lang='lat' dir='ltr'><strong>vacillantem</strong></span> <span class='ocrx_word' id='word_1_363' title='bbox 1520 3034 1640 3062; x_wconf 88' lang='lat' dir='ltr'><strong>nunc</strong></span> <span class='ocrx_word' id='word_1_364' title='bbox 1666 3019 1840 3076; x_wconf 84' lang='lat' dir='ltr'><strong>fugiunt</strong></span> <span class='ocrx_word' id='word_1_365' title='bbox 1856 3051 1868 3072; x_wconf 90' lang='lat'><strong>,</strong></span> <span class='ocrx_word' id='word_1_366' title='bbox 1889 3035 2010 3062; x_wconf 79' lang='lat' dir='ltr'><strong>nunc</strong></span> 
     </span>
    </p>
   </div>
   <div class='ocr_carea' id='block_1_12' title="bbox 1075 3084 2012 3140">
    <p class='ocr_par' dir='ltr' id='par_1_18' title="bbox 1075 3084 2012 3140">
     <span class='ocr_line' id='line_1_63' title="bbox 1075 3084 2012 3140; baseline -0.006 -9"><span class='ocrx_word' id='word_1_367' title='bbox 1075 3116 1081 3119; x_wconf 99' lang='lat'>-</span> <span class='ocrx_word' id='word_1_368' title='bbox 1161 3088 1326 3130; x_wconf 89' lang='lat' dir='ltr'><strong>iterum</strong></span> <span class='ocrx_word' id='word_1_369' title='bbox 1340 3093 1528 3140; x_wconf 83' lang='lat' dir='ltr'><strong>tangunt</strong></span> <span class='ocrx_word' id='word_1_370' title='bbox 1539 3092 1583 3126; x_wconf 88' lang='lat' dir='ltr'><strong>et</strong></span> <span class='ocrx_word' id='word_1_371' title='bbox 1601 3092 1823 3140; x_wconf 85' lang='lat' dir='ltr'><strong>premunt.</strong></span> <span class='ocrx_word' id='word_1_372' title='bbox 1847 3084 2012 3126; x_wconf 74' lang='lat' dir='ltr'><strong>Btmm.</strong></span> 
     </span>
    </p>
   </div>
   <div class='ocr_carea' id='block_1_13' title="bbox 1163 3149 2017 3466">
    <p class='ocr_par' dir='ltr' id='par_1_19' title="bbox 1163 3149 2017 3466">
     <span class='ocr_line' id='line_1_64' title="bbox 1219 3149 2017 3205; baseline -0.004 -11"><span class='ocrx_word' id='word_1_373' title='bbox 1219 3152 1311 3205; x_wconf 80' lang='grc'><strong>546.</strong></span> <span class='ocrx_word' id='word_1_374' title='bbox 1341 3152 1455 3192; x_wconf 86' lang='lat' dir='ltr'><strong>Dum</strong></span> <span class='ocrx_word' id='word_1_375' title='bbox 1476 3152 1615 3191; x_wconf 85' lang='lat' dir='ltr'><strong>malus</strong></span> <span class='ocrx_word' id='word_1_376' title='bbox 1632 3155 1761 3204; x_wconf 74' lang='lat' dir='ltr'><strong>urge!-</strong></span> <span class='ocrx_word' id='word_1_377' title='bbox 1776 3149 1894 3191; x_wconf 78' lang='lat' dir='ltr'><strong>Male</strong></span> <span class='ocrx_word' id='word_1_378' title='bbox 1905 3151 2017 3191; x_wconf 80' lang='lat' dir='ltr'><strong>sedit</strong></span> 
     </span>
     <span class='ocr_line' id='line_1_65' title="bbox 1163 3215 2013 3272; baseline -0.001 -15"><span class='ocrx_word' id='word_1_379' title='bbox 1163 3216 1355 3272; x_wconf 70' lang='lat' dir='ltr'><strong>Regius,</strong></span> <span class='ocrx_word' id='word_1_380' title='bbox 1383 3215 1494 3256; x_wconf 90' lang='lat' dir='ltr'><strong>sorte</strong></span> <span class='ocrx_word' id='word_1_381' title='bbox 1512 3247 1524 3267; x_wconf 93' lang='lat'><strong>,</strong></span> <span class='ocrx_word' id='word_1_382' title='bbox 1548 3229 1628 3270; x_wconf 89' lang='lat' dir='ltr'><strong>pro</strong></span> <span class='ocrx_word' id='word_1_383' title='bbox 1659 3217 1784 3256; x_wconf 80' lang='lat' dir='ltr'><strong>seda!</strong></span> <span class='ocrx_word' id='word_1_384' title='bbox 1801 3230 1825 3256; x_wconf 85' lang='lat' dir='ltr'><strong>a</strong></span> <span class='ocrx_word' id='word_1_385' title='bbox 1854 3217 2013 3256; x_wconf 77' lang='lat' dir='ltr'><strong>sedare.</strong></span> 
     </span>
     <span class='ocr_line' id='line_1_66' title="bbox 1163 3278 2014 3324; baseline -0.001 -2"><span class='ocrx_word' id='word_1_386' title='bbox 1163 3282 1355 3324; x_wconf 84' lang='lat' dir='ltr'><strong>Vexatus</strong></span> <span class='ocrx_word' id='word_1_387' title='bbox 1376 3279 1496 3321; x_wconf 88' lang='lat' dir='ltr'><strong>enim</strong></span> <span class='ocrx_word' id='word_1_388' title='bbox 1513 3294 1536 3320; x_wconf 89' lang='lat' dir='ltr'><strong>a</strong></span> <span class='ocrx_word' id='word_1_389' title='bbox 1557 3278 1736 3322; x_wconf 88' lang='lat' dir='ltr'><strong>Bacchis</strong></span> <span class='ocrx_word' id='word_1_390' title='bbox 1756 3288 1801 3321; x_wconf 88' lang='lat' dir='ltr'><strong>et</strong></span> <span class='ocrx_word' id='word_1_391' title='bbox 1817 3295 1950 3323; x_wconf 86' lang='lat' dir='ltr'><strong>senex</strong></span> <span class='ocrx_word' id='word_1_392' title='bbox 1969 3288 2014 3321; x_wconf 85' lang='lat' dir='ltr'><strong>et</strong></span> 
     </span>
     <span class='ocr_line' id='line_1_67' title="bbox 1165 3342 2013 3400; baseline -0.004 -12"><span class='ocrx_word' id='word_1_393' title='bbox 1165 3346 1310 3388; x_wconf 80' lang='lat' dir='ltr'><strong>asinus</strong></span> <span class='ocrx_word' id='word_1_394' title='bbox 1322 3377 1333 3398; x_wconf 91' lang='lat'><strong>,</strong></span> <span class='ocrx_word' id='word_1_395' title='bbox 1349 3343 1424 3400; x_wconf 85' lang='lat' dir='ltr'><strong>qui</strong></span> <span class='ocrx_word' id='word_1_396' title='bbox 1436 3342 1574 3386; x_wconf 88' lang='lat' dir='ltr'><strong>cauda</strong></span> <span class='ocrx_word' id='word_1_397' title='bbox 1584 3353 1631 3386; x_wconf 82' lang='lat' dir='ltr'><strong>et</strong></span> <span class='ocrx_word' id='word_1_398' title='bbox 1647 3345 1758 3400; x_wconf 87' lang='lat' dir='ltr'><strong>jubis</strong></span> <span class='ocrx_word' id='word_1_399' title='bbox 1772 3343 2013 3400; x_wconf 84' lang='lat' dir='ltr'><strong>prehensus</strong></span> 
     </span>
     <span class='ocr_line' id='line_1_68' title="bbox 1165 3408 2016 3466; baseline -0.001 -14"><span class='ocrx_word' id='word_1_400' title='bbox 1165 3409 1404 3453; x_wconf 82' lang='lat' dir='ltr'><strong>exsultabat</strong></span> <span class='ocrx_word' id='word_1_401' title='bbox 1417 3441 1430 3466; x_wconf 85' lang='lat'><strong>,</strong></span> <span class='ocrx_word' id='word_1_402' title='bbox 1453 3417 1497 3451; x_wconf 87' lang='lat' dir='ltr'><strong>et</strong></span> <span class='ocrx_word' id='word_1_403' title='bbox 1510 3408 1624 3451; x_wconf 88' lang='lat' dir='ltr'><strong>male</strong></span> <span class='ocrx_word' id='word_1_404' title='bbox 1638 3409 1872 3455; x_wconf 81' lang='lat' dir='ltr'><strong>sedabatur</strong></span> <span class='ocrx_word' id='word_1_405' title='bbox 1891 3427 1915 3452; x_wconf 89' lang='lat' dir='ltr'><strong>a</strong></span> <span class='ocrx_word' id='word_1_406' title='bbox 1935 3409 2016 3452; x_wconf 87' lang='lat' dir='ltr'><strong>Si-</strong></span> 
     </span>
    </p>
   </div>
  </div>
 </body>
</html>
