2268 3776
286 340 393 392 380

738 340 802 392 P.
859 341 1160 397 OVIDII
1205 344 1589 400 NASONIS

363 455 438 513 Et
465 451 603 513 feret
631 454 870 516 occultas
899 481 1038 539 pura
1067 459 1266 520 tabella
1290 461 1465 522 notas.

1966 485 2049 527 630

283 550 479 611 Adfuit
507 550 723 611 Acrisio
751 554 1023 615 servandae
1053 580 1180 615 cura
1206 556 1436 638 puell'ae:

365 647 530 705 Hunc
557 660 736 707 tamen
758 647 854 709 illa
881 674 982 710 suo
1007 652 1229 711 crimine
1258 652 1389 713 fecit
1414 679 1590 716 avum.

290 742 448 821 Quid
477 742 640 803 faciat
668 760 889 818 custos,
929 772 1098 829 quum
1127 748 1240 806 sint
1265 763 1348 807 tot
1377 750 1438 808 in
1467 752 1606 811 urbe
1633 753 1888 814 theatra?

365 839 558 918 Quum
588 855 797 921 spectet
820 841 1043 921 junctos
1069 841 1164 902 illa
1193 842 1430 903 libenter
1454 869 1629 927 equos
1650 848 1675 906 Ξ)

285 935 478 1013 Quum
507 935 690 995 sedeat
719 937 929 998 Phariae
958 938 1124 998 sacris
1160 953 1383 1020 operata
1408 940 1683 1020 juvencae3

1967 963 2050 1005 635

366 1033 608 1114 Quoque
634 1033 719 1093 sui
742 1035 966 1094 comites
995 1035 1073 1094 ire
1103 1049 1382 1107 vetantur,
1407 1038 1535 1096 eat?

285 1129 475 1209 Quum
503 1130 657 1208 fuget
685 1155 712 1191 e
745 1130 962 1214 templis
993 1131 1194 1192 oculos
1214 1133 1373 1193 Bona
1401 1134 1543 1195 Diva
1569 1135 1840 1208 virorum,

365 1226 734 1310 Praeterquam
763 1230 810 1288 si
845 1253 986 1311 quos
1009 1228 1104 1289 illa
1131 1230 1313 1290 venire
1332 1230 1528 1311 jubet.

288 1322 509 1401 Quum,
541 1323 768 1384 custode
798 1324 935 1384 foris
965 1325 1178 1385 tunicas
1208 1340 1456 1387 servante
1483 1325 1682 1438 puellae
1699 1375 1713 1399 ‚

368 1418 562 1479 Celent
592 1420 825 1480 furtivos
854 1420 1049 1482 balnea
1078 1437 1198 1483 tuta
1223 1423 1406 1483 viros:

1968 1444 2055 1498 640

288 1520 478 1598 Quum
497 1568 510 1593 ‚
544 1523 762 1604 quoties
791 1547 932 1606 opus
963 1538 1070 1595 est,
1100 1522 1290 1584 fallax
1294 1539 1521 1603 aegrotet
1548 1526 1716 1586 amica
1735 1573 1750 1599 ‚
2004 1570 2016 1595 χ

366 1624 442 1682 Et
469 1623 626 1683 cedat
658 1623 799 1685 lecto
831 1624 1136 1707 quamlibet
1163 1649 1304 1704 aegra
1333 1650 1468 1687 suo:

286 1725 524 1786 Nomine
550 1750 722 1808 quum
748 1727 963 1801 doceat,
998 1729 1133 1812 quid
1160 1752 1408 1809 agamus,
1433 1729 1679 1813 adultera
1705 1728 1893 1803 claviS‚

288 1887 446 1931 labella
460 1888 593 1932 etiam
605 1889 658 1933 de
674 1890 820 1935 charta
834 1892 1046 1936 sumenda
1059 1894 1130 1948 sit,

287 1961 348 2007 et,
364 1953 424 1996 ita
438 1954 692 1998 continuato
707 1973 926 2012 sermone,
937 1975 1045 2012 pura
1063 1964 1134 2001 la-

288 2021 399 2062 bella
421 2020 476 2063 sit
491 2053 502 2075 ,
529 2037 626 2077 quae
641 2022 749 2065 nihil
763 2023 972 2080 scriptum
984 2033 1134 2069 osten-

290 2081 379 2136 dit,
409 2082 479 2128 hic
500 2085 592 2141 capi
622 2096 762 2142 posset
789 2088 902 2130 sorte
924 2105 1034 2142 pura
1063 2096 1135 2132 la-

289 2149 421 2199 bella,
452 2164 532 2204 pro
552 2164 645 2192 rasa
666 2158 710 2192 et
730 2150 856 2206 plana
871 2183 884 2205 ‚
910 2160 954 2194 et
974 2152 1021 2194 in
1049 2169 1143 2208 qua.

288 2208 398 2252 nihil
426 2211 537 2270 stylo
569 2222 790 2257 exaratum
823 2224 1023 2271 appareat
1044 2234 1056 2268 ς
1091 2226 1136 2260 et

290 2276 402 2320 sorte
417 2278 511 2321 talis
531 2280 695 2324 occulta
711 2281 822 2337 ratio
838 2283 1053 2327 scribendi
1070 2284 1135 2326 in-

290 2344 443 2387 nuitur
453 2378 464 2399 ‚
485 2347 658 2403 qualem
669 2348 700 2391 J
703 2348 1030 2394 ustinusnarrat
1041 2350 1136 2399 De,-

292 2417 510 2452 maratum
522 2410 762 2456 adhibuisse
774 2445 786 2467 ‚
804 2413 874 2456 lib.
891 2414 936 2457 II
948 2446 960 2469 ,
978 2429 1068 2471 cap.
1081 2429 1109 2457 x
1122 2442 1134 2469 ,

288 2482 339 2516 ut
356 2474 402 2517 in
421 2474 538 2533 ligno
557 2477 692 2522 literae
714 2480 986 2536 scribantur,
1009 2498 1105 2538 quae
1122 2514 1135 2536 ,

291 2556 389 2584 cera
410 2544 742 2601 superinducta,
766 2545 1007 2591 deleantur.
1030 2548 1083 2592 Β.
1110 2576 1113 2578 -

343 2607 438 2662 634.
468 2611 599 2664 Quum
616 2619 776 2665 speclei
778 2614 953 2667 junctos
971 2618 1050 2658 illa
1071 2618 1136 2658 li-

290 2676 433 2716 benter
450 2690 586 2730 equos.
606 2677 737 2720 Forte
753 2709 765 2731 ,
795 2683 967 2722 licenter
981 2697 1106 2736 equos
1115 2695 1132 2734 ,·

289 2736 337 2779 id
350 2746 429 2791 est,
443 2738 661 2793 audacter,
672 2742 850 2785 nemine
860 2743 1133 2798 prohibente,

292 2812 411 2847 extra
446 2804 670 2850 decorum.
719 2808 898 2851 Licebat
934 2810 1136 2853 omnibus

291 2867 544 2912 mulieribus
567 2878 758 2927 spectare
783 2870 1035 2923 Circenses;
1061 2871 1137 2915 sed

291 2948 385 2976 non
402 2932 581 2978 decebat
595 2945 840 2990 matronas,
862 2936 954 2980 sine
976 2935 1136 2992 probro

291 2998 546 3054 frequenter
563 2999 655 3043 illos
672 3009 864 3057 spectare
882 3032 894 3055 ,
921 3008 969 3042 ut
984 3000 1138 3043 Liber-

294 3062 375 3104 tini
390 3063 553 3107 ordinis
570 3065 745 3108 seminae
760 3066 900 3108 facere
913 3065 1108 3108 solebant
1123 3098 1133 3115 ,

293 3126 426 3169 etiam
458 3127 722 3173 incomitatae
743 3162 755 3184 ,
803 3129 939 3186 qualis
966 3128 1138 3172 videtur

293 3195 364 3237 illa
382 3195 527 3251 fuisse,
544 3198 614 3241 cui
633 3197 799 3240 adsedit
812 3198 962 3252 Poeta,
980 3197 1049 3240 lib.
1069 3196 1138 3239 ΙΙΙ

296 3261 450 3305 Amor.
472 3262 592 3319 Eleg.
607 3276 659 3305 11.
673 3265 834 3307 Bnnm.

340 3327 434 3370 635.
443 3330 576 3382 Quum
587 3333 731 3372 sedeat
738 3332 901 3372 Pharia·
911 3333 1045 3372 sacris
1059 3337 1138 3372 etc.

294 3396 439 3437 Sitit-125
464 3392 609 3450 scripti
628 3394 852 3451 potiores,
879 3409 979 3436 cum
1000 3393 1139 3449 prima

297 3460 513 3513 editione3
547 3476 677 3516 quam
698 3459 930 3503 lectionem
952 3476 1041 3503 non
1075 3467 1140 3502 est

1214 1903 1262 1937 ut
1283 1893 1430 1938 multis
1455 1893 1676 1938 adstruam
1690 1926 1702 1948 ‚
1734 1910 1871 1951 quum
1890 1894 1944 1943 de
1968 1895 2055 1938 sis-

1215 1965 1283 2000 tro
1298 1958 1422 2002 Isidis
1435 1975 1504 2002 res
1520 1958 1576 2002 sit
1588 1958 1655 2001 vel
1667 1958 1811 2014 pueris
1820 1957 2055 2002 notissima.

1273 2022 1365 2066 636.
1391 2025 1559 2078 Quoque
1571 2026 1644 2064 sui
1653 2027 1836 2066 comites.
1857 2022 2030 2065 Merula
2044 2055 2054 2073 ‚

1215 2107 1303 2134 suoe
1322 2093 1519 2139 comites,
1551 2087 1634 2132 hoc
1652 2097 1741 2139 est,
1765 2088 1931 2144 inquit,
1967 2089 2059 2132 aliae

1216 2162 1441 2198 matronae.
1462 2151 1552 2196 Sed
1570 2151 1868 2197 malim-,lectio
1887 2151 2059 2195 videtur

1216 2233 1372 2261 eorum
1390 2249 1404 2271 ,
1427 2216 1503 2272 qui
1521 2215 1701 2272 legunt:
1728 2217 1897 2271 Quoque
1908 2219 1980 2259 sui
1992 2232 2061 2259 co-

1216 2285 1336 2325 mites
1357 2284 1415 2323 ite
1434 2284 1647 2331 velantur,
1666 2285 1738 2322 eat
1748 2294 1764 2333 ,·
1786 2288 1835 2323 ut
1849 2283 1921 2322 sui
1930 2283 2060 2322 comi-

1218 2352 1281 2388 tes
1293 2377 1306 2400 ,
1332 2344 1386 2388 de
1401 2342 1649 2395 custodibus
1664 2375 1677 2398 ,
1699 2343 1773 2400 qui
1789 2343 1907 2387 illam
1927 2343 2061 2386 comi-

1219 2419 1368 2462 tantur
1395 2419 1441 2454 et
1471 2410 1736 2466 observant,
1768 2410 2060 2467 intelligatur:

1220 2475 1293 2532 qui
1314 2490 1452 2531 quum
1473 2475 1560 2528 sint
1575 2489 1719 2518 mares
1734 2507 1747 2529 ‚
1770 2474 1822 2518 ad
1843 2490 1962 2518 sacra
1983 2474 2061 2518 Isi-

1219 2541 1284 2592 dis
1300 2551 1344 2586 et
1360 2542 1498 2585 Bonae
1515 2542 1623 2593 Deae
1639 2540 1978 2598 haudquaquam
1995 2541 2061 2584 in·

1219 2607 1541 2650 tromittuntur.

1274 2672 1367 2727 640.
1381 2674 1523 2715 Celent
1519 2670 1719 2727 fiarliros.
1730 2673 2062 2718 Furlt'viviriaut

1219 2734 1429 2791 adulteri,
1453 2743 1527 2779 aut
1553 2735 1628 2791 qui
1648 2735 1758 2778 013111
1777 2734 2059 2789 irrepserunt.

1271 2802 1365 2855 641.
1394 2803 1584 2857 AEgrotet
1597 2804 1749 2844 amica.
1770 2799 1959 2843 Martial.
1980 2813 2028 2842 xl
2046 2832 2058 2854 ,

1221 2865 1368 2922 Epigr.
1393 2867 1419 2908 8
1438 2881 1449 2908 ;

1218 2940 1336 2970 Infelix
1349 2940 1430 2981 quid
1441 2940 1538 2980 ages?
1551 2950 1666 2980 «ιφ-3111
1676 2939 1844 2971 simulabis
1856 2940 1993 2970 amicam
2004 2940 2022 2970 Ἰ

1834 3011 1912 3031 suae.
1924 3002 2060 3033 Douza.

1273 3062 1366 3116 643.
1397 3063 1575 3106 Nomine
1609 3078 1730 3117 quum
1763 3064 1932 3113 doceat,
1965 3065 2070 3117 quid

1219 3145 1417 3184 agamus,
1450 3131 1641 3170 adultera
1671 3131 1814 3171 clausit.
1841 3129 1942 3171 Hoc
1960 3128 2063 3172 est:

1223 3196 1379 3252 Quum
1406 3196 1495 3253 ipsa
1515 3195 1642 3238 clavis
1659 3228 1670 3250 ,
1705 3210 1803 3251 quae
1826 3197 2063 3237 adulterina

1221 3260 1377 3303 dicitur
1388 3293 1399 3315 ,
1418 3275 1550 3316 quam
1564 3259 1705 3316 puella
1719 3260 1786 3302 vel
1800 3268 1967 3302 amator
1984 3258 2063 3301 ha-

1219 3328 1309 3382 bet,
1328 3326 1480 3369 doceat
1501 3343 1548 3369 ac
1567 3336 1746 3374 moneat
1761 3343 1840 3370 suo
1859 3326 2036 3369 nomine
2049 3359 2062 3378 ,

1223 3392 1326 3448 quid
1347 3401 1496 3448 agatur
1510 3425 1522 3445 ‚
1543 3392 1630 3434 sive
1651 3392 1695 3434 in
1720 3408 1852 3448 quem
1871 3406 1997 3435 usum
2016 3406 2062 3434 ac

1221 3457 1359 3500 finem
1378 3457 1432 3508 sit
1453 3464 1711 3512 comparata.

1258 3001 1408 3031 Haerebit
1421 3001 1558 3032 domine
1571 3001 1623 3031 vir
1634 3011 1740 3031 comes
1752 3002 1820 3042 ipse
