2268 3776
550 291 979 374 ‘AMORUM
1025 318 1072 371 1.
1124 317 1375 372 ELEG.
1431 316 1623 371 v111.
1920 319 1986 372 35

300 436 475 509 Licia,
507 433 642 517 quid
669 431 844 494 valeat
871 432 1021 492 virus
1051 431 1282 492 amantis
1312 454 1481 514 equae.

224 534 414 614 Quum
441 529 648 604 voluit,
681 544 802 591 toto
835 528 1211 608 glomerantur
1236 526 1432 588 nubila
1461 526 1628 601 coelo;

304 630 496 710 Quum
524 626 726 700 voluit,
758 650 901 710 puro
931 624 1109 704 fulget
1137 625 1196 685 in
1222 625 1358 685 orbe
1390 623 1523 685 dies.
1949 659 1996 685 μ,

211 716 529 806 Sanguine,
560 725 609 786 si
636 749 746 808 qua
772 723 936 796 fides,
969 722 1234 784 stillantia
1256 721 1435 782 sidera
1460 721 1572 781 vidi
1598 746 1611 781 :

303 823 625 906 Purpureus
655 823 825 882 Lunae
855 820 1122 900 sanguine
1146 817 1332 880 vultus
1362 833 1492 879 erat.

225 920 383 981 Hanc
412 943 515 998 ego
545 932 845 979 nocturnas
872 917 1048 978 vivam
1073 915 1300 977 volitare
1329 939 1430 999 per
1456 915 1679 976 umbras

306 1016 599 1100 Suspicor,
633 1030 688 1077 et
713 1014 903 1098 pluma
929 1036 1133 1097 corpus
1158 1011 1301 1075 anile
1333 1012 1474 1091 tegi;

224 1113 521 1198 Suspicor;
553 1127 608 1173 et
637 1110 779 1173 fama
808 1125 927 1173 est:
954 1109 1131 1172 oculis
1162 1133 1385 1193 quoque
1416 1108 1627 1192 pupula
1655 1107 1855 1192 duplex
1958 1132 2002 1170 tf·

304 1209 614 1282 Fulminat,
646 1223 700 1270 et
731 1208 951 1288 gemino
980 1206 1167 1268 lumen
1195 1207 1266 1268 ab
1298 1206 1434 1267 orbc
1469 1206 1635 1267 venit.

225 1309 435 1369 Evocat
463 1306 707 1390 antiquis
736 1328 972 1389 proavos
1001 1318 1298 1387 atavosque
1330 1301 1597 1387 sepulcris
1625 1350 1641 1376 ,

308 1407 393 1466 Et'
409 1402 642 1466 solidam
669 1403 836 1482 longo
867 1401 1105 1465 carmine
1133 1400 1297 1461 findit
1322 1401 1569 1461 humum.

229 1501 361 1562 Haec
391 1500 502 1562 sibi
529 1501 827 1585 proposuit
855 1498 1125 1561 thalamos
1150 1512 1410 1559 temerare
1439 1497 1702 1581 pudicos;

223 1681 306 1740 “sse
319 1700 433 1742 κεῖνος
450 1695 585 1738 &woh-o
597 1690 675 1736 πόθ’
691 1692 896 1755 άμετὶρῃσι
911 1694 1078 1754 θύρῃσιν.

233 1756 293 1800 Et
313 1757 513 1814 Propert.
534 1769 571 1798 11
586 1789 598 1812 ,
622 1757 742 1814 Eleg.
764 1772 843 1800 xx1
860 1790 872 1812 ,
895 1758 948 1800 35
966 1774 976 1801 :

230 1825 392 1877 Deficitpt
403 1825 526 1866 magico
542 1825 623 1856 torti
634 1824 695 1856 ouh
708 1825 849 1856 carmine
869 1825 1013 1857 rhombi.

215 1893 227 1901 ’
238 1889 375 1938 Porti,
397 1885 455 1930 ob
464 1889 568 1930 licia
580 1886 734 1944 quibus
742 1887 1078 1932 circumdaban-

227 1959 302 1996 tur
311 1951 427 1996 inter
434 1950 760 1996 incantandum.
771 1954 987 1997 Turbinem
997 1968 1076 1997 vo-

227 2025 298 2061 cat
314 2016 472 2061 Horat.
492 2015 632 2074 Epod.
653 2031 751 2061 xvu
766 2050 778 2073 ,
800 2018 826 2061 6
844 2030 854 2058 :

268 2093 403 2127 cnidi·
418 2104 514 2136 perce
528 2093 657 2125 tandem
670 2095 804 2126 vocibun
818 2095 940 2136 snei-iu

268 2154 446 2199 citumque
461 2162 547 2188 metm
563 2155 652 2187 solve
662 2179 673 2195 ,
690 2155 780 2188 solve
796 2156 972 2188 turbinem.

282 2217 321 2261 8.
350 2218 475 2260 Virus
485 2220 671 2259 amanlis
690 2232 814 2273 equa.
835 2216 993 2273 Agitur
1007 2215 1077 2260 hic

226 2280 283 2326 de
294 2283 554 2337 hippomane,
567 2280 684 2338 quod
699 2281 815 2325 lente
833 2281 1009 2326 distillat
1023 2281 1076 2324 ab

228 2345 408 2404 inguine
438 2351 624 2389 amantu-
642 2362 753 2402 equae
769 2380 779 2397 ,
802 2345 963 2402 Georg.
984 2359 1042 2388 111
1061 2377 1075 2400 ,

230 2404 328 2463 281}
340 2410 408 2454 vel
417 2410 533 2468 quod
544 2411 783 2455 extrahitur
794 2428 817 2454 e
829 2411 1075 2462 caruncula,

232 2491 366 2532 quam
393 2475 499 2533 pulli
518 2476 733 2520 nascentis
765 2476 900 2520 fronti
931 2475 1078 2520 adhae-

230 2547 477 2583 rescentem
488 2544 678 2595 proenpit
694 2549 836 2584 mater
858 2557 868 2584 :
885 2540 989 2583 AEn.
1010 2554 1076 2596 lv,

233 2604 326 2648 516.
347 2603 481 2649 Plura
501 2613 547 2648 et
563 2605 734 2649 saniora
755 2605 868 2663 apud
889 2605 1075 2662 Buffin,

231 2667 346 2714 Hist.
368 2670 468 2715 Nat.
480 2678 588 2714 tom.
600 2683 664 2726 lv,
685 2672 766 2726 214
785 2679 831 2714 et
851 2670 943 2729 329.

290 2734 352 2778 13.
370 2737 498 2778 Hanc
516 2751 593 2791 ego
610 2741 835 2779 nocturnas
852 2739 990 2779 vivam
1010 2751 1079 2779 vo-

229 2802 355 2844 litare
374 2817 459 2857 per
477 2805 646 2846 umbras
674 2803 878 2858 Suspicor:
913 2801 1075 2857 Multi,

230 2869 388 2919 mam,
406 2882 514 2923 quos
531 2867 648 2911 inter
663 2868 694 2910 J
699 2868 810 2911 ureti
830 2876 874 2911 et
890 2867 1079 2911 Puteani

229 2939 427 2988 excerpta
438 2931 570 2989 :duoj
582 2936 779 2976 vetulam.
794 2934 1077 2991 pateamus,

229 2999 393 3038 vetsam
407 3027 420 3051 ,
452 2996 529 3040 sed
556 3006 705 3054 postea
725 3003 746 3039 t
764 2999 818 3041 >in
838 3016 863 3041 r
876 3007 1048 3042 mutato
1064 3031 1076 3054 ,

228 3058 314 3103 hoc
328 3067 392 3104 est
410 3077 586 3114 versam.
607 3062 783 3120 Opinor
800 3069 963 3106 suetam
980 3064 1079 3107 scri-

231 3124 443 3169 bendum,
469 3126 636 3170 Mutari
657 3137 805 3170 autem
827 3128 1079 3184 hujusmodi

230 3189 437 3234 veneficae
453 3190 497 3233 in
520 3190 685 3248 Striges
701 3192 1016 3236 credebantur:
1032 3193 1078 3236 id

233 3256 394 3300 Noster
413 3255 497 3298 hoc
516 3255 611 3298 loco
632 3256 803 3311 innuit,
837 3257 891 3300 de
913 3258 1079 3316 Strigi-

229 3319 336 3375 bus,
358 3320 404 3363 in
426 3320 538 3364 Fast.
562 3334 634 3364 v1.
660 3322 766 3376 141:

230 3395 306 3428 Sive
316 3395 416 3436 igitur
430 3406 504 3426 nese
511 3402 608 3426 untur
619 3407 694 3427 eves
708 3418 719 3434 ,
745 3406 802 3427 seu
819 3396 961 3428 carmine
974 3397 1079 3438 fiunt;

272 3456 451 3499 Naeniuque
465 3458 499 3489 in
516 3457 662 3490 voluens
675 3457 788 3489 Marsa
805 3456 918 3497 figurat
935 3468 1028 3489 anus.

1157 1690 1321 1745 Stn'gas
1332 1721 1344 1741 ‚
1367 1691 1560 1732 mulieres
1570 1689 1781 1730 volaticas
1796 1686 1948 1729 Festus
1965 1694 2010 1728 et

1159 1754 1351 1798 Isidorus
1381 1754 1426 1796 in
1457 1753 1618 1797 Glossis
1648 1752 2010 1809 interpretantur.

1217 1822 1275 1862 15.
1295 1820 1500 1875 Suspicor,
1524 1818 1707 1874 etfama
1717 1822 1796 1861 cst.
1818 1817 2011 1861 Imitatio

1159 1883 1412 1942 virgiliana.
1436 1883 1583 1941 Eclog.
1606 1897 1678 1938 rx,
1707 1900 1751 1926 ιι
1774 1894 1785 1923 :

1195 1956 1359 1988 Audiam
1374 1980 1383 1996 ,
1405 1963 1436 1988 et
1455 1956 1540 1987 snm·
1558 1955 1632 1987 suut.

1156 2041 1211 2051 --
1229 2020 1395 2075 Pupula
1414 2020 1582 2075 duplex.
1601 2016 1702 2060 Vid.
1718 2016 1832 2061 Gell.
1853 2031 1899 2061 tx
1916 2051 1928 2071 ,
1953 2019 1978 2072 4
1994 2050 2006 2071 ‚

1158 2094 1202 2129 et
1225 2086 1336 2129 Ptin.
1355 2100 1422 2130 vu
1438 2118 1450 2141 ,
1479 2102 1520 2128 ιι
1542 2102 1553 2137 ;
1578 2092 1623 2128 et
1642 2084 1698 2126 ita
1714 2084 1824 2127 sorte
1848 2083 2010 2127 Fabula

1157 2150 1343 2194 Metam.
1363 2163 1433 2194 vn
1454 2182 1466 2204 ,
1497 2150 1577 2192 365
1599 2182 1611 2203 ,
1646 2147 1699 2191 de
1725 2146 2008 2190 Telchinibus

1155 2214 1450 2273 intelligenda.
1470 2213 1570 2257 Vid.
1592 2212 1828 2257 Brodaeum
1851 2224 1880 2254 1.
1904 2213 2010 2255 Var.

1158 2279 1276 2323 Lect.
1296 2296 1385 2336 cap.
1415 2280 1480 2335 37.
1503 2278 1670 2321 Hssms.
1701 2279 1908 2332 Pupulam
1927 2293 2008 2333 pro

1150 2349 1316 2402 pupilla
1352 2344 1435 2388 dici
1453 2377 1465 2399 ,
1500 2344 1647 2388 docuit
1685 2343 1920 2387 Salmasius
1954 2341 2009 2385 ad

1162 2412 1347 2470 Capitol.
1370 2411 1538 2456 Pertin.
1557 2428 1649 2468 cap.
1671 2423 1763 2454 xxv,

1217 2478 1279 2520 16.
1313 2479 1494 2520 Gemino
1517 2479 1655 2520 lumen
1681 2478 1737 2519 ab
1765 2478 1863 2522 ode
1883 2478 2010 2517 uait.

1159 2542 1344 2586 Putean.
1357 2546 1499 2593 mz‘cat,
1520 2556 1601 2598 pro
1613 2540 1780 2584 diversa
1800 2540 2012 2584 lectione:

1157 2618 1291 2650 Tune...
1308 2628 1412 2659 quum
1426 2616 1557 2648 frons...
1580 2617 1755 2658 lumenque
1767 2626 1901 2647 corusco

1156 2679 1236 2720 Igne
1251 2679 1357 2710 micat
1365 2704 1378 2720 ‚
1389 2686 1468 2710 tune
1483 2678 1539 2710 in·
1552 2678 1635 2716 viri,
1651 2689 1722 2720 qun
1738 2678 1859 2708 vertice
1876 2676 1985 2708 suudjt
1995 2700 2005 2714 ,

1156 2739 1311 2772 Fulmtn·
1327 2739 1510 2781 pertuleris.
1597 2740 1671 2770 Su..
1690 2739 1790 2769 [ru.-
1806 2747 1868 2776 ιι,
1894 2738 1964 2780 359.

1159 2801 1250 2846 Sed
1263 2818 1402 2859 quum
1414 2801 1498 2844 illic
1510 2809 1607 2858 agat
1620 2799 1673 2843 de
1689 2799 1821 2843 oculis
1833 2815 1993 2857 genera
2002 2823 2012 2831 =

1157 2867 1276 2919 liter,
1293 2867 1419 2924 plane
1433 2866 1643 2910 assentior
1655 2866 1838 2907 Putean.
1854 2881 2008 2908 mem—

1157 2933 1303 2977 branis
1317 2941 1361 2976 et
1374 2931 1586 2975 tredecim
1601 2930 1691 2973 aliis
1704 2963 1715 2983 ,
1733 2934 1899 2984 gemino
1910 2933 2009 2973 orbe

1157 2999 1412 3057 legentibus.
1428 2998 1623 3040 Lactant.
1641 2995 1694 3039 de
1718 2996 1952 3041 Phoenice:

1158 3078 1305 3118 Ingentes
1319 3075 1405 3107 oculi
1422 3085 1430 3105 :
1449 3073 1559 3103 credas
1572 3073 1718 3114 geminos
1733 3072 1946 3115 hyacinthos,

1196 3138 1346 3182 Quorum
1359 3135 1398 3165 de
1409 3133 1515 3164 medio
1525 3132 1635 3164 lucida
1648 3132 1778 3164 flamma
1792 3135 1906 3165 micat.
1925 3134 1971 3164 H.

1164 3233 1173 3235 -
1218 3198 1278 3241 ι8.
1302 3199 1460 3250 longo.
1473 3197 1617 3239 Primo
1630 3204 1695 3239 est
1715 3196 1761 3238 in
1779 3196 2007 3248 Palatino;

1158 3271 1273 3305 recte
1285 3262 1397 3303 sorte
1414 3276 1424 3303 :
1442 3258 1484 3302 id
1505 3269 1593 3313 est,
1614 3261 1742 3303 simul
1765 3277 1812 3304 ac
1831 3268 2007 3303 cantare

1158 3325 1310 3381 incipit
1331 3341 1340 3366 :
1359 3324 1443 3367 nisi
1454 3328 1574 3379 privo
1595 3324 1904 3381 reponendum
1920 3342 1931 3377 ;
1963 3323 2008 3366 id

1159 3399 1244 3443 est,
1266 3389 1343 3432 sibi
1360 3389 1549 3445 proprio,
1571 3389 1734 3432 BURM.
1764 3414 1771 3417 κ

1220 3470 1280 3514 19.
1303 3456 1527 3498 Thalamos
1544 3456 1900 3509 violarepude'cos.
1926 3455 2009 3497 Te-
