2268 3776
597 314 982 369 AMORUM
1029 315 1077 368 1.
1130 312 1387 367 ELEG.
1437 312 1629 366 VIII.
1936 316 2007 390 37

234 430 420 491 Prosit
447 444 510 489 ut
538 429 857 501 advenienS‚
891 452 960 489 en
989 427 1208 511 adspice
1239 451 1251 486 z
1284 426 1436 487 dives
1462 441 1672 487 amator

313 528 392 587 Te
418 525 594 608 cupit,
628 540 684 587 et
713 549 878 597 curae,
911 524 1045 608 quid
1078 524 1181 585 tibi
1214 523 1389 594 desit,
1421 523 1608 584 habet.

233 624 335 684 Est
360 622 522 683 etiam
550 621 740 695 facies,
774 645 894 705 quae
921 645 978 683 se
1010 620 1113 681 tibi
1143 634 1447 704 comparet,
1481 618 1561 679 illi
1587 645 1601 680 :

313 718 372 778 si
402 733 454 781 te
482 743 596 779 non
626 734 825 780 emtam
855 717 1045 791 vellet,
1075 717 1338 780 emendus
1367 730 1499 777 erat.
1532 744 1560 769 »

230 815 487 876 Erubuit.
524 844 552 870 «
578 817 751 877 Decet
780 815 907 877 alba
937 814 1160 900 quidem
1191 813 1375 898 pudor
1404 836 1500 873 ora
1526 837 1538 873 :
1564 812 1661 874 sed
1689 813 1821 884 iste,
1955 829 2009 874 35·

311 912 373 972 Si
403 911 653 985 simules,
684 911 916 995 prodest
943 938 956 973 :
987 935 1147 974 verus
1174 911 1368 972 obesse
1398 907 1557 971 solet.

230 1008 420 1089 Quum
445 1009 586 1070 bene
618 1008 842 1091 dejectis
876 1009 1147 1088 gremium
1178 1006 1443 1092 spectaris
1475 1004 1665 1068 ocellis
1686 1053 1703 1080 ‚

309 1105 596 1186 Quantum
626 1105 860 1190 quisque
886 1105 1051 1179 ferat,
1083 1103 1462 1190 respiciendus
1493 1103 1612 1165 erit.

225 1201 481 1264 Forsitan
507 1201 828 1275 immundae,
861 1202 1026 1263 Tatio
1054 1216 1319 1282 regnante
1337 1247 1352 1274 ,
1382 1200 1602 1263 Sabinae

303 1297 599 1361 Noluerint
626 1298 842 1361 habiles
871 1298 1131 1383 pluribus
1160 1323 1278 1361 esse
1307 1298 1455 1359 viris.
1953 1312 2005 1367 4ο

223 1397 388 1457 Nunc
414 1397 568 1457 Mars
599 1397 839 1458 externis
871 1398 1086 1459 animos
1118 1411 1331 1458 exercet
1359 1396 1417 1454 in
1444 1394 1637 1455 armis:

302 1493 383 1553 At
409 1493 600 1554 Venus
630 1494 818 1554 AEneae
847 1509 1045 1572 regnat
1074 1494 1131 1553 in
1158 1493 1298 1554 urbe
1329 1492 1432 1553 sui.

222 1589 455 1665 Ludite,
487 1589 742 1652 formosae
767 1615 779 1651 ε
808 1605 956 1651 casta
986 1605 1101 1663 est,
1135 1613 1300 1674 quam
1329 1612 1491 1651 nemo
1520 1587 1763 1667 rogavit;

136 1816 145 1822 ᾖ
222 1760 377 1804 Venus
390 1768 482 1814 est;
504 1760 588 1806 hoc
599 1770 686 1816 est,
708 1762 782 1806 tibi
801 1763 1039 1820 propitium
1057 1774 1067 1803 ε

221 1824 291 1868 alii
309 1825 479 1870 codices
495 1842 584 1870 suo.
608 1827 774 1872 Heme.

273 1891 340 1936 δι.
354 1894 555 1937 Ριωίίιιί
562 1897 803 1938 adveniens.
819 1894 945 1939 Utsit
958 1894 1068 1939 ordo

217 1964 442 2002 etsensus:
459 1956 503 2003 Ο
518 1958 658 2016 puella
671 1991 682 2013 ,
699 1976 752 2003 en
766 1994 776 2010 ‚
794 1958 836 2003 id
851 1969 938 2014 est,
954 1977 1067 2005 ecce.

223 2021 302 2074 Ut,
318 2021 364 2066 id
376 2032 464 2078 est,
479 2024 876 2082 quemadmodum:
889 2025 1037 2082 supple
1054 2058 1067 2080 ,

217 2088 372 2134 Venus
393 2089 630 2135 adveniens
651 2092 784 2149 prosit
807 2091 895 2134 tibi.
918 2092 1067 2135 Adve-

214 2157 347 2199 m'ens.
376 2154 559 2200 Dixerat
587 2158 707 2200 enim
738 2173 868 2214 supra
902 2172 912 2199 :
943 2158 1065 2200 Mars

213 2220 332 2262 abiit.
353 2218 511 2276 Quum
525 2221 658 2279 igitur
675 2222 807 2271 Mars,
831 2220 1063 2264 adversum

214 2281 330 2328 sidus
343 2315 355 2338 ,
377 2287 558 2329 abiisset
570 2319 581 2337 ‚
613 2285 862 2330 beneficum
892 2287 1064 2328 Venerii·

214 2348 442 2393 advenit-ns
450 2351 539 2407 jam
548 2350 749 2407 prodesse
762 2350 911 2407 incipit
921 2366 931 2392 t
944 2350 1062 2406 quod

215 2412 450 2457 ostendens
465 2446 479 2470 ,
501 2415 580 2459 ait:
595 2417 730 2458 Dives
742 2420 911 2457 amator
926 2420 968 2456 le
985 2431 1063 2457 cu-

208 2481 300 2530 Pil,
324 2486 367 2521 te
383 2478 577 2538 deperit:
592 2482 662 2524 cui
677 2497 792 2524 curae
805 2489 869 2522 est
882 2479 924 2522 id
943 2479 1060 2536 quod

216 2541 291 2584 tibi
318 2541 467 2596 deestg
501 2544 546 2588 id
569 2554 661 2600 est,
694 2545 850 2602 dignus
878 2561 1060 2602 corpore

213 2606 364 2652 cultus.
387 2609 518 2653 ΜΔΕ.

266 2673 333 2717 35.
353 2676 543 2720 Erubuit.
559 2677 640 2720 His
653 2677 739 2721 scil.
756 2676 928 2732 auditis,
944 2678 1062 2734 puel·

210 2736 252 2781 la
263 2770 275 2792 ,
296 2740 421 2797 cujus
433 2756 558 2786 voces
572 2741 750 2798 hujusce
766 2742 911 2797 modi,
925 2760 1060 2786 emen-

210 2806 308 2847 dam
323 2838 334 2855 ‚
364 2810 584 2857 emendus,
608 2824 734 2851 aures
753 2807 868 2851 haud
890 2808 1060 2852 imme-

210 2869 296 2913 rito
323 2870 534 2916 laeserant.
570 2872 731 2916 Statim
750 2873 895 2929 itaque
919 2890 1027 2917 anus
1048 2886 1058 2914 :

210 2935 335 2976 decet
343 2938 446 2979 alba
456 2939 620 2992 quidem
627 2940 769 2992 pudor
781 2955 857 2981 om
871 2973 881 2989 ‚
904 2939 1059 2996 puellae

209 2998 399 3042 sormam
414 3001 544 3045 simul
560 3002 739 3046 laudans
753 3012 797 3046 et
812 3004 947 3047 animi
961 3020 1057 3047 can·

210 3063 387 3107 dorem:
402 3065 519 3121 quod
531 3065 601 3110 hic
609 3068 804 3123 perfidiae
817 3086 1057 3113 summum.

262 3129 314 3186 37
320 3163 329 3172 .
338 3131 569 3185 Speclabis.
581 3131 629 3175 Si
638 3139 844 3187 spectatis
851 3151 931 3191 pro
941 3151 1056 3192 spec·

201 3197 366 3240 ,tavei-is
401 3213 480 3253 per
517 3213 739 3256 syncopen
783 3201 1054 3257 subjunctive

208 3260 447 3319 legeretur,
467 3261 576 3304 mihi
593 3263 728 3319 magis
747 3263 961 3320 placeret:
979 3265 1055 3309 sed

209 3325 364 3369 nullibi
383 3325 425 3368 id
446 3326 712 3382 reperimus:
732 3343 824 3370 non
844 3328 976 3385 igitur
991 3337 1057 3372 est

209 3400 375 3436 temere
395 3393 735 3437 immutandum.
761 3395 957 3449 Spectaoe
976 3411 1056 3438 au-

213 3464 301 3499 tem
319 3462 518 3513 gremium
530 3492 541 3511 ‚
565 3459 746 3514 dejectis
765 3462 899 3502 oculis
912 3493 922 3512 ⁷
947 3475 1055 3502 mo-

1151 1763 1298 1807 destiae
1309 1770 1373 1806 est
1387 1770 1431 1805 et
1445 1760 1634 1818 pudoris.
1651 1760 1780 1804 Hanc
1795 1774 1900 1803 vero
1914 1774 2005 1802 mo·

1151 1826 1332 1870 destiam
1365 1835 1407 1871 et
1443 1825 1659 1883 pudorem
1689 1833 1874 1868 conatur
1904 1822 2001 1867 lena

1149 1911 1320 1938 summa
1341 1911 1422 1952 ope
1452 1910 1476 1937 a
1498 1892 1630 1938 corde
1664 1891 1815 1949 puelle
1845 1906 2001 1933 remo-

1149 1975 1250 2002 vere
1270 1992 1281 2013 ‚
1316 1967 1362 2002 ut
1384 1957 1547 2003 facilius
1567 1956 1685 2014 quod
1707 1954 1926 2009 intendit,
1961 1954 2001 1997 ei

1149 2026 1281 2083 poesit
1303 2024 1577 2083 persuadere.
1601 2024 1731 2067 MAn.

1202 2091 1268 2134 38.
1302 2094 1513 2145 Quantum
1533 2093 1704 2146 quisque
1713 2087 1847 2143 semi.
1878 2085 2002 2128 Tan-

1148 2167 1243 2201 tum
1256 2191 1268 2211 ,
1282 2158 1425 2214 inquit
1440 2189 1452 2211 ,
1469 2156 1763 2212 unusquisque
1778 2156 1999 2207 respicien-

1145 2227 1224 2267 dus
1236 2233 1325 2276 est,
1343 2221 1622 2266 aestimandus
1637 2220 1770 2272 tanti,
1782 2226 1998 2275 quantum

1144 2289 1308 2344 asserat
1324 2302 1614 2331 nummorum
1631 2294 1675 2328 et
1697 2283 2000 2328 emolumenti.
2026 2279 2028 2282 ⁴

1200 2355 1266 2413 39.
1309 2357 1506 2397 Forsitan
1538 2353 1775 2394 immunda.
1823 2349 1999 2392 Rectius

1144 2419 1285 2461 multo
1298 2451 1309 2472 ,
1327 2433 1460 2474 quam
1478 2420 1666 2465 theulut,
1687 2413 1806 2472 quod
1824 2430 1997 2456 merum

1144 2482 1366 2539 glossema.
1382 2481 1644 2526 Immundus
1654 2480 1774 2523 enim
1787 2512 1798 2534 ,
1817 2481 1996 2535 ἅκεσμεςς

1142 2547 1259 2590 unde
1283 2548 1455 2591 Lucret.
1476 2561 1553 2600 ιν,
1583 2548 1686 2589 ιι55
1709 2558 1719 2584 2

1141 2625 1264 2667 Nigra,
1289 2621 1470 2677 μελίχρος
1493 2631 1566 2663 est;
1603 2622 1771 2653 immund·
1801 2633 1837 2652 ne
1863 2619 1995 2659 soetidt,

1202 2708 1203 2712 =
1251 2683 1427 2737 ἅκοσμθς.

1197 2747 1264 2800 4ο.
1288 2747 1482 2788 Habilcs.
1500 2742 1668 2787 Habet-i
1682 2759 1706 2786 a
1724 2742 1917 2800 pluribus
1929 2741 1996 2783 vi·

1142 2811 1211 2854 ris.
1232 2811 1416 2854 Terent.
1449 2809 1588 2853 Andr.
1617 2824 1661 2863 1,
1698 2826 1732 2851 1.
1769 2812 1873 2862 Quelt
1904 2809 2002 2849 hen·

1121 2918 1123 2920 .
1139 2879 1292 2919 habuit
1305 2879 1550 2933 Chrysidem
1560 2879 1584 2921 ?
1607 2873 1749 2917 Cicer.
1765 2887 1812 2915 lx
1826 2905 1838 2926 ,
1858 2872 1994 2928 Epist.

1140 2940 1216 2984 ult.
1237 2943 1406 2984 Habere
1425 2957 1518 2983 eum
1536 2941 1690 2982 Laida.
1709 2937 1851 2981 Graeci
1871 2935 1995 2980 simi-

1139 3006 1239 3049 liter
1252 3010 1294 3049 τὸ
1310 3011 1412 3061 ἔχειν
1424 3013 1647 3061 usurpant.
1666 3001 1993 3046 Bmsxm—Ni-

1139 3071 1221 3113 mis
1251 3070 1333 3113 hoc.
1362 3070 1530 3113 subtile.
1565 3071 1738 3111 Habilis
1763 3071 1869 3110 vin's
1898 3064 1994 3108 dic-

1138 3144 1259 3188 tum,
1284 3143 1333 3177 ut
1354 3135 1452 3177 insr.
1476 3134 1542 3176 El.
1562 3147 1608 3176 lx
1623 3166 1635 3187 ,
1660 3134 1712 3176 3:
1731 3134 1857 3175 AElas
1877 3133 1990 3173 bello

1138 3202 1296 3242 habt'lelr
1310 3233 1320 3246 ‚
1345 3208 1390 3242 ct
1411 3200 1468 3242 ita
1487 3199 1658 3256 passim.
1679 3198 1843 3240 ΒυιιΜ.

1192 3266 1257 3319 43.
1289 3266 1462 3307 Ludunt
1466 3265 1679 3319 somtosae.
1702 3265 1877 3309 Ludite,
1888 3260 1991 3316 sor-

1135 3346 1262 3373 mosoe
1274 3329 1575 3382 Sari-avianus,
1593 3335 1700 3372 curn·
1709 3342 1801 3370 uno
1821 3325 1991 3369 Mureti

1137 3403 1180 3437 ct
1195 3393 1470 3436 Scriveriano
1492 3406 1503 3433 :
1523 3394 1674 3451 placet.
1696 3393 1791 3435 Art.
1802 3406 1840 3434 11
1853 3424 1865 3446 ,
1882 3391 1983 3447 339:

1137 3465 1281 3504 Ludfn=5
1294 3465 1352 3495 sed
1364 3464 1451 3497 furto
1462 3465 1586 3497 celetur
1597 3465 1693 3506 culpa
1706 3464 1863 3496 modesto.
