<?xml version="1.0" encoding="UTF-8"?>
<!DOCTYPE html PUBLIC "-//W3C//DTD XHTML 1.0 Transitional//EN"
    "http://www.w3.org/TR/xhtml1/DTD/xhtml1-transitional.dtd">
<html xmlns="http://www.w3.org/1999/xhtml" xml:lang="en" lang="en">
 <head>
  <title>
</title>
<meta http-equiv="Content-Type" content="text/html;charset=utf-8" />
  <meta name='ocr-system' content='tesseract 3.04.00' />
  <meta name='ocr-capabilities' content='ocr_page ocr_carea ocr_par ocr_line ocrx_word'/>
</head>
<body>
  <div class='ocr_page' id='page_1' title='image "./quaeextantomniao02oviduoft_0330.png"; bbox 0 0 2268 3776; ppageno 0'>
   <div class='ocr_carea' id='block_1_1' title="bbox 265 323 375 378">
    <p class='ocr_par' dir='ltr' id='par_1_1' title="bbox 265 323 375 378">
     <span class='ocr_line' id='line_1_1' title="bbox 265 323 375 378; baseline 0 -1"><span class='ocrx_word' id='word_1_1' title='bbox 265 323 375 378; x_wconf 76' lang='lat'><strong>316</strong></span> 
     </span>
    </p>
   </div>
   <div class='ocr_carea' id='block_1_2' title="bbox 718 325 1594 383">
    <p class='ocr_par' dir='ltr' id='par_1_2' title="bbox 718 325 1594 383">
     <span class='ocr_line' id='line_1_2' title="bbox 718 325 1594 383; baseline 0.006 -5"><span class='ocrx_word' id='word_1_2' title='bbox 718 326 782 378; x_wconf 89' lang='lat' dir='ltr'><strong>P.</strong></span> <span class='ocrx_word' id='word_1_3' title='bbox 838 326 1149 382; x_wconf 88' lang='lat' dir='ltr'>OVIDII</span> <span class='ocrx_word' id='word_1_4' title='bbox 1204 325 1594 383; x_wconf 33' lang='lat' dir='ltr'><strong>NASONIS&gt;</strong></span> 
     </span>
    </p>
   </div>
   <div class='ocr_carea' id='block_1_3' title="bbox 262 439 2048 624">
    <p class='ocr_par' dir='ltr' id='par_1_3' title="bbox 262 439 2048 624">
     <span class='ocr_line' id='line_1_3' title="bbox 262 439 2048 525; baseline 0.004 -27"><span class='ocrx_word' id='word_1_5' title='bbox 262 442 402 520; x_wconf 80' lang='lat' dir='ltr'><strong>Quae</strong></span> <span class='ocrx_word' id='word_1_6' title='bbox 424 439 592 499; x_wconf 88' lang='lat' dir='ltr'><strong>modo</strong></span> <span class='ocrx_word' id='word_1_7' title='bbox 615 458 936 523; x_wconf 86' lang='lat' dir='ltr'><strong>pugnarunt</strong></span> <span class='ocrx_word' id='word_1_8' title='bbox 952 490 966 517; x_wconf 88' lang='lat'>‚</span> <span class='ocrx_word' id='word_1_9' title='bbox 988 443 1232 525; x_wconf 85' lang='lat' dir='ltr'><strong>jungunt</strong></span> <span class='ocrx_word' id='word_1_10' title='bbox 1253 469 1351 505; x_wconf 91' lang='lat' dir='ltr'><strong>sua</strong></span> <span class='ocrx_word' id='word_1_11' title='bbox 1376 460 1559 505; x_wconf 86' lang='lat' dir='ltr'><strong>rostra</strong></span> <span class='ocrx_word' id='word_1_12' title='bbox 1582 443 1882 519; x_wconf 81' lang='lat' dir='ltr'><strong>columhae3</strong></span> <span class='ocrx_word' id='word_1_13' title='bbox 1966 463 2048 519; x_wconf 80' lang='lat'><strong>465</strong></span> 
     </span>
     <span class='ocr_line' id='line_1_4' title="bbox 344 538 1755 624; baseline 0.003 -27"><span class='ocrx_word' id='word_1_14' title='bbox 344 539 596 618; x_wconf 80' lang='lat' dir='ltr'><strong>Quarum</strong></span> <span class='ocrx_word' id='word_1_15' title='bbox 626 538 925 601; x_wconf 83' lang='lat' dir='ltr'>blanditias</span> <span class='ocrx_word' id='word_1_16' title='bbox 942 587 958 614; x_wconf 89' lang='lat'>‚</span> <span class='ocrx_word' id='word_1_17' title='bbox 988 541 1266 624; x_wconf 85' lang='lat' dir='ltr'><strong>verbaque</strong></span> <span class='ocrx_word' id='word_1_18' title='bbox 1294 566 1546 603; x_wconf 89' lang='lat' dir='ltr'><strong>murmur</strong></span> <span class='ocrx_word' id='word_1_19' title='bbox 1570 542 1755 603; x_wconf 89' lang='lat' dir='ltr'><strong>habet.</strong></span> 
     </span>
    </p>
   </div>
   <div class='ocr_carea' id='block_1_4' title="bbox 260 683 1997 963">
    <p class='ocr_par' dir='ltr' id='par_1_4' title="bbox 260 683 1997 963">
     <span class='ocr_line' id='line_1_5' title="bbox 260 683 1671 760; baseline 0.002 -15"><span class='ocrx_word' id='word_1_20' title='bbox 260 685 465 745; x_wconf 86' lang='lat' dir='ltr'>PRIMA</span> <span class='ocrx_word' id='word_1_21' title='bbox 494 683 602 743; x_wconf 85' lang='lat' dir='ltr'><strong>fuit</strong></span> <span class='ocrx_word' id='word_1_22' title='bbox 627 707 809 745; x_wconf 89' lang='lat' dir='ltr'><strong>rerum</strong></span> <span class='ocrx_word' id='word_1_23' title='bbox 840 686 1063 747; x_wconf 87' lang='lat' dir='ltr'><strong>confusa</strong></span> <span class='ocrx_word' id='word_1_24' title='bbox 1089 686 1205 747; x_wconf 86' lang='lat' dir='ltr'><strong>sine</strong></span> <span class='ocrx_word' id='word_1_25' title='bbox 1237 686 1430 747; x_wconf 87' lang='lat' dir='ltr'><strong>ordine</strong></span> <span class='ocrx_word' id='word_1_26' title='bbox 1459 687 1632 748; x_wconf 90' lang='lat' dir='ltr'><strong>moles</strong></span> <span class='ocrx_word' id='word_1_27' title='bbox 1658 711 1671 760; x_wconf 90' lang='lat'>;</span> 
     </span>
     <span class='ocr_line' id='line_1_6' title="bbox 348 783 1642 862; baseline 0.004 -24"><span class='ocrx_word' id='word_1_28' title='bbox 348 783 583 862; x_wconf 88' lang='lat' dir='ltr'><strong>Unaque</strong></span> <span class='ocrx_word' id='word_1_29' title='bbox 611 797 766 841; x_wconf 86' lang='lat' dir='ltr'><strong>erant</strong></span> <span class='ocrx_word' id='word_1_30' title='bbox 793 783 956 844; x_wconf 89' lang='lat' dir='ltr'><strong>facies</strong></span> <span class='ocrx_word' id='word_1_31' title='bbox 988 783 1192 857; x_wconf 86' lang='lat' dir='ltr'><strong>sidera,</strong></span> <span class='ocrx_word' id='word_1_32' title='bbox 1224 798 1395 856; x_wconf 84' lang='lat' dir='ltr'><strong>terra,</strong></span> <span class='ocrx_word' id='word_1_33' title='bbox 1423 783 1642 845; x_wconf 83' lang='lat' dir='ltr'><strong>fretum.</strong></span> 
     </span>
     <span class='ocr_line' id='line_1_7' title="bbox 267 877 1997 963; baseline 0 -25"><span class='ocrx_word' id='word_1_34' title='bbox 267 878 406 938; x_wconf 84' lang='lat' dir='ltr'><strong>Mox</strong></span> <span class='ocrx_word' id='word_1_35' title='bbox 429 877 618 938; x_wconf 87' lang='lat' dir='ltr'><strong>caelum</strong></span> <span class='ocrx_word' id='word_1_36' title='bbox 642 879 964 963; x_wconf 87' lang='lat' dir='ltr'><strong>impositum</strong></span> <span class='ocrx_word' id='word_1_37' title='bbox 990 882 1150 941; x_wconf 90' lang='lat' dir='ltr'><strong>terris</strong></span> <span class='ocrx_word' id='word_1_38' title='bbox 1172 906 1184 940; x_wconf 74' lang='grc' dir='ltr'>ε</span> <span class='ocrx_word' id='word_1_39' title='bbox 1211 880 1415 941; x_wconf 90' lang='lat' dir='ltr'><strong>humus</strong></span> <span class='ocrx_word' id='word_1_40' title='bbox 1445 904 1664 963; x_wconf 84' lang='lat' dir='ltr'><strong>aequore</strong></span> <span class='ocrx_word' id='word_1_41' title='bbox 1688 880 1868 941; x_wconf 84' lang='lat' dir='ltr'><strong>cincta</strong></span> <span class='ocrx_word' id='word_1_42' title='bbox 1890 893 1997 951; x_wconf 82' lang='lat' dir='ltr'><strong>est,</strong></span> 
     </span>
    </p>
   </div>
   <div class='ocr_carea' id='block_1_5' title="bbox 347 976 1492 1060">
    <p class='ocr_par' dir='ltr' id='par_1_5' title="bbox 347 976 1492 1060">
     <span class='ocr_line' id='line_1_8' title="bbox 347 976 1492 1060; baseline 0.003 -26"><span class='ocrx_word' id='word_1_43' title='bbox 347 976 524 1058; x_wconf 89' lang='lat' dir='ltr'><strong>Inque</strong></span> <span class='ocrx_word' id='word_1_44' title='bbox 552 1000 676 1037; x_wconf 87' lang='lat' dir='ltr'><strong>suas</strong></span> <span class='ocrx_word' id='word_1_45' title='bbox 700 993 882 1060; x_wconf 89' lang='lat' dir='ltr'><strong>partes</strong></span> <span class='ocrx_word' id='word_1_46' title='bbox 913 978 1077 1039; x_wconf 87' lang='lat' dir='ltr'>cessit</span> <span class='ocrx_word' id='word_1_47' title='bbox 1103 978 1264 1039; x_wconf 89' lang='lat' dir='ltr'><strong>inane</strong></span> <span class='ocrx_word' id='word_1_48' title='bbox 1291 978 1492 1040; x_wconf 64' lang='lat' dir='ltr'><strong>Chaos</strong></span> 
     </span>
    </p>
   </div>
   <div class='ocr_carea' id='block_1_6' title="bbox 1975 993 2057 1050">
    <p class='ocr_par' dir='ltr' id='par_1_6' title="bbox 1975 993 2057 1050">
     <span class='ocr_line' id='line_1_9' title="bbox 1975 993 2057 1050; baseline 0.024 -2"><span class='ocrx_word' id='word_1_49' title='bbox 1975 993 2057 1050; x_wconf 75' lang='lat'><strong>470</strong></span> 
     </span>
    </p>
   </div>
   <div class='ocr_carea' id='block_1_7' title="bbox 266 1070 1650 1450">
    <p class='ocr_par' dir='ltr' id='par_1_7' title="bbox 268 1070 1593 1257">
     <span class='ocr_line' id='line_1_10' title="bbox 268 1070 1593 1160; baseline 0.003 -29"><span class='ocrx_word' id='word_1_50' title='bbox 268 1070 415 1132; x_wconf 89' lang='lat' dir='ltr'><strong>Silva</strong></span> <span class='ocrx_word' id='word_1_51' title='bbox 443 1073 583 1134; x_wconf 86' lang='lat' dir='ltr'><strong>feras</strong></span> <span class='ocrx_word' id='word_1_52' title='bbox 603 1122 617 1147; x_wconf 85' lang='lat'>‚</span> <span class='ocrx_word' id='word_1_53' title='bbox 646 1074 895 1136; x_wconf 84' lang='lat' dir='ltr'><strong>volucres</strong></span> <span class='ocrx_word' id='word_1_54' title='bbox 922 1084 1014 1137; x_wconf 61' lang='grc' dir='ltr'><strong>ἣδι-</strong></span> <span class='ocrx_word' id='word_1_55' title='bbox 1042 1077 1254 1160; x_wconf 86' lang='lat' dir='ltr'><strong>accepit</strong></span> <span class='ocrx_word' id='word_1_56' title='bbox 1281 1075 1593 1137; x_wconf 85' lang='lat' dir='ltr'><strong>habendas:</strong></span> 
     </span>
     <span class='ocr_line' id='line_1_11' title="bbox 346 1165 1445 1257; baseline 0.003 -29"><span class='ocrx_word' id='word_1_57' title='bbox 346 1172 413 1229; x_wconf 92' lang='lat' dir='ltr'><strong>In</strong></span> <span class='ocrx_word' id='word_1_58' title='bbox 442 1170 682 1254; x_wconf 80' lang='lat' dir='ltr'><strong>liquida,</strong></span> <span class='ocrx_word' id='word_1_59' title='bbox 707 1165 917 1256; x_wconf 83' lang='lat' dir='ltr'><strong>pisceS,</strong></span> <span class='ocrx_word' id='word_1_60' title='bbox 952 1173 1254 1234; x_wconf 86' lang='lat' dir='ltr'><strong>delituistis</strong></span> <span class='ocrx_word' id='word_1_61' title='bbox 1285 1198 1445 1257; x_wconf 90' lang='lat' dir='ltr'><strong>aqua.</strong></span> 
     </span>
    </p>

    <p class='ocr_par' dir='ltr' id='par_1_8' title="bbox 266 1268 1650 1450">
     <span class='ocr_line' id='line_1_12' title="bbox 266 1268 1650 1350; baseline 0.004 -24"><span class='ocrx_word' id='word_1_62' title='bbox 266 1268 411 1327; x_wconf 87' lang='lat' dir='ltr'><strong>Tum</strong></span> <span class='ocrx_word' id='word_1_63' title='bbox 442 1292 615 1347; x_wconf 86' lang='lat' dir='ltr'><strong>genus</strong></span> <span class='ocrx_word' id='word_1_64' title='bbox 641 1270 946 1332; x_wconf 89' lang='lat' dir='ltr'><strong>humanum</strong></span> <span class='ocrx_word' id='word_1_65' title='bbox 975 1271 1108 1332; x_wconf 92' lang='lat' dir='ltr'><strong>solis</strong></span> <span class='ocrx_word' id='word_1_66' title='bbox 1137 1271 1352 1332; x_wconf 87' lang='lat' dir='ltr'><strong>errabat</strong></span> <span class='ocrx_word' id='word_1_67' title='bbox 1378 1272 1436 1331; x_wconf 91' lang='lat' dir='ltr'><strong>in</strong></span> <span class='ocrx_word' id='word_1_68' title='bbox 1466 1271 1612 1350; x_wconf 86' lang='lat' dir='ltr'><strong>agris</strong></span> <span class='ocrx_word' id='word_1_69' title='bbox 1637 1295 1650 1343; x_wconf 88' lang='lat'>;</span> 
     </span>
     <span class='ocr_line' id='line_1_13' title="bbox 346 1364 1542 1450; baseline 0.002 -27"><span class='ocrx_word' id='word_1_70' title='bbox 346 1364 525 1448; x_wconf 91' lang='lat' dir='ltr'><strong>quue</strong></span> <span class='ocrx_word' id='word_1_71' title='bbox 550 1391 711 1428; x_wconf 87' lang='lat' dir='ltr'><strong>merae</strong></span> <span class='ocrx_word' id='word_1_72' title='bbox 739 1369 908 1441; x_wconf 82' lang='lat' dir='ltr'><strong>vires,</strong></span> <span class='ocrx_word' id='word_1_73' title='bbox 936 1383 991 1427; x_wconf 90' lang='lat' dir='ltr'><strong>et</strong></span> <span class='ocrx_word' id='word_1_74' title='bbox 1018 1367 1156 1428; x_wconf 87' lang='lat' dir='ltr'><strong>rude</strong></span> <span class='ocrx_word' id='word_1_75' title='bbox 1183 1382 1379 1450; x_wconf 89' lang='lat' dir='ltr'><strong>pectus</strong></span> <span class='ocrx_word' id='word_1_76' title='bbox 1412 1381 1542 1428; x_wconf 88' lang='lat' dir='ltr'><strong>erat.</strong></span> 
     </span>
    </p>
   </div>
   <div class='ocr_carea' id='block_1_8' title="bbox 269 1458 1804 1536">
    <p class='ocr_par' dir='ltr' id='par_1_9' title="bbox 269 1458 1804 1536">
     <span class='ocr_line' id='line_1_14' title="bbox 269 1458 1804 1536; baseline 0.003 -18"><span class='ocrx_word' id='word_1_77' title='bbox 269 1458 415 1521; x_wconf 81' lang='lat' dir='ltr'><strong>Silva</strong></span> <span class='ocrx_word' id='word_1_78' title='bbox 446 1461 641 1522; x_wconf 89' lang='lat' dir='ltr'><strong>domus</strong></span> <span class='ocrx_word' id='word_1_79' title='bbox 670 1462 875 1536; x_wconf 85' lang='lat' dir='ltr'><strong>suerat,</strong></span> <span class='ocrx_word' id='word_1_80' title='bbox 901 1463 1060 1524; x_wconf 89' lang='lat' dir='ltr'><strong>cibus</strong></span> <span class='ocrx_word' id='word_1_81' title='bbox 1089 1464 1261 1525; x_wconf 87' lang='lat' dir='ltr'><strong>herba</strong></span> <span class='ocrx_word' id='word_1_82' title='bbox 1279 1511 1293 1536; x_wconf 89' lang='lat'>‚</span> <span class='ocrx_word' id='word_1_83' title='bbox 1327 1462 1532 1524; x_wconf 89' lang='lat' dir='ltr'><strong>cubilia</strong></span> <span class='ocrx_word' id='word_1_84' title='bbox 1553 1462 1804 1533; x_wconf 87' lang='lat' dir='ltr'><strong>frondes;</strong></span> 
     </span>
    </p>
   </div>
   <div class='ocr_carea' id='block_1_9' title="bbox 1982 1479 2065 1536">
    <p class='ocr_par' dir='ltr' id='par_1_10' title="bbox 1982 1479 2065 1536">
     <span class='ocr_line' id='line_1_15' title="bbox 1982 1479 2065 1536; baseline 0.024 -2"><span class='ocrx_word' id='word_1_85' title='bbox 1982 1479 2065 1536; x_wconf 74' lang='lat'><strong>473</strong></span> 
     </span>
    </p>
   </div>
   <div class='ocr_carea' id='block_1_10' title="bbox 272 1559 1718 1933">
    <p class='ocr_par' dir='ltr' id='par_1_11' title="bbox 272 1559 1718 1933">
     <span class='ocr_line' id='line_1_16' title="bbox 352 1559 1499 1642; baseline 0.002 -25"><span class='ocrx_word' id='word_1_86' title='bbox 352 1559 587 1642; x_wconf 84' lang='lat' dir='ltr'>Jamque</span> <span class='ocrx_word' id='word_1_87' title='bbox 617 1559 715 1619; x_wconf 90' lang='lat' dir='ltr'><strong>diu</strong></span> <span class='ocrx_word' id='word_1_88' title='bbox 743 1559 886 1621; x_wconf 92' lang='lat' dir='ltr'><strong>nulli</strong></span> <span class='ocrx_word' id='word_1_89' title='bbox 914 1561 1170 1639; x_wconf 82' lang='lat' dir='ltr'><strong>cognitus</strong></span> <span class='ocrx_word' id='word_1_90' title='bbox 1202 1560 1339 1621; x_wconf 89' lang='lat' dir='ltr'><strong>alter</strong></span> <span class='ocrx_word' id='word_1_91' title='bbox 1370 1575 1499 1620; x_wconf 88' lang='lat' dir='ltr'><strong>erat.</strong></span> 
     </span>
     <span class='ocr_line' id='line_1_17' title="bbox 272 1654 1718 1740; baseline 0.003 -27"><span class='ocrx_word' id='word_1_92' title='bbox 272 1654 482 1717; x_wconf 81' lang='lat' dir='ltr'><strong>Blanda</strong></span> <span class='ocrx_word' id='word_1_93' title='bbox 513 1671 693 1718; x_wconf 88' lang='lat' dir='ltr'><strong>truces</strong></span> <span class='ocrx_word' id='word_1_94' title='bbox 719 1658 930 1719; x_wconf 90' lang='lat' dir='ltr'><strong>animos</strong></span> <span class='ocrx_word' id='word_1_95' title='bbox 953 1658 1129 1718; x_wconf 86' lang='lat' dir='ltr'><strong>fertur</strong></span> <span class='ocrx_word' id='word_1_96' title='bbox 1156 1658 1402 1719; x_wconf 89' lang='lat' dir='ltr'><strong>mollisse</strong></span> <span class='ocrx_word' id='word_1_97' title='bbox 1428 1656 1718 1740; x_wconf 86' lang='lat' dir='ltr'><strong>voluptas:</strong></span> 
     </span>
     <span class='ocr_line' id='line_1_18' title="bbox 356 1753 1498 1838; baseline 0.002 -27"><span class='ocrx_word' id='word_1_98' title='bbox 356 1753 733 1816; x_wconf 82' lang='lat' dir='ltr'><strong>Constiterant</strong></span> <span class='ocrx_word' id='word_1_99' title='bbox 760 1778 873 1814; x_wconf 91' lang='lat' dir='ltr'><strong>uno</strong></span> <span class='ocrx_word' id='word_1_100' title='bbox 901 1754 1105 1815; x_wconf 85' lang='lat' dir='ltr'><strong>femina</strong></span> <span class='ocrx_word' id='word_1_101' title='bbox 1133 1755 1327 1838; x_wconf 88' lang='lat' dir='ltr'><strong>virque</strong></span> <span class='ocrx_word' id='word_1_102' title='bbox 1357 1769 1498 1814; x_wconf 90' lang='lat' dir='ltr'><strong>tor0.</strong></span> 
     </span>
     <span class='ocr_line' id='line_1_19' title="bbox 280 1848 1658 1933; baseline 0.002 -26"><span class='ocrx_word' id='word_1_103' title='bbox 280 1848 436 1927; x_wconf 83' lang='lat' dir='ltr'><strong>Quid</strong></span> <span class='ocrx_word' id='word_1_104' title='bbox 465 1849 733 1925; x_wconf 84' lang='lat' dir='ltr'><strong>facerent,</strong></span> <span class='ocrx_word' id='word_1_105' title='bbox 761 1851 873 1933; x_wconf 90' lang='lat' dir='ltr'><strong>ipsi</strong></span> <span class='ocrx_word' id='word_1_106' title='bbox 900 1851 1058 1912; x_wconf 91' lang='lat' dir='ltr'><strong>nullo</strong></span> <span class='ocrx_word' id='word_1_107' title='bbox 1089 1852 1328 1913; x_wconf 84' lang='lat' dir='ltr'><strong>didicere</strong></span> <span class='ocrx_word' id='word_1_108' title='bbox 1355 1851 1658 1929; x_wconf 85' lang='lat' dir='ltr'><strong>magistro:</strong></span> 
     </span>
    </p>
   </div>
   <div class='ocr_carea' id='block_1_11' title="bbox 284 2029 1137 2152">
    <p class='ocr_par' dir='ltr' id='par_1_12' title="bbox 284 2029 1137 2152">
     <span class='ocr_line' id='line_1_20' title="bbox 335 2029 1133 2088; baseline 0.006 -16"><span class='ocrx_word' id='word_1_109' title='bbox 335 2029 428 2083; x_wconf 78' lang='lat'><strong>468.</strong></span> <span class='ocrx_word' id='word_1_110' title='bbox 465 2032 643 2087; x_wconf 79' lang='lat' dir='ltr'><strong>Unaque</strong></span> <span class='ocrx_word' id='word_1_111' title='bbox 661 2032 952 2088; x_wconf 78' lang='lat' dir='ltr'><strong>eranlsacz‘cs,</strong></span> <span class='ocrx_word' id='word_1_112' title='bbox 971 2036 1133 2086; x_wconf 80' lang='lat' dir='ltr'><strong>sidera,</strong></span> 
     </span>
     <span class='ocr_line' id='line_1_21' title="bbox 284 2094 1137 2152; baseline 0.007 -17"><span class='ocrx_word' id='word_1_113' title='bbox 284 2099 414 2146; x_wconf 74' lang='lat' dir='ltr'><strong>terra,</strong></span> <span class='ocrx_word' id='word_1_114' title='bbox 418 2094 593 2150; x_wconf 82' lang='lat' dir='ltr'><strong>fretum.</strong></span> <span class='ocrx_word' id='word_1_115' title='bbox 610 2095 683 2139; x_wconf 85' lang='lat' dir='ltr'><strong>Sic</strong></span> <span class='ocrx_word' id='word_1_116' title='bbox 692 2097 740 2139; x_wconf 89' lang='lat' dir='ltr'><strong>in</strong></span> <span class='ocrx_word' id='word_1_117' title='bbox 754 2097 893 2141; x_wconf 89' lang='lat' dir='ltr'><strong>Fastis</strong></span> <span class='ocrx_word' id='word_1_118' title='bbox 908 2097 979 2141; x_wconf 87' lang='lat' dir='ltr'><strong>lib.</strong></span> <span class='ocrx_word' id='word_1_119' title='bbox 990 2112 1025 2152; x_wconf 89' lang='lat'><strong>1,</strong></span> <span class='ocrx_word' id='word_1_120' title='bbox 1042 2098 1137 2140; x_wconf 74' lang='lat'><strong>105:</strong></span> 
     </span>
    </p>
   </div>
   <div class='ocr_carea' id='block_1_12' title="bbox 284 2166 1074 2287">
    <p class='ocr_par' dir='ltr' id='par_1_13' title="bbox 284 2166 1074 2287">
     <span class='ocr_line' id='line_1_22' title="bbox 314 2166 1074 2210; baseline 0.004 -13"><span class='ocrx_word' id='word_1_121' title='bbox 314 2166 404 2207; x_wconf 82' lang='lat' dir='ltr'><strong>Ignis</strong></span> <span class='ocrx_word' id='word_1_122' title='bbox 414 2191 426 2206; x_wconf 89' lang='lat'><em>,</em></span> <span class='ocrx_word' id='word_1_123' title='bbox 439 2179 532 2210; x_wconf 83' lang='lat' dir='ltr'><strong>aquae</strong></span> <span class='ocrx_word' id='word_1_124' title='bbox 543 2193 554 2208; x_wconf 83' lang='lat'><em>,</em></span> <span class='ocrx_word' id='word_1_125' title='bbox 569 2169 667 2199; x_wconf 80' lang='lat' dir='ltr'><strong>tellus</strong></span> <span class='ocrx_word' id='word_1_126' title='bbox 680 2194 691 2208; x_wconf 95' lang='lat'>,</span> <span class='ocrx_word' id='word_1_127' title='bbox 714 2181 799 2200; x_wconf 86' lang='lat' dir='ltr'><strong>unus</strong></span> <span class='ocrx_word' id='word_1_128' title='bbox 814 2181 949 2202; x_wconf 79' lang='lat' dir='ltr'><strong>acervus</strong></span> <span class='ocrx_word' id='word_1_129' title='bbox 967 2177 1074 2201; x_wconf 77' lang='lat' dir='ltr'><strong>erant.</strong></span> 
     </span>
     <span class='ocr_line' id='line_1_23' title="bbox 284 2228 982 2287; baseline 0.006 -17"><span class='ocrx_word' id='word_1_130' title='bbox 284 2228 708 2287; x_wconf 87' lang='lat' dir='ltr'><strong>Metamorphoseon</strong></span> <span class='ocrx_word' id='word_1_131' title='bbox 729 2230 841 2274; x_wconf 83' lang='lat' dir='ltr'><strong>libro</strong></span> <span class='ocrx_word' id='word_1_132' title='bbox 861 2245 903 2287; x_wconf 89' lang='lat'><strong>1,</strong></span> <span class='ocrx_word' id='word_1_133' title='bbox 927 2233 951 2274; x_wconf 88' lang='lat'>5</span> <span class='ocrx_word' id='word_1_134' title='bbox 971 2249 982 2275; x_wconf 76' lang='lat' dir='ltr'><strong><em>z</em></strong></span> 
     </span>
    </p>
   </div>
   <div class='ocr_carea' id='block_1_13' title="bbox 287 2306 1143 2395">
    <p class='ocr_par' dir='ltr' id='par_1_14' title="bbox 287 2306 1143 2395">
     <span class='ocr_line' id='line_1_24' title="bbox 289 2306 1143 2348; baseline 0.005 -13"><span class='ocrx_word' id='word_1_135' title='bbox 289 2306 380 2336; x_wconf 82' lang='lat' dir='ltr'><strong>Ante</strong></span> <span class='ocrx_word' id='word_1_136' title='bbox 390 2316 492 2344; x_wconf 82' lang='lat' dir='ltr'><strong>mare,</strong></span> <span class='ocrx_word' id='word_1_137' title='bbox 501 2313 533 2337; x_wconf 83' lang='lat' dir='ltr'><strong>et</strong></span> <span class='ocrx_word' id='word_1_138' title='bbox 545 2307 656 2345; x_wconf 77' lang='lat' dir='ltr'><strong>tellus,</strong></span> <span class='ocrx_word' id='word_1_139' title='bbox 670 2312 702 2337; x_wconf 86' lang='lat' dir='ltr'><strong>et</strong></span> <span class='ocrx_word' id='word_1_140' title='bbox 714 2306 803 2348; x_wconf 87' lang='lat' dir='ltr'><strong>quod</strong></span> <span class='ocrx_word' id='word_1_141' title='bbox 810 2306 890 2347; x_wconf 84' lang='lat' dir='ltr'><strong>tegit</strong></span> <span class='ocrx_word' id='word_1_142' title='bbox 896 2307 1005 2338; x_wconf 79' lang='lat' dir='ltr'><strong>omnia</strong></span> <span class='ocrx_word' id='word_1_143' title='bbox 1013 2307 1126 2339; x_wconf 80' lang='lat' dir='ltr'><strong>caelum</strong></span> <span class='ocrx_word' id='word_1_144' title='bbox 1132 2332 1143 2348; x_wconf 89' lang='lat'>,</span> 
     </span>
     <span class='ocr_line' id='line_1_25' title="bbox 287 2359 1019 2395; baseline 0.007 -6"><span class='ocrx_word' id='word_1_145' title='bbox 287 2359 386 2390; x_wconf 77' lang='lat' dir='ltr'><strong>Unus</strong></span> <span class='ocrx_word' id='word_1_146' title='bbox 401 2368 499 2392; x_wconf 72' lang='lat' dir='ltr'><strong>erant</strong></span> <span class='ocrx_word' id='word_1_147' title='bbox 511 2367 578 2392; x_wconf 85' lang='lat' dir='ltr'><strong>toto</strong></span> <span class='ocrx_word' id='word_1_148' title='bbox 595 2362 731 2393; x_wconf 82' lang='lat' dir='ltr'><strong>Naturae</strong></span> <span class='ocrx_word' id='word_1_149' title='bbox 746 2364 859 2394; x_wconf 83' lang='lat' dir='ltr'><strong>vultus</strong></span> <span class='ocrx_word' id='word_1_150' title='bbox 881 2364 914 2395; x_wconf 89' lang='lat' dir='ltr'><strong>in</strong></span> <span class='ocrx_word' id='word_1_151' title='bbox 930 2363 1019 2394; x_wconf 86' lang='lat' dir='ltr'><strong>orbe.</strong></span> 
     </span>
    </p>
   </div>
   <div class='ocr_carea' id='block_1_14' title="bbox 289 2420 1138 2543">
    <p class='ocr_par' dir='ltr' id='par_1_15' title="bbox 289 2420 1138 2543">
     <span class='ocr_line' id='line_1_26' title="bbox 289 2420 1138 2479; baseline 0.002 -15"><span class='ocrx_word' id='word_1_152' title='bbox 289 2420 363 2464; x_wconf 88' lang='lat' dir='ltr'><strong>Sic</strong></span> <span class='ocrx_word' id='word_1_153' title='bbox 382 2421 442 2464; x_wconf 90' lang='lat' dir='ltr'><strong>ibi</strong></span> <span class='ocrx_word' id='word_1_154' title='bbox 456 2422 577 2465; x_wconf 90' lang='lat' dir='ltr'><strong>enim</strong></span> <span class='ocrx_word' id='word_1_155' title='bbox 591 2423 892 2479; x_wconf 87' lang='lat' dir='ltr'><strong>scribendum,</strong></span> <span class='ocrx_word' id='word_1_156' title='bbox 913 2440 1007 2468; x_wconf 92' lang='lat' dir='ltr'><strong>non</strong></span> <span class='ocrx_word' id='word_1_157' title='bbox 1026 2430 1138 2477; x_wconf 81' lang='lat' dir='ltr'><strong>erat,</strong></span> 
     </span>
     <span class='ocr_line' id='line_1_27' title="bbox 291 2486 739 2543; baseline 0.009 -15"><span class='ocrx_word' id='word_1_158' title='bbox 291 2486 497 2543; x_wconf 86' lang='lat' dir='ltr'><strong>opinatur</strong></span> <span class='ocrx_word' id='word_1_159' title='bbox 518 2488 739 2533; x_wconf 86' lang='lat' dir='ltr'><strong>Heinsius.</strong></span> 
     </span>
    </p>
   </div>
   <div class='ocr_carea' id='block_1_15' title="bbox 293 2551 1162 3528">
    <p class='ocr_par' dir='ltr' id='par_1_16' title="bbox 293 2551 1162 3528">
     <span class='ocr_line' id='line_1_28' title="bbox 347 2551 1148 2607; baseline 0.007 -16"><span class='ocrx_word' id='word_1_160' title='bbox 347 2551 398 2607; x_wconf 74' lang='lat'><strong>47</strong></span> <span class='ocrx_word' id='word_1_161' title='bbox 408 2568 423 2592; x_wconf 93' lang='lat'>1</span> <span class='ocrx_word' id='word_1_162' title='bbox 432 2582 441 2592; x_wconf 87' lang='lat'><strong>.</strong></span> <span class='ocrx_word' id='word_1_163' title='bbox 454 2552 711 2607; x_wconf 73' lang='lat' dir='ltr'><strong>Silvaferas.</strong></span> <span class='ocrx_word' id='word_1_164' title='bbox 725 2553 813 2598; x_wconf 85' lang='lat' dir='ltr'><strong>Hic</strong></span> <span class='ocrx_word' id='word_1_165' title='bbox 826 2570 976 2599; x_wconf 87' lang='lat' dir='ltr'><strong>versus</strong></span> <span class='ocrx_word' id='word_1_166' title='bbox 995 2555 1041 2598; x_wconf 90' lang='lat' dir='ltr'><strong>in</strong></span> <span class='ocrx_word' id='word_1_167' title='bbox 1065 2554 1148 2597; x_wconf 86' lang='lat' dir='ltr'><strong>Al-</strong></span> 
     </span>
     <span class='ocr_line' id='line_1_29' title="bbox 295 2613 698 2673; baseline 0.012 -17"><span class='ocrx_word' id='word_1_168' title='bbox 295 2613 410 2657; x_wconf 87' lang='lat' dir='ltr'><strong>dinis</strong></span> <span class='ocrx_word' id='word_1_169' title='bbox 429 2615 490 2657; x_wconf 90' lang='lat' dir='ltr'><strong>ita</strong></span> <span class='ocrx_word' id='word_1_170' title='bbox 512 2615 698 2673; x_wconf 84' lang='lat' dir='ltr'><strong>legitur:</strong></span> 
     </span>
     <span class='ocr_line' id='line_1_30' title="bbox 293 2683 1016 2727; baseline 0.008 -14"><span class='ocrx_word' id='word_1_171' title='bbox 293 2683 384 2714; x_wconf 80' lang='lat' dir='ltr'><strong>Silva</strong></span> <span class='ocrx_word' id='word_1_172' title='bbox 394 2683 478 2714; x_wconf 73' lang='lat' dir='ltr'><strong>feras</strong></span> <span class='ocrx_word' id='word_1_173' title='bbox 493 2685 598 2726; x_wconf 81' lang='lat' dir='ltr'><strong>cepit,</strong></span> <span class='ocrx_word' id='word_1_174' title='bbox 612 2686 762 2717; x_wconf 81' lang='lat' dir='ltr'><strong>volucres</strong></span> <span class='ocrx_word' id='word_1_175' title='bbox 777 2687 940 2727; x_wconf 77' lang='lat' dir='ltr'><strong>agitabilis</strong></span> <span class='ocrx_word' id='word_1_176' title='bbox 951 2691 1016 2719; x_wconf 74' lang='lat' dir='ltr'><strong>a&#39;er.</strong></span> 
     </span>
     <span class='ocr_line' id='line_1_31' title="bbox 299 2744 1149 2805; baseline 0.005 -18"><span class='ocrx_word' id='word_1_177' title='bbox 299 2744 395 2800; x_wconf 85' lang='lat' dir='ltr'><strong>Qui</strong></span> <span class='ocrx_word' id='word_1_178' title='bbox 421 2762 571 2790; x_wconf 84' lang='lat' dir='ltr'><strong>versus</strong></span> <span class='ocrx_word' id='word_1_179' title='bbox 602 2746 713 2789; x_wconf 88' lang='lat' dir='ltr'><strong>mihi</strong></span> <span class='ocrx_word' id='word_1_180' title='bbox 744 2748 880 2805; x_wconf 86' lang='lat' dir='ltr'><strong>magis</strong></span> <span class='ocrx_word' id='word_1_181' title='bbox 907 2750 1119 2805; x_wconf 88' lang='lat' dir='ltr'><strong>probatur</strong></span> <span class='ocrx_word' id='word_1_182' title='bbox 1137 2782 1149 2803; x_wconf 91' lang='lat'>,</span> 
     </span>
     <span class='ocr_line' id='line_1_32' title="bbox 297 2811 1153 2869; baseline 0.004 -16"><span class='ocrx_word' id='word_1_183' title='bbox 297 2811 471 2855; x_wconf 83' lang='lat' dir='ltr'><strong>tametsi</strong></span> <span class='ocrx_word' id='word_1_184' title='bbox 491 2812 709 2855; x_wconf 89' lang='lat' dir='ltr'><strong>sententia</strong></span> <span class='ocrx_word' id='word_1_185' title='bbox 738 2813 980 2869; x_wconf 85' lang='lat' dir='ltr'><strong>utrobique</strong></span> <span class='ocrx_word' id='word_1_186' title='bbox 996 2813 1153 2857; x_wconf 81' lang='lat' dir='ltr'><strong>eadem</strong></span> 
     </span>
     <span class='ocr_line' id='line_1_33' title="bbox 297 2878 1154 2935; baseline 0.001 -15"><span class='ocrx_word' id='word_1_187' title='bbox 297 2886 374 2921; x_wconf 86' lang='lat' dir='ltr'><strong>est.</strong></span> <span class='ocrx_word' id='word_1_188' title='bbox 389 2878 952 2935; x_wconf 77' lang='lat' dir='ltr'><strong>MICYL.—Interpolarunt</strong></span> <span class='ocrx_word' id='word_1_189' title='bbox 963 2878 1083 2922; x_wconf 91' lang='lat' dir='ltr'><strong>hunc</strong></span> <span class='ocrx_word' id='word_1_190' title='bbox 1094 2879 1154 2921; x_wconf 91' lang='lat' dir='ltr'><strong>lo-</strong></span> 
     </span>
     <span class='ocr_line' id='line_1_34' title="bbox 299 2944 1155 3001; baseline -0.001 -13"><span class='ocrx_word' id='word_1_191' title='bbox 299 2961 426 2999; x_wconf 81' lang='lat' dir='ltr'><strong>cum,</strong></span> <span class='ocrx_word' id='word_1_192' title='bbox 454 2961 505 2988; x_wconf 83' lang='lat' dir='ltr'><strong>ex</strong></span> <span class='ocrx_word' id='word_1_193' title='bbox 532 2944 643 2987; x_wconf 88' lang='lat' dir='ltr'><strong>libro</strong></span> <span class='ocrx_word' id='word_1_194' title='bbox 670 2944 856 2988; x_wconf 85' lang='lat' dir='ltr'><strong>Metam.</strong></span> <span class='ocrx_word' id='word_1_195' title='bbox 883 2944 1051 3001; x_wconf 91' lang='lat' dir='ltr'><strong>primo,</strong></span> <span class='ocrx_word' id='word_1_196' title='bbox 1079 2944 1155 3000; x_wconf 86' lang='lat' dir='ltr'><strong>qui</strong></span> 
     </span>
     <span class='ocr_line' id='line_1_35' title="bbox 302 3009 1155 3069; baseline -0.001 -16"><span class='ocrx_word' id='word_1_197' title='bbox 302 3010 592 3067; x_wconf 84' lang='lat' dir='ltr'><strong>posteriorem</strong></span> <span class='ocrx_word' id='word_1_198' title='bbox 630 3010 677 3052; x_wconf 89' lang='lat' dir='ltr'><strong>in</strong></span> <span class='ocrx_word' id='word_1_199' title='bbox 710 3015 788 3052; x_wconf 74' lang='grc' dir='ltr'><strong>αέι·</strong></span> <span class='ocrx_word' id='word_1_200' title='bbox 816 3009 1025 3069; x_wconf 84' lang='lat' dir='ltr'><strong>syllabam</strong></span> <span class='ocrx_word' id='word_1_201' title='bbox 1060 3025 1155 3052; x_wconf 88' lang='lat' dir='ltr'><strong>non</strong></span> 
     </span>
     <span class='ocr_line' id='line_1_36' title="bbox 302 3076 1156 3134; baseline 0 -15"><span class='ocrx_word' id='word_1_202' title='bbox 302 3092 425 3133; x_wconf 89' lang='lat' dir='ltr'><strong>posse</strong></span> <span class='ocrx_word' id='word_1_203' title='bbox 463 3076 648 3134; x_wconf 87' lang='lat' dir='ltr'><strong>produci</strong></span> <span class='ocrx_word' id='word_1_204' title='bbox 688 3077 1005 3120; x_wconf 83' lang='lat' dir='ltr'><strong>existimarunt.</strong></span> <span class='ocrx_word' id='word_1_205' title='bbox 1038 3077 1156 3121; x_wconf 89' lang='lat' dir='ltr'><strong>Nam</strong></span> 
     </span>
     <span class='ocr_line' id='line_1_37' title="bbox 305 3143 1157 3202; baseline -0.001 -14"><span class='ocrx_word' id='word_1_206' title='bbox 305 3144 452 3201; x_wconf 87' lang='lat' dir='ltr'><strong>scripti</strong></span> <span class='ocrx_word' id='word_1_207' title='bbox 470 3154 654 3200; x_wconf 83' lang='lat' dir='ltr'><strong>veteres,</strong></span> <span class='ocrx_word' id='word_1_208' title='bbox 671 3161 774 3188; x_wconf 89' lang='lat' dir='ltr'><strong>cum</strong></span> <span class='ocrx_word' id='word_1_209' title='bbox 788 3145 939 3202; x_wconf 89' lang='lat' dir='ltr'><strong>primis</strong></span> <span class='ocrx_word' id='word_1_210' title='bbox 960 3143 1157 3191; x_wconf 80' lang='lat' dir='ltr'><strong>editioni-</strong></span> 
     </span>
     <span class='ocr_line' id='line_1_38' title="bbox 306 3209 912 3263; baseline 0.003 -12"><span class='ocrx_word' id='word_1_211' title='bbox 306 3209 412 3263; x_wconf 82' lang='lat' dir='ltr'><strong>bus,</strong></span> <span class='ocrx_word' id='word_1_212' title='bbox 435 3218 688 3253; x_wconf 84' lang='lat' dir='ltr'><strong>constanter</strong></span> <span class='ocrx_word' id='word_1_213' title='bbox 704 3219 749 3253; x_wconf 91' lang='lat' dir='ltr'><strong>et</strong></span> <span class='ocrx_word' id='word_1_214' title='bbox 766 3215 884 3253; x_wconf 87' lang='lat' dir='ltr'><strong>reete</strong></span> <span class='ocrx_word' id='word_1_215' title='bbox 902 3226 912 3253; x_wconf 91' lang='lat'>:</span> 
     </span>
     <span class='ocr_line' id='line_1_39' title="bbox 305 3277 1155 3320; baseline 0 -12"><span class='ocrx_word' id='word_1_216' title='bbox 305 3278 395 3309; x_wconf 80' lang='lat' dir='ltr'><strong>Silva</strong></span> <span class='ocrx_word' id='word_1_217' title='bbox 407 3277 491 3308; x_wconf 82' lang='lat' dir='ltr'><strong>seras</strong></span> <span class='ocrx_word' id='word_1_218' title='bbox 501 3301 512 3317; x_wconf 92' lang='lat'><strong><em>,</em></strong></span> <span class='ocrx_word' id='word_1_219' title='bbox 530 3279 679 3309; x_wconf 81' lang='lat' dir='ltr'><strong>volucres</strong></span> <span class='ocrx_word' id='word_1_220' title='bbox 694 3289 749 3308; x_wconf 79' lang='lat' dir='ltr'><strong>aer</strong></span> <span class='ocrx_word' id='word_1_221' title='bbox 764 3279 888 3320; x_wconf 82' lang='lat' dir='ltr'><strong>accepit</strong></span> <span class='ocrx_word' id='word_1_222' title='bbox 905 3278 1079 3309; x_wconf 79' lang='lat' dir='ltr'><strong>habendas.</strong></span> <span class='ocrx_word' id='word_1_223' title='bbox 1109 3278 1155 3308; x_wconf 90' lang='lat' dir='ltr'><strong>H.</strong></span> 
     </span>
     <span class='ocr_line' id='line_1_40' title="bbox 365 3341 1159 3396; baseline 0.003 -15"><span class='ocrx_word' id='word_1_224' title='bbox 365 3341 455 3394; x_wconf 77' lang='lat'><strong>474.</strong></span> <span class='ocrx_word' id='word_1_225' title='bbox 486 3342 617 3395; x_wconf 80' lang='lat' dir='ltr'><strong>quue</strong></span> <span class='ocrx_word' id='word_1_226' title='bbox 638 3356 755 3382; x_wconf 82' lang='lat' dir='ltr'><strong>meroe</strong></span> <span class='ocrx_word' id='word_1_227' title='bbox 775 3344 897 3383; x_wconf 77' lang='lat' dir='ltr'><strong>vires.</strong></span> <span class='ocrx_word' id='word_1_228' title='bbox 916 3342 1076 3396; x_wconf 67' lang='lat' dir='ltr'><strong>Htquue</strong></span> <span class='ocrx_word' id='word_1_229' title='bbox 1090 3356 1159 3383; x_wconf 87' lang='lat' dir='ltr'><strong>no-</strong></span> 
     </span>
     <span class='ocr_line' id='line_1_41' title="bbox 307 3407 1162 3460; baseline 0.002 -14"><span class='ocrx_word' id='word_1_230' title='bbox 307 3421 363 3447; x_wconf 62' lang='grc' dir='ltr'><strong>ναι</strong></span> <span class='ocrx_word' id='word_1_231' title='bbox 383 3410 493 3448; x_wconf 81' lang='lat' dir='ltr'><strong>vires</strong></span> <span class='ocrx_word' id='word_1_232' title='bbox 505 3441 516 3458; x_wconf 70' lang='lat'><strong><em>⁷</em></strong></span> <span class='ocrx_word' id='word_1_233' title='bbox 532 3407 728 3451; x_wconf 88' lang='lat' dir='ltr'><strong>Gronov.</strong></span> <span class='ocrx_word' id='word_1_234' title='bbox 749 3407 857 3449; x_wconf 88' lang='lat' dir='ltr'><strong>Mox</strong></span> <span class='ocrx_word' id='word_1_235' title='bbox 873 3439 883 3460; x_wconf 93' lang='lat'>‚</span> <span class='ocrx_word' id='word_1_236' title='bbox 905 3409 1005 3448; x_wconf 82' lang='lat' dir='ltr'><strong>rude</strong></span> <span class='ocrx_word' id='word_1_237' title='bbox 1013 3412 1162 3460; x_wconf 81' lang='lat' dir='ltr'><strong>pectus</strong></span> 
     </span>
     <span class='ocr_line' id='line_1_42' title="bbox 307 3469 1161 3528; baseline 0.002 -18"><span class='ocrx_word' id='word_1_238' title='bbox 307 3474 427 3511; x_wconf 74' lang='lat' dir='ltr'><strong>emal</strong></span> <span class='ocrx_word' id='word_1_239' title='bbox 439 3501 451 3522; x_wconf 80' lang='lat'>‚</span> <span class='ocrx_word' id='word_1_240' title='bbox 472 3486 545 3513; x_wconf 86' lang='lat' dir='ltr'><strong>sex</strong></span> <span class='ocrx_word' id='word_1_241' title='bbox 564 3471 712 3528; x_wconf 87' lang='lat' dir='ltr'><strong>scripti</strong></span> <span class='ocrx_word' id='word_1_242' title='bbox 729 3488 739 3527; x_wconf 80' lang='lat'><em>3</em></span> <span class='ocrx_word' id='word_1_243' title='bbox 759 3470 843 3514; x_wconf 88' lang='lat' dir='ltr'><strong>nisi</strong></span> <span class='ocrx_word' id='word_1_244' title='bbox 865 3469 984 3527; x_wconf 88' lang='lat' dir='ltr'><strong>quod</strong></span> <span class='ocrx_word' id='word_1_245' title='bbox 1004 3485 1161 3512; x_wconf 85' lang='lat' dir='ltr'><strong>eorum</strong></span> 
     </span>
    </p>
   </div>
   <div class='ocr_carea' id='block_1_16' title="bbox 1220 2032 2076 2221">
    <p class='ocr_par' dir='ltr' id='par_1_17' title="bbox 1220 2032 2076 2221">
     <span class='ocr_line' id='line_1_43' title="bbox 1221 2032 2074 2090; baseline -0.011 -11"><span class='ocrx_word' id='word_1_246' title='bbox 1221 2034 1451 2090; x_wconf 77' lang='lat' dir='ltr'><strong>tres,era&#39;t:</strong></span> <span class='ocrx_word' id='word_1_247' title='bbox 1468 2032 1628 2077; x_wconf 87' lang='lat' dir='ltr'><strong>rectius</strong></span> <span class='ocrx_word' id='word_1_248' title='bbox 1643 2038 1751 2088; x_wconf 85' lang='lat' dir='ltr'><strong>puto</strong></span> <span class='ocrx_word' id='word_1_249' title='bbox 1763 2035 1926 2086; x_wconf 82' lang='lat' dir='ltr'><strong>peclus,</strong></span> <span class='ocrx_word' id='word_1_250' title='bbox 1941 2045 2074 2086; x_wconf 82' lang='lat' dir='ltr'><strong>quam</strong></span> 
     </span>
     <span class='ocr_line' id='line_1_44' title="bbox 1220 2097 2074 2157; baseline -0.009 -12"><span class='ocrx_word' id='word_1_251' title='bbox 1220 2117 1370 2157; x_wconf 67' lang='lat' dir='ltr'><strong>corpus</strong></span> <span class='ocrx_word' id='word_1_252' title='bbox 1385 2135 1394 2152; x_wconf 92' lang='lat'><em>‚</em></span> <span class='ocrx_word' id='word_1_253' title='bbox 1414 2099 1532 2157; x_wconf 91' lang='lat' dir='ltr'><strong>quod</strong></span> <span class='ocrx_word' id='word_1_254' title='bbox 1547 2115 1641 2142; x_wconf 91' lang='lat' dir='ltr'><strong>non</strong></span> <span class='ocrx_word' id='word_1_255' title='bbox 1663 2106 1752 2141; x_wconf 89' lang='lat' dir='ltr'><strong>tam</strong></span> <span class='ocrx_word' id='word_1_256' title='bbox 1774 2097 1999 2153; x_wconf 83' lang='lat' dir='ltr'><strong>eleganter</strong></span> <span class='ocrx_word' id='word_1_257' title='bbox 2011 2114 2074 2138; x_wconf 80' lang='lat' dir='ltr'><strong>ru-</strong></span> 
     </span>
     <span class='ocr_line' id='line_1_45' title="bbox 1222 2162 2076 2221; baseline -0.011 -11"><span class='ocrx_word' id='word_1_258' title='bbox 1222 2170 1274 2211; x_wconf 88' lang='lat' dir='ltr'><strong>de</strong></span> <span class='ocrx_word' id='word_1_259' title='bbox 1294 2166 1462 2209; x_wconf 88' lang='lat' dir='ltr'><strong>dicitur.</strong></span> <span class='ocrx_word' id='word_1_260' title='bbox 1487 2165 1675 2221; x_wconf 88' lang='lat' dir='ltr'><strong>Semper</strong></span> <span class='ocrx_word' id='word_1_261' title='bbox 1703 2171 1851 2205; x_wconf 85' lang='lat' dir='ltr'><strong>autem</strong></span> <span class='ocrx_word' id='word_1_262' title='bbox 1882 2162 1976 2203; x_wconf 89' lang='lat' dir='ltr'><strong>sere</strong></span> <span class='ocrx_word' id='word_1_263' title='bbox 1996 2177 2076 2216; x_wconf 87' lang='lat' dir='ltr'><strong>pro</strong></span> 
     </span>
    </p>
   </div>
   <div class='ocr_carea' id='block_1_17' title="bbox 1215 2226 2073 2289">
    <p class='ocr_par' dir='ltr' id='par_1_18' title="bbox 1215 2226 2073 2289">
     <span class='ocr_line' id='line_1_46' title="bbox 1215 2226 2073 2289; baseline -0.009 -13"><span class='ocrx_word' id='word_1_264' title='bbox 1215 2238 1403 2289; x_wconf 80' lang='lat' dir='ltr'><strong>pectore,</strong></span> <span class='ocrx_word' id='word_1_265' title='bbox 1427 2246 1576 2285; x_wconf 82' lang='lat' dir='ltr'><strong>corpus</strong></span> <span class='ocrx_word' id='word_1_266' title='bbox 1591 2243 1859 2286; x_wconf 88' lang='lat' dir='ltr'><strong>supposuere</strong></span> <span class='ocrx_word' id='word_1_267' title='bbox 1880 2226 2042 2270; x_wconf 86' lang='lat' dir='ltr'><strong>librarii</strong></span> <span class='ocrx_word' id='word_1_268' title='bbox 2063 2259 2073 2281; x_wconf 89' lang='lat'><em>‚</em></span> 
     </span>
    </p>
   </div>
   <div class='ocr_carea' id='block_1_18' title="bbox 1225 2295 2088 2802">
    <p class='ocr_par' dir='ltr' id='par_1_19' title="bbox 1225 2295 1647 2341">
     <span class='ocr_line' id='line_1_47' title="bbox 1225 2295 1647 2341; baseline -0.012 0"><span class='ocrx_word' id='word_1_269' title='bbox 1225 2306 1270 2341; x_wconf 88' lang='lat' dir='ltr'><strong>et</strong></span> <span class='ocrx_word' id='word_1_270' title='bbox 1292 2305 1462 2340; x_wconf 81' lang='lat' dir='ltr'><strong>contra.</strong></span> <span class='ocrx_word' id='word_1_271' title='bbox 1484 2295 1647 2339; x_wconf 78' lang='lat' dir='ltr'><strong>BURM.</strong></span> 
     </span>
    </p>

    <p class='ocr_par' dir='ltr' id='par_1_20' title="bbox 1225 2356 2082 2469">
     <span class='ocr_line' id='line_1_48' title="bbox 1281 2356 2082 2418; baseline -0.007 -14"><span class='ocrx_word' id='word_1_272' title='bbox 1281 2363 1375 2418; x_wconf 83' lang='grc'><strong>475.</strong></span> <span class='ocrx_word' id='word_1_273' title='bbox 1403 2362 1570 2404; x_wconf 80' lang='lat' dir='ltr'><strong>Domus</strong></span> <span class='ocrx_word' id='word_1_274' title='bbox 1579 2359 1740 2416; x_wconf 82' lang='lat' dir='ltr'><strong>suerat.</strong></span> <span class='ocrx_word' id='word_1_275' title='bbox 1761 2359 1949 2400; x_wconf 79' lang='lat' dir='ltr'><strong>Fuerant</strong></span> <span class='ocrx_word' id='word_1_276' title='bbox 1962 2356 2082 2399; x_wconf 85' lang='lat' dir='ltr'><strong>vole-</strong></span> 
     </span>
     <span class='ocr_line' id='line_1_49' title="bbox 1225 2425 1548 2469; baseline -0.009 0"><span class='ocrx_word' id='word_1_277' title='bbox 1225 2425 1300 2469; x_wconf 86' lang='lat' dir='ltr'><strong>bat</strong></span> <span class='ocrx_word' id='word_1_278' title='bbox 1323 2425 1548 2469; x_wconf 81' lang='lat' dir='ltr'><strong>Francius.</strong></span> 
     </span>
    </p>

    <p class='ocr_par' dir='ltr' id='par_1_21' title="bbox 1228 2487 2088 2802">
     <span class='ocr_line' id='line_1_50' title="bbox 1283 2487 2081 2548; baseline -0.008 -15"><span class='ocrx_word' id='word_1_279' title='bbox 1283 2492 1334 2548; x_wconf 78' lang='grc'><strong>47</strong></span> <span class='ocrx_word' id='word_1_280' title='bbox 1341 2506 1376 2547; x_wconf 89' lang='lat'><strong>7.</strong></span> <span class='ocrx_word' id='word_1_281' title='bbox 1388 2491 1567 2533; x_wconf 83' lang='lat' dir='ltr'><strong>Blanda</strong></span> <span class='ocrx_word' id='word_1_282' title='bbox 1577 2494 1723 2532; x_wconf 61' lang='lat' dir='ltr'><strong>truces</strong></span> <span class='ocrx_word' id='word_1_283' title='bbox 1727 2491 1891 2531; x_wconf 84' lang='lat' dir='ltr'><strong>animos</strong></span> <span class='ocrx_word' id='word_1_284' title='bbox 1901 2496 1980 2531; x_wconf 88' lang='lat' dir='ltr'><strong>etc.</strong></span> <span class='ocrx_word' id='word_1_285' title='bbox 1995 2487 2065 2529; x_wconf 89' lang='lat' dir='ltr'><strong>He</strong></span> <span class='ocrx_word' id='word_1_286' title='bbox 2072 2511 2081 2515; x_wconf 92' lang='lat'>-</span> 
     </span>
     <span class='ocr_line' id='line_1_51' title="bbox 1228 2553 2080 2611; baseline -0.008 -12"><span class='ocrx_word' id='word_1_287' title='bbox 1228 2555 1403 2600; x_wconf 85' lang='lat' dir='ltr'><strong>siodum</strong></span> <span class='ocrx_word' id='word_1_288' title='bbox 1413 2555 1628 2611; x_wconf 89' lang='lat' dir='ltr'><strong>sequitur,</strong></span> <span class='ocrx_word' id='word_1_289' title='bbox 1640 2563 1682 2597; x_wconf 91' lang='lat' dir='ltr'><strong>et</strong></span> <span class='ocrx_word' id='word_1_290' title='bbox 1697 2553 1865 2611; x_wconf 90' lang='lat' dir='ltr'><strong>poetice</strong></span> <span class='ocrx_word' id='word_1_291' title='bbox 1883 2560 2080 2603; x_wconf 81' lang='lat' dir='ltr'><strong>exornat,</strong></span> 
     </span>
     <span class='ocr_line' id='line_1_52' title="bbox 1232 2616 2083 2678; baseline -0.009 -14"><span class='ocrx_word' id='word_1_292' title='bbox 1232 2621 1336 2678; x_wconf 90' lang='lat' dir='ltr'><strong>qui,</strong></span> <span class='ocrx_word' id='word_1_293' title='bbox 1359 2636 1498 2677; x_wconf 89' lang='lat' dir='ltr'><strong>quum</strong></span> <span class='ocrx_word' id='word_1_294' title='bbox 1514 2653 1526 2675; x_wconf 94' lang='lat'>,</span> <span class='ocrx_word' id='word_1_295' title='bbox 1549 2619 1779 2676; x_wconf 83' lang='lat' dir='ltr'><strong>Theogon.</strong></span> <span class='ocrx_word' id='word_1_296' title='bbox 1802 2634 1880 2661; x_wconf 83' lang='lat'><strong>120</strong></span> <span class='ocrx_word' id='word_1_297' title='bbox 1896 2650 1908 2671; x_wconf 90' lang='lat'><em>‚</em></span> <span class='ocrx_word' id='word_1_298' title='bbox 1933 2616 2083 2659; x_wconf 87' lang='lat' dir='ltr'><strong>Amo-</strong></span> 
     </span>
     <span class='ocr_line' id='line_1_53' title="bbox 1230 2686 2087 2742; baseline -0.007 -12"><span class='ocrx_word' id='word_1_299' title='bbox 1230 2702 1346 2742; x_wconf 80' lang='lat' dir='ltr'><strong>rem,</strong></span> <span class='ocrx_word' id='word_1_300' title='bbox 1362 2689 1397 2736; x_wconf 69' lang='grc' dir='ltr'><strong>’ὃς</strong></span> <span class='ocrx_word' id='word_1_301' title='bbox 1411 2689 1589 2739; x_wconf 64' lang='grc' dir='ltr'><strong>κᾶλλιςος</strong></span> <span class='ocrx_word' id='word_1_302' title='bbox 1606 2688 1641 2728; x_wconf 80' lang='grc' dir='ltr'><strong>ἔν</strong></span> <span class='ocrx_word' id='word_1_303' title='bbox 1657 2686 1879 2729; x_wconf 66' lang='grc' dir='ltr'><strong>ἀθανάτοισι</strong></span> <span class='ocrx_word' id='word_1_304' title='bbox 1891 2690 2020 2734; x_wconf 73' lang='grc' dir='ltr'><strong><em>θεοῖσι,</em></strong></span> <span class='ocrx_word' id='word_1_305' title='bbox 2033 2700 2087 2737; x_wconf 83' lang='grc' dir='ltr'><strong>τῳ</strong></span> 
     </span>
     <span class='ocr_line' id='line_1_54' title="bbox 1236 2745 2088 2802; baseline -0.011 -7"><span class='ocrx_word' id='word_1_306' title='bbox 1236 2753 1364 2795; x_wconf 87' lang='lat' dir='ltr'><strong>Chao</strong></span> <span class='ocrx_word' id='word_1_307' title='bbox 1384 2759 1657 2795; x_wconf 76' lang='lat' dir='ltr'><strong>coaetaneum</strong></span> <span class='ocrx_word' id='word_1_308' title='bbox 1670 2748 1799 2802; x_wconf 81' lang='lat' dir='ltr'><strong>dicat,</strong></span> <span class='ocrx_word' id='word_1_309' title='bbox 1817 2763 1870 2790; x_wconf 90' lang='lat' dir='ltr'><strong>eo</strong></span> <span class='ocrx_word' id='word_1_310' title='bbox 1885 2747 1978 2802; x_wconf 90' lang='lat' dir='ltr'><strong>ipso</strong></span> <span class='ocrx_word' id='word_1_311' title='bbox 1998 2745 2088 2787; x_wconf 87' lang='lat' dir='ltr'><strong>fin-</strong></span> 
     </span>
    </p>
   </div>
   <div class='ocr_carea' id='block_1_19' title="bbox 1236 2810 2166 2875">
    <p class='ocr_par' dir='ltr' id='par_1_22' title="bbox 1236 2810 2166 2875">
     <span class='ocr_line' id='line_1_55' title="bbox 1236 2810 2166 2875; baseline -0.01 -15"><span class='ocrx_word' id='word_1_312' title='bbox 1236 2818 1298 2875; x_wconf 86' lang='lat' dir='ltr'><strong>git</strong></span> <span class='ocrx_word' id='word_1_313' title='bbox 1311 2815 1441 2860; x_wconf 86' lang='lat' dir='ltr'><strong>rebus</strong></span> <span class='ocrx_word' id='word_1_314' title='bbox 1454 2813 1710 2858; x_wconf 87' lang='lat' dir='ltr'><strong>ordinandis</strong></span> <span class='ocrx_word' id='word_1_315' title='bbox 1719 2812 1952 2870; x_wconf 76' lang='lat' dir='ltr'><strong>praefuisse.</strong></span> <span class='ocrx_word' id='word_1_316' title='bbox 1965 2810 2008 2867; x_wconf 88' lang='lat' dir='ltr'><strong>Q</strong></span> <span class='ocrx_word' id='word_1_317' title='bbox 2017 2826 2088 2852; x_wconf 92' lang='lat' dir='ltr'><strong>uo·</strong></span> <span class='ocrx_word' id='word_1_318' title='bbox 2160 2829 2166 2845; x_wconf 85' lang='grc' dir='ltr'>ι</span> 
     </span>
    </p>
   </div>
   <div class='ocr_carea' id='block_1_20' title="bbox 1236 2875 2096 3524">
    <p class='ocr_par' dir='ltr' id='par_1_23' title="bbox 1236 2875 2090 3119">
     <span class='ocr_line' id='line_1_56' title="bbox 1237 2875 2089 2937; baseline -0.007 -14"><span class='ocrx_word' id='word_1_319' title='bbox 1237 2880 1417 2937; x_wconf 88' lang='lat' dir='ltr'><strong>quidem</strong></span> <span class='ocrx_word' id='word_1_320' title='bbox 1429 2879 1695 2936; x_wconf 86' lang='lat' dir='ltr'><strong>ingeniosius</strong></span> <span class='ocrx_word' id='word_1_321' title='bbox 1710 2876 1820 2920; x_wconf 90' lang='lat' dir='ltr'><strong>nihil</strong></span> <span class='ocrx_word' id='word_1_322' title='bbox 1833 2877 1886 2919; x_wconf 91' lang='lat' dir='ltr'><strong>ab</strong></span> <span class='ocrx_word' id='word_1_323' title='bbox 1900 2875 2089 2931; x_wconf 86' lang='lat' dir='ltr'><strong>antiquis</strong></span> 
     </span>
     <span class='ocr_line' id='line_1_57' title="bbox 1236 2940 2090 3008; baseline -0.009 -19"><span class='ocrx_word' id='word_1_324' title='bbox 1236 2945 1528 3008; x_wconf 61' lang='lat' dir='ltr'><strong>excogitatum</strong></span> <span class='ocrx_word' id='word_1_325' title='bbox 1544 2952 1655 3000; x_wconf 88' lang='lat' dir='ltr'><strong>puto</strong></span> <span class='ocrx_word' id='word_1_326' title='bbox 1676 2961 1687 2996; x_wconf 88' lang='lat'>;</span> <span class='ocrx_word' id='word_1_327' title='bbox 1708 2958 1765 2984; x_wconf 91' lang='lat' dir='ltr'><strong>ne</strong></span> <span class='ocrx_word' id='word_1_328' title='bbox 1786 2950 1962 2998; x_wconf 83' lang='lat' dir='ltr'><strong>excepta</strong></span> <span class='ocrx_word' id='word_1_329' title='bbox 1983 2940 2090 2996; x_wconf 91' lang='lat' dir='ltr'><strong>qui—</strong></span> 
     </span>
     <span class='ocr_line' id='line_1_58' title="bbox 1239 3005 2090 3054; baseline -0.008 0"><span class='ocrx_word' id='word_1_330' title='bbox 1239 3010 1342 3054; x_wconf 88' lang='lat' dir='ltr'><strong>dem</strong></span> <span class='ocrx_word' id='word_1_331' title='bbox 1363 3008 1553 3053; x_wconf 83' lang='lat' dir='ltr'><strong>mirabili</strong></span> <span class='ocrx_word' id='word_1_332' title='bbox 1581 3007 1690 3051; x_wconf 89' lang='lat' dir='ltr'><strong>adeo</strong></span> <span class='ocrx_word' id='word_1_333' title='bbox 1718 3006 1771 3050; x_wconf 90' lang='lat' dir='ltr'><strong>de</strong></span> <span class='ocrx_word' id='word_1_334' title='bbox 1791 3005 1998 3050; x_wconf 88' lang='lat' dir='ltr'><strong>Pandora</strong></span> <span class='ocrx_word' id='word_1_335' title='bbox 2016 3006 2090 3047; x_wconf 83' lang='lat' dir='ltr'><strong>sa·-</strong></span> 
     </span>
     <span class='ocr_line' id='line_1_59' title="bbox 1238 3075 1353 3119; baseline -0.017 0"><span class='ocrx_word' id='word_1_336' title='bbox 1238 3075 1353 3119; x_wconf 85' lang='lat' dir='ltr'><strong>bula.</strong></span> 
     </span>
    </p>

    <p class='ocr_par' dir='ltr' id='par_1_24' title="bbox 1240 3137 2096 3524">
     <span class='ocr_line' id='line_1_60' title="bbox 1294 3137 2093 3198; baseline -0.01 -14"><span class='ocrx_word' id='word_1_337' title='bbox 1294 3141 1388 3198; x_wconf 79' lang='grc'>478.</span> <span class='ocrx_word' id='word_1_338' title='bbox 1425 3142 1708 3183; x_wconf 67' lang='lat' dir='ltr'><strong>Considerate!</strong></span> <span class='ocrx_word' id='word_1_339' title='bbox 1723 3154 1807 3182; x_wconf 82' lang='lat' dir='ltr'><strong>uno</strong></span> <span class='ocrx_word' id='word_1_340' title='bbox 1815 3137 1987 3192; x_wconf 70' lang='lat' dir='ltr'><strong>femina</strong></span> <span class='ocrx_word' id='word_1_341' title='bbox 2004 3139 2093 3177; x_wconf 69' lang='lat' dir='ltr'><strong>vir-</strong></span> 
     </span>
     <span class='ocr_line' id='line_1_61' title="bbox 1240 3199 2093 3264; baseline -0.011 -14"><span class='ocrx_word' id='word_1_342' title='bbox 1240 3223 1319 3264; x_wconf 84' lang='lat' dir='ltr'><strong>que</strong></span> <span class='ocrx_word' id='word_1_343' title='bbox 1339 3213 1442 3250; x_wconf 80' lang='lat' dir='ltr'><strong>toro.</strong></span> <span class='ocrx_word' id='word_1_344' title='bbox 1461 3208 1578 3250; x_wconf 72' lang='lat' dir='ltr'><strong>loco</strong></span> <span class='ocrx_word' id='word_1_345' title='bbox 1591 3213 1710 3249; x_wconf 87' lang='lat' dir='ltr'><strong>recte</strong></span> <span class='ocrx_word' id='word_1_346' title='bbox 1724 3219 1828 3248; x_wconf 85' lang='lat' dir='ltr'><strong>cum</strong></span> <span class='ocrx_word' id='word_1_347' title='bbox 1845 3202 1986 3260; x_wconf 86' lang='lat' dir='ltr'><strong>prima</strong></span> <span class='ocrx_word' id='word_1_348' title='bbox 2000 3199 2093 3243; x_wconf 84' lang='lat' dir='ltr'><strong>edi-</strong></span> 
     </span>
     <span class='ocr_line' id='line_1_62' title="bbox 1241 3271 2093 3328; baseline -0.011 -12"><span class='ocrx_word' id='word_1_349' title='bbox 1241 3273 1362 3316; x_wconf 86' lang='lat' dir='ltr'><strong>tione</strong></span> <span class='ocrx_word' id='word_1_350' title='bbox 1383 3271 1530 3328; x_wconf 85' lang='lat' dir='ltr'><strong>scripti</strong></span> <span class='ocrx_word' id='word_1_351' title='bbox 1549 3287 1560 3315; x_wconf 71' lang='grc' dir='ltr'>ε</span> <span class='ocrx_word' id='word_1_352' title='bbox 1581 3287 1686 3314; x_wconf 88' lang='lat' dir='ltr'><strong>nam</strong></span> <span class='ocrx_word' id='word_1_353' title='bbox 1706 3271 1754 3313; x_wconf 88' lang='lat' dir='ltr'><strong>in</strong></span> <span class='ocrx_word' id='word_1_354' title='bbox 1775 3275 1864 3312; x_wconf 81' lang='lat' dir='ltr'><strong>loro</strong></span> <span class='ocrx_word' id='word_1_355' title='bbox 1881 3283 1974 3310; x_wconf 92' lang='lat' dir='ltr'><strong>non</strong></span> <span class='ocrx_word' id='word_1_356' title='bbox 1997 3274 2093 3308; x_wconf 88' lang='lat' dir='ltr'><strong>sta—-</strong></span> 
     </span>
     <span class='ocr_line' id='line_1_63' title="bbox 1241 3330 2094 3391; baseline -0.012 -11"><span class='ocrx_word' id='word_1_357' title='bbox 1241 3347 1337 3380; x_wconf 78' lang='lat' dir='ltr'><strong>tur:</strong></span> <span class='ocrx_word' id='word_1_358' title='bbox 1350 3346 1395 3380; x_wconf 88' lang='lat' dir='ltr'><strong>et</strong></span> <span class='ocrx_word' id='word_1_359' title='bbox 1409 3337 1493 3381; x_wconf 88' lang='lat' dir='ltr'><strong>tori</strong></span> <span class='ocrx_word' id='word_1_360' title='bbox 1508 3353 1610 3380; x_wconf 88' lang='lat' dir='ltr'><strong>usus</strong></span> <span class='ocrx_word' id='word_1_361' title='bbox 1624 3337 1694 3379; x_wconf 91' lang='lat' dir='ltr'><strong>illa</strong></span> <span class='ocrx_word' id='word_1_362' title='bbox 1709 3342 1965 3391; x_wconf 87' lang='lat' dir='ltr'><strong>tempestate</strong></span> <span class='ocrx_word' id='word_1_363' title='bbox 1977 3330 2094 3374; x_wconf 87' lang='lat' dir='ltr'><strong>haud</strong></span> 
     </span>
     <span class='ocr_line' id='line_1_64' title="bbox 1243 3400 2096 3456; baseline -0.011 -11"><span class='ocrx_word' id='word_1_364' title='bbox 1243 3401 1357 3445; x_wconf 91' lang='lat' dir='ltr'><strong>ullus</strong></span> <span class='ocrx_word' id='word_1_365' title='bbox 1377 3410 1494 3456; x_wconf 87' lang='lat' dir='ltr'><strong>erat,</strong></span> <span class='ocrx_word' id='word_1_366' title='bbox 1515 3402 1599 3445; x_wconf 84' lang='lat' dir='ltr'><strong>nisi</strong></span> <span class='ocrx_word' id='word_1_367' title='bbox 1617 3400 1795 3444; x_wconf 82' lang='lat' dir='ltr'><strong>frondes</strong></span> <span class='ocrx_word' id='word_1_368' title='bbox 1815 3413 1895 3455; x_wconf 84' lang='lat' dir='ltr'><strong>pro</strong></span> <span class='ocrx_word' id='word_1_369' title='bbox 1916 3403 2008 3439; x_wconf 82' lang='lat' dir='ltr'><strong>loro</strong></span> <span class='ocrx_word' id='word_1_370' title='bbox 2025 3411 2096 3437; x_wconf 48' lang='lat' dir='ltr'><strong>ac*</strong></span> 
     </span>
     <span class='ocr_line' id='line_1_65' title="bbox 1248 3468 1555 3524; baseline -0.01 -13"><span class='ocrx_word' id='word_1_371' title='bbox 1248 3468 1367 3524; x_wconf 75' lang='lat' dir='ltr'><strong>cipis.</strong></span> <span class='ocrx_word' id='word_1_372' title='bbox 1388 3469 1555 3512; x_wconf 71' lang='lat' dir='ltr'><strong>Hssms.</strong></span> 
     </span>
    </p>
   </div>
  </div>
 </body>
</html>
