2268 3776
305 315 411 391 378

769 319 833 371 P.
882 319 1174 375 OVIDII
1218 316 1603 379 NASONIS

305 429 516 491 Callida
544 430 829 512 prosiliat,
861 433 1111 518 dicatque
1138 436 1332 497 ancilla
1352 485 1368 510 ,
1400 439 1683 500 Perimus!

379 528 468 585 Tu
497 525 749 606 juvenem
778 530 1053 612 trepidum
1083 532 1334 614 quolibet
1361 535 1499 596 abde
1527 535 1670 595 loco.

302 622 671 683 Admiscenda
700 639 879 686 tamen
909 628 1099 687 Venus
1127 643 1210 688 est
1239 653 1429 691 secura
1460 633 1681 704 timori;

382 722 466 780 Ne
498 722 635 780 tanti
663 738 853 783 noctes
881 748 995 782 non
1024 739 1186 806 putet
1210 749 1326 786 esse
1357 741 1496 787 tuas.

1989 747 2072 789 6ιο

308 836 450 915 QUA
479 836 625 897 vafer
653 837 800 898 eludi
826 842 1005 923 possit
1034 842 1248 903 ratione
1277 844 1513 904 maritus
1532 890 1548 916 ,

386 933 622 1017 Quaque
654 936 787 1014 vigil
814 953 1028 1009 custOS,
1058 940 1436 1021 praeteriturus
1465 964 1628 1001 eram.

305 1029 493 1111 Nupta
521 1030 696 1091 virum
723 1033 911 1094 timeat
935 1060 947 1093 ε
972 1049 1091 1095 rata
1119 1037 1192 1096 sit
1223 1037 1474 1098 custodia
1503 1051 1709 1121 nuptae.

387 1125 511 1186 Hoc
542 1125 696 1187 decet
721 1152 733 1187 :
764 1129 871 1190 hoc
899 1130 1047 1209 leges
1072 1131 1271 1214 jusque
1294 1132 1586 1216 pudorque
1609 1133 1823 1214 jubent.

308 1220 386 1279 Te
420 1245 641 1306 quoque
671 1226 900 1298 servari,
931 1227 1098 1287 modo
1132 1252 1296 1311 quam
1324 1230 1566 1291 vindicta
1595 1229 1852 1302 redemit,

1997 1247 2080 1290 615

390 1318 534 1398 Quis
563 1319 744 1382 ferat?
770 1336 835 1382 ut
862 1322 1044 1395 fallas,
1070 1324 1140 1383 ad
1167 1349 1287 1386 mea
1315 1349 1469 1387 sacra
1494 1325 1635 1386 veni.

309 1500 453 1557 scripti
466 1501 676 1559 plerique,
688 1520 790 1548 cum
802 1505 941 1563 prima
953 1505 1158 1551 editione:

310 1580 550 1621 perperam.
580 1568 796 1612 Remedio
819 1570 996 1614 Amoris
1013 1603 1024 1626 ,
1049 1575 1093 1615 51
1103 1587 1129 1614 o
1147 1586 1157 1613 :

350 1636 392 1665 Et
408 1637 498 1667 nulla
515 1638 547 1668 in
561 1638 657 1669 vultu
667 1641 759 1681 signa
773 1641 910 1672 dolentis
921 1641 1012 1673 habe.
1024 1643 1154 1674 mes.

313 1695 371 1739 Et
390 1697 460 1739 lib.
483 1698 574 1753 IV,
601 1700 712 1743 Fast.
735 1702 815 1744 586
835 1714 845 1741 z

349 1765 560 1807 Maximaque
578 1768 610 1798 in
624 1769 721 1799 vultu
737 1770 832 1811 signa
849 1769 986 1801 dolentis
1000 1777 1102 1803 erant.

311 1826 440 1880 Signa
460 1831 620 1870 timont»-
639 1829 874 1871 Patavinus
892 1843 902 1869 ε
922 1834 1047 1873 verba
1066 1848 1159 1874 non

312 1891 582 1935 conveniunt
597 1892 802 1936 timorem
818 1893 1039 1938 simulanti
1061 1909 1070 1934 ε
1088 1896 1161 1939 illa

313 1955 436 1997 enim
455 1956 649 1999 exaudiri
669 1967 855 2013 possent.

368 2019 461 2077 607.
484 2021 664 2063 Callida.
678 2021 876 2077 Mallem,
890 2025 1079 2065 Pallida.
1089 2023 1162 2067 Sic

307 2089 516 2141 pallentes
537 2093 686 2130 terrore
697 2104 842 2143 supra,
856 2105 965 2132 vers.
981 2091 1073 2147 487.
1090 2090 1163 2132 Sic

315 2151 589 2206 conjeceram
613 2151 782 2194 dudum
804 2170 814 2203 ;
848 2169 967 2198 nunc
987 2169 1092 2196 vero
1115 2154 1162 2196 in

314 2216 530 2259 Bernensi
546 2233 636 2259 uno
655 2217 802 2260 codice
820 2250 832 2272 ,
855 2220 1001 2275 cujus,
1024 2235 1163 2275 quum

315 2283 407 2338 jam
435 2292 595 2327 nostrae
623 2283 983 2340 imprimerentur
1014 2295 1131 2329 notae
1149 2319 1161 2342 ,

316 2347 543 2391 varietates
554 2348 606 2391 ad
622 2365 693 2391 me
710 2349 849 2393 missae
862 2359 986 2404 sunt,
1003 2349 1059 2392 ita
1074 2367 1165 2394 exs-

317 2420 410 2455 tare
428 2411 724 2468 deprehendo.
742 2416 935 2457 Candida
952 2431 1067 2457 unus
1080 2415 1164 2457 Re-

318 2477 424 2534 gius.
446 2477 548 2520 Vid.
570 2479 613 2531 I,
639 2477 792 2521 Amor.
813 2494 842 2521 x
858 2511 871 2534 ‚
897 2482 935 2533 4.
956 2480 1119 2523 BURM.

371 2543 467 2602 609.
488 2545 575 2586 Sed
585 2547 799 2587 miscenda
818 2543 968 2587 lamen,
988 2545 1033 2588 A
1035 2547 1167 2587 dmis-

319 2612 474 2660 cenda,
492 2625 593 2652 cum
605 2610 746 2666 prima
765 2610 956 2654 editione
972 2619 1016 2654 et
1031 2611 1166 2668 scrip-

318 2674 372 2716 tis
393 2673 607 2730 plerisque
627 2690 637 2717 :
658 2678 825 2717 limenli
837 2676 970 2718 etiam
985 2691 1099 2718 unus
1116 2693 1167 2719 ex

320 2738 450 2792 meis,
469 2754 549 2795 pro
564 2743 714 2782 timori.
732 2738 899 2796 Argute
918 2755 929 2782 :
950 2748 999 2782 ut
1018 2745 1167 2783 limen-

321 2811 400 2847 lem
423 2821 501 2847 seu
532 2804 732 2847 timidam
759 2805 987 2848 Venerem
1015 2821 1168 2848 securoe

323 2878 528 2927 opponat.
551 2870 722 2913 Hnms.

375 2935 470 2977 613.
490 2936 608 2977 Rata
622 2939 684 2976 sil
699 2936 895 2977 custodia
905 2939 1053 2989 παρίω.
1072 2935 1169 2976 Ha-

322 3000 457 3042 beant
470 3008 620 3056 nuptae
635 2999 709 3055 qui
721 3006 918 3052 servent,
943 3007 987 3041 et
1001 2997 1169 3041 aditum

326 3080 506 3106 omnem
545 3064 807 3107 amatoribus
859 3062 1126 3120 praecludant
1154 3094 1166 3115 ,

325 3129 519 3172 concedo
539 3129 768 3186 equidem;
795 3129 890 3185 quis
908 3144 1014 3171 vero
1033 3129 1143 3171 serat
1155 3161 1167 3182 ,

325 3202 368 3236 te
389 3198 556 3246 servari,
577 3210 709 3250 quam
727 3194 863 3238 modo
882 3196 1051 3238 Praetor
1063 3193 1110 3235 in
1125 3193 1171 3236 li-

323 3260 538 3303 bertatem
552 3260 808 3305 vindicavit?
826 3264 993 3315 Virgam
1007 3268 1166 3310 autem,

326 3339 409 3379 qua
424 3324 622 3368 libertate
634 3325 745 3368 servi
760 3324 1059 3380 donabantur,
1075 3329 1171 3367 vin-

325 3392 482 3433 dictam
510 3391 690 3434 tradunt
710 3390 886 3447 quidam
913 3391 1170 3448 adpellatam

325 3454 475 3510 fuisse,
501 3472 524 3498 a
541 3455 746 3499 Vindicio
759 3488 771 3512 ,
793 3456 867 3512 qui
881 3472 1028 3500 servus
1046 3457 1170 3499 Bru-

1240 1515 1388 1550 torum
1401 1507 1751 1564 conjurationem
1760 1506 1972 1564 patefecit.
1990 1507 2081 1550 Liv.

1239 1587 1278 1615 11
1294 1607 1306 1628 ,
1330 1576 1356 1628 4
1371 1606 1382 1628 ,
1404 1577 1439 1617 5.
1457 1576 1642 1616 —Rala
1654 1578 1715 1616 sil
1724 1576 1916 1617 custodia
1935 1580 2083 1628 παρίω.

1241 1639 1341 1682 Hoc
1363 1647 1451 1693 est,
1473 1638 1630 1682 habeat
1644 1648 1814 1682 certum
1829 1638 2053 1682 custodem
2069 1671 2081 1691 ,

1240 1720 1264 1746 a
1279 1719 1366 1760 quo
1385 1703 1639 1747 observetur
1654 1712 1697 1747 et
1717 1702 1985 1747 custodiatur
1999 1735 2010 1757 ,
2025 1719 2082 1745 ne

1239 1768 1333 1824 quis
1366 1767 1419 1811 ad
1461 1784 1559 1811 eam
1594 1768 1746 1811 furtim
1786 1768 1931 1812 veniat
1953 1801 1965 1822 ,
2004 1777 2085 1811 etc.

1237 1849 1329 1875 non
1345 1865 1357 1887 ‚
1382 1837 1594 1876 existimet
1623 1839 1783 1876 tantum
1796 1867 1806 1885 ,
1842 1842 1890 1876 ut
1912 1833 2086 1876 Merula

1239 1898 1417 1954 exponit
1451 1913 1462 1941 ε
1493 1897 1690 1954 loquitur
1709 1898 1829 1940 enim
1856 1897 1910 1941 de
1941 1898 2088 1954 nuptis

1240 1961 1323 2005 hoc
1343 1962 1438 2005 loco
1454 1995 1466 2016 ‚
1494 1978 1651 2018 easque
1677 1978 1778 2005 cum
1800 1962 1948 2005 solutis
1971 1977 2089 2004 con-

1238 2028 1324 2070 sert
1345 2039 1355 2067 ε
1376 2027 1495 2083 quasi
1516 2026 1631 2069 dicat
1652 2042 1661 2069 z
1684 2027 1727 2068 in
1753 2027 1900 2083 nuptis
1917 2026 2001 2069 hoc
2019 2026 2088 2083 jus

1241 2103 1306 2137 est
1324 2110 1372 2137 ac
1394 2084 1560 2137 licitum
1574 2125 1587 2148 ,
1610 2102 1660 2136 ut
1673 2093 1862 2136 habeant
1880 2109 1979 2136 suos
1999 2109 2090 2136 cus-

1242 2157 1392 2209 todes3
1414 2158 1563 2202 solutae
1585 2165 1733 2200 autem
1757 2166 1802 2200 et
1831 2158 1975 2199 liberae
2004 2156 2084 2199 de-

1239 2223 1411 2267 bebunt
1424 2223 1516 2266 sine
1535 2221 1714 2265 custode
1737 2238 1875 2278 agere.
1892 2221 2064 2264 M1CYL.

1297 2289 1324 2330 6
1331 2304 1347 2330 1
1355 2289 1392 2342 4.
1410 2289 1569 2343 Jusque
1576 2289 1798 2342 pudorque.
1816 2288 1996 2342 Duxque
2006 2285 2094 2342 pri-

1244 2369 1316 2396 ma
1336 2351 1471 2396 editio
1484 2384 1495 2406 ,
1520 2367 1623 2395 cum
1641 2351 1781 2408 Regio
1796 2384 1807 2405 ,
1832 2350 2093 2394 Sarraviano

1244 2427 1290 2460 et
1317 2417 1486 2460 duobus
1509 2416 1598 2460 aliis
1615 2449 1627 2470 ‚
1657 2425 1707 2458 ut
1737 2416 1900 2472 Legem
1921 2415 1950 2457 J
1956 2415 2089 2457 uliam

1243 2482 1467 2540 respiciat;
1492 2481 1568 2525 sed
1590 2490 1696 2538 puto
1708 2481 1866 2537 fasque
1888 2481 2093 2524 scriben—

1246 2545 1365 2589 dum.
1386 2547 1446 2589 H.
1458 2542 1568 2602 ‘Qua
1581 2545 1786 2587 differant
1797 2545 1913 2587 inter
1928 2561 1972 2587 se
1985 2546 2096 2598 leges

1246 2613 1426 2668 etjam,
1463 2611 1609 2654 docuit
1631 2611 1785 2653 Burm.
1811 2610 1862 2652 ad
1889 2611 2004 2652 Petr.
2027 2609 2093 2651 33.

1300 2676 1394 2720 615.
1428 2678 1472 2718 Τ
1464 2693 1487 2718 e
1503 2691 1660 2732 quoque
1678 2679 1847 2717 servari.
1878 2675 1979 2717 Hoc
2000 2682 2063 2716 est
2080 2706 2092 2726 ,

1247 2740 1343 2798 ‹iuae
1369 2741 1503 2783 libera
1522 2741 1576 2783 sis
1588 2771 1600 2794 ,
1631 2748 1677 2782 et
1696 2739 1835 2781 soluta
1855 2738 2093 2780 matrimo-

1245 2806 1336 2848 nio.
1346 2805 1418 2849 Sic
1431 2804 1730 2861 accipiendum
1739 2804 1927 2857 videtur,
1941 2813 1989 2846 ut
2001 2819 2093 2846 non

1247 2869 1382 2912 modo
1393 2869 1636 2912 Libet-tinas
1647 2902 1659 2925 ,
1682 2868 1736 2911 de
1752 2868 1908 2924 quibus
1921 2868 2094 2911 Merula

1246 2933 1424 2990 exponit
1439 2933 1521 2976 hoc
1533 2966 1544 2986 ,
1561 2932 1636 2976 sed
1651 2940 1695 2975 et
1711 2932 1922 2988 quaslibet
1933 2932 2065 2975 libere
2081 2964 2092 2985 ,

1248 3009 1294 3043 et
1331 3009 1449 3043 extra
1486 2999 1821 3041 matrimonium
1856 2997 2063 3055 degentes
2082 3030 2092 3051 ,

1247 3065 1539 3122 intelligamus
1558 3082 1567 3115 ;
1590 3072 1640 3106 ut
1656 3064 1710 3107 sit
1729 3063 1889 3120 species
1906 3078 1985 3119 pro
2002 3079 2098 3119 spe-

1249 3129 1313 3172 cie
1333 3130 1483 3186 posita.
1501 3128 1719 3184 Quamvis
1734 3129 1834 3172 alias
1854 3143 1947 3170 non
1969 3128 2098 3184 igno-

1247 3212 1345 3239 rem
1361 3229 1372 3250 ,
1394 3196 1484 3252 ipsa
1503 3196 1634 3239 verba
1656 3195 1830 3252 proprie
1853 3193 1906 3237 ad
1938 3194 2098 3236 Liber-

1250 3263 1362 3306 tinas
1381 3262 1600 3319 pertinere
1620 3295 1631 3316 ‚
1657 3260 1832 3318 quando
1853 3261 1909 3303 ait
1926 3292 1938 3313 ,
1972 3275 2094 3315 quam

1250 3331 1439 3370 vindicta
1472 3326 1605 3368 modo
1638 3325 1827 3369 redemit
1844 3343 1855 3376 3
1890 3325 1973 3366 hoc
2004 3332 2066 3365 est
2085 3356 2095 3375 ,

1251 3392 1371 3448 virga
1383 3391 1593 3434 Praetoria
1603 3391 1783 3433 liberam
1799 3389 1912 3432 fecit.
1925 3387 2096 3429 MICYL.

1307 3456 1401 3499 615.
1422 3455 1651 3500 Fallas.1d
1669 3463 1733 3499 est
1753 3455 1896 3498 lateas.
1916 3451 2101 3496 DOUZA.
