2268 3776
243 307 353 376 :364

717 309 780 362 P.
829 310 1121 367 OVIDII
1166 313 1549 372 NASONIS

321 424 422 485 Ille
452 426 786 487 Paraetonias
815 430 1006 490 mersit
1036 430 1095 490 in
1124 431 1233 491 alta
1259 448 1419 493 rateS.

1944 459 2027 517 390

242 525 492 605 Quaeque
522 547 680 584 soror
710 527 1022 610 conjuxque
1054 528 1209 588 ducis
1239 545 1600 591 monumenta
1627 546 1925 615 pararunt,

324 618 626 701 Navalique
658 644 823 699 gener
852 623 1064 683 cinctus
1092 624 1308 683 honore
1342 642 1523 708 caput.

240 721 418 782 Visite
451 724 770 785 turicremas
800 751 972 786 vaccae
998 728 1404 810 Memphitidos
1429 754 1582 791 aras:

322 825 501 886 Visite
527 828 843 910 conspicuis
873 844 1025 889 terna
1057 829 1271 890 theatra
1305 830 1460 892 locis.

163 960 167 963 ·
243 926 573 1010 Spectentur
602 932 792 1013 tepido
820 933 1113 994 maculosae
1145 935 1414 1012 sanguine
1437 958 1648 1009 arenae3

1948 956 2031 1014 395

326 1032 588 1114 Metaque
619 1033 852 1094 ferventi
882 1036 1214 1098 circueunda
1244 1053 1384 1098 rota.

245 1134 419 1214 Quod
446 1135 607 1210 latet,
639 1139 896 1216 ignotum
923 1155 1007 1201 est
1031 1166 1044 1201 :
1074 1141 1256 1220 ignoti
1284 1138 1444 1203 nulla
1472 1142 1698 1226 cupido.

324 1239 560 1301 Fructus
590 1242 770 1314 abest,
796 1243 961 1304 facies
992 1269 1165 1327 quum
1190 1245 1343 1305 bona
1373 1260 1510 1305 teste
1539 1259 1704 1305 caret.

243 1340 329 1400 Tu
362 1341 489 1402 licet
519 1358 574 1404 et
602 1345 934 1429 Thamyram
965 1371 1190 1430 superes
1208 1395 1223 1421 ,
1249 1362 1305 1408 et
1330 1348 1600 1409 Amoebea
1627 1363 1791 1409 cantu
1808 1395 1823 1420 ,

323 1446 455 1505 Non
485 1447 590 1506 erit
619 1448 825 1526 ignotae
857 1450 1032 1528 gratia
1059 1475 1259 1530 magna
1286 1449 1433 1534 lyrae.

245 1626 309 1663 lia
324 1624 490 1665 Pboebo.
513 1623 678 1667 AEdem
698 1624 804 1669 dicit
822 1643 954 1683 quam
970 1628 1101 1685 Apol-

244 1686 520 1742 liniActiaco‚
536 1689 953 1749 devictisCleopatra
963 1695 1099 1738 etAn-

246 1753 370 1795 tonio
389 1786 401 1808 ‚
426 1754 650 1812 Augustus
667 1757 714 1799 in
727 1758 927 1802 Palatino
948 1769 1107 1812 monte,

247 1817 479 1862 dicaverat.
502 1820 741 1878 Templum
760 1822 845 1866 hoc
869 1825 953 1868 suit
974 1825 1100 1870 donis

246 1882 652 1938 opulentissimum;
675 1887 707 1930 si
728 1888 907 1944 quidem
930 1889 1103 1947 Augus-

243 1958 316 1993 tus
337 1965 486 1993 aureas
504 1961 816 2009 argenteasque
838 1963 996 1998 statuas
1021 1956 1101 1999 sibi

247 2015 405 2072 positas
425 2016 465 2058 ei
487 2016 666 2061 donavit
685 2035 694 2062 ε
714 2020 798 2063 suit
814 2021 947 2064 etiam
969 2038 1101 2079 opere

248 2081 733 2139 magnificentissimum
769 2101 780 2127 τ
817 2085 950 2130 valvae
981 2087 1102 2130 enim

247 2157 376 2191 erant
397 2147 602 2192 eburneae
623 2182 635 2203 ‚
673 2166 780 2193 auro
794 2184 806 2206 ,
836 2152 1101 2209 picturisque

247 2223 414 2258 ornatae
445 2223 525 2258 etc.
545 2215 765 2260 Describit
785 2217 1102 2276 elegantissime

247 2279 450 2336 Propert.
473 2281 518 2324 II
534 2314 546 2336 ,
577 2282 700 2339 Eleg.
720 2296 857 2327 xx111.

301 2345 377 2404 391
386 2377 395 2386 .
422 2347 599 2403 Quoeque
611 2363 730 2389 soror
742 2380 754 2402 ,
771 2348 1009 2404 conjuxque
1022 2351 1104 2392 du·-

248 2416 325 2455 cz's.
354 2413 554 2457 Porticus
577 2413 797 2469 Octaviae,
821 2415 1008 2472 Augusti
1022 2431 1103 2459 so·-

249 2478 360 2520 roris
376 2512 388 2533 ,
413 2487 456 2522 et
478 2479 609 2523 Liviae
627 2480 848 2538 conjugis,
869 2480 1048 2524 indicat.

304 2545 399 2602 392.
419 2547 653 2601 Navalique
673 2563 801 2601 gener
829 2550 992 2589 cinctus
1016 2550 1103 2589 ho-

249 2625 349 2652 nore
366 2615 505 2664 capul.
527 2610 629 2653 Hoc
658 2620 723 2654 est
739 2645 750 2665 ,
788 2612 854 2654 M.
878 2612 1071 2669 Agrippa
1088 2645 1100 2667 ‚

252 2674 327 2730 qui
349 2690 485 2731 gener
510 2674 696 2732 Augusti
716 2676 799 2718 suit
824 2693 875 2719 ex
895 2677 1013 2720 Julia
1036 2681 1104 2733 (ut

250 2740 491 2784 Suetonius
519 2741 670 2795 tradit)
700 2750 745 2785 et
773 2758 936 2786 corona
962 2744 1104 2787 navali

251 2806 304 2848 ab
318 2805 477 2849 eodem
491 2806 691 2864 Augusto
703 2807 905 2863 donatus,
921 2817 1018 2866 post
1033 2808 1105 2851 de-

249 2873 414 2917 victum
450 2874 632 2917 Sextum
669 2875 944 2931 Pompeium.
985 2874 1103 2918 Exs-

252 2940 386 2981 truxit
407 2948 555 2982 autem
570 2938 640 2981 hic
660 2940 815 2983 Romae
834 2955 966 2997 opera
984 2956 1105 2983 com-

252 3003 378 3060 plura
399 3013 443 3046 et
461 3005 634 3062 egregia
651 3038 661 3059 ,
686 3015 735 3048 ut
754 3006 992 3049 Suetonius
1012 3005 1070 3047 ait
1090 3017 1100 3043 Ξ

253 3069 370 3112 inter
411 3086 508 3125 quae
558 3070 775 3127 praecipue
830 3071 1105 3114 celebrantur

255 3134 485 3189 Thermae,
504 3152 608 3191 quas
622 3145 666 3178 et
681 3136 808 3179 variis
821 3137 975 3180 tabulis
987 3153 1106 3180 exor-

253 3202 389 3255 navit,
410 3202 463 3244 de
478 3203 632 3258 quibus
647 3203 759 3245 Plin.
774 3203 929 3260 passim
945 3203 1106 3246 memi-

253 3267 335 3321 nit,
354 3268 381 3309 l.
401 3269 616 3325 XXXIV,
638 3269 867 3311 XXXVet
879 3269 1106 3321 XXXVI;

257 3343 301 3376 ct
322 3335 512 3390 porticus
533 3335 585 3378 ad
608 3337 846 3392 templum,
862 3336 978 3392 quod
996 3336 1106 3378 Pan·

256 3400 393 3442 theon
423 3411 624 3445 vocatum
644 3435 655 3457 ,
683 3419 814 3458 quam
838 3402 1040 3445 eamdem
1063 3412 1107 3446 et

257 3469 428 3528 πρόθυρον
443 3468 621 3524 quidam
634 3468 778 3513 dixere
795 3485 805 3513 ε
820 3468 872 3512 de
889 3485 976 3525 qua
992 3467 1107 3525 apud

1952 1468 2035 1524 400

1182 1643 1257 1671 eos
1273 1627 1346 1684 qui
1363 1626 1416 1670 de
1429 1625 1582 1683 Antiq.
1597 1626 1788 1670 Roman.
1800 1625 2008 1682 scripsere
2021 1657 2032 1679 ‚

1179 1692 1353 1750 legitur.
1367 1692 1484 1734 Item
1498 1690 1778 1748 aquaeductus
1791 1690 1972 1747 aliquot,
1982 1689 2036 1732 de

1180 1757 1338 1814 quibus
1363 1756 1566 1800 omnibus
1585 1755 1698 1800 Plin.
1713 1755 1785 1799 lib.
1806 1754 2037 1808 XXXVI,

1179 1837 1271 1878 cap.
1296 1823 1359 1865 15.
1400 1821 1573 1864 RIICYL.
1614 1844 1670 1853 --
1699 1822 1936 1876 Navalique
1961 1835 2039 1874 ge-

1180 1904 1256 1930 ner
1264 1896 1345 1931 etc.
1357 1889 1535 1931 Marcus
1549 1887 1743 1945 Agrippa
1757 1919 1769 1941 ,
1784 1885 1859 1943 qui
1871 1886 1901 1928 J
1905 1884 2037 1928 uliam

1181 1951 1373 2009 Augusti
1414 1952 1551 1994 filiam
1597 1967 1782 1995 uxorem
1817 1950 2000 1993 duxerat
2023 1968 2036 2003 ;

1181 2035 1400 2076 quemque
1418 2018 1559 2061 navali
1578 2034 1741 2061 corona
1760 2033 1885 2061 socer
1899 2016 2035 2059 dona-

1180 2086 1243 2128 vit
1275 2119 1286 2140 ,
1326 2101 1412 2142 qua
1445 2084 1601 2128 donari
1638 2084 1803 2127 solebat
1822 2116 1835 2137 ,
1874 2082 1910 2126 si
1941 2081 2041 2139 quis

1180 2153 1348 2209 primus
1367 2153 1413 2196 in
1441 2150 1646 2195 hostilem
1664 2165 1825 2194 navem
1846 2157 2037 2192 armatus

1182 2218 1465 2261 transiliisset.

1236 2284 1331 2344 399.
1351 2285 1592 2342 Thamyran
1602 2297 1767 2338 superes
1779 2285 1822 2323 ct
1835 2279 1880 2323 A
1881 2281 2042 2323 moebea

1182 2356 1323 2394 cantu.
1354 2350 1458 2394 Fuit
1491 2349 1728 2392 Amoebeus
1762 2345 2040 2390 citharaedus

1183 2413 1469 2458 Atheniensis
1488 2413 1638 2470 magni
1665 2411 1860 2455 nominis
1877 2444 1889 2465 ,
1914 2410 2039 2466 cujus

1183 2499 1236 2525 ex
1259 2481 1444 2525 Aristeae
1465 2480 1518 2524 de
1544 2477 1806 2524 Citharaedis
1819 2477 1931 2519 libro
1949 2492 2040 2518 me-

1182 2549 1314 2592 minit
1336 2548 1602 2601 Athenaeus,
1625 2545 1697 2588 lib.
1720 2544 1845 2588 XIV.
1866 2542 2040 2585 Zenoni

1183 2623 1458 2660 coaetaneum
1470 2614 1571 2657 facit
1585 2610 1863 2664 Plutarchus,
1874 2616 1958 2672 περὶ
1972 2619 2019 2653 τῆ
2023 2629 2040 2657 ς

1185 2687 1319 2730 ἦθικῆς
1341 2682 1487 2741 ἀρετ-ἥς.
1521 2678 1692 2722 Laudat
1712 2692 1816 2719 eum
1842 2692 1866 2718 a
1886 2674 2039 2717 conti-

1183 2746 1338 2790 nentia
1349 2743 1557 2788 Clemens
1570 2740 1764 2786 Alexand
1771 2740 1852 2782 rin.
1863 2739 1934 2781 lib.
1949 2738 2039 2791 ΙΙΙ,

1184 2810 1354 2854 Strom.
1368 2809 1568 2851 AElianus
1581 2806 1748 2849 Histor.
1767 2802 1957 2847 Animal.
1967 2802 2038 2845 lib.

1184 2877 1276 2931 VI,
1299 2891 1393 2932 cap.
1415 2892 1431 2916 1
1451 2906 1464 2928 ,
1499 2883 1544 2916 et
1567 2871 1715 2915 Variae
1737 2869 1945 2914 Historiae
1966 2869 2037 2912 lib.

1186 2942 1284 2995 III,
1321 2957 1411 2997 cap.
1445 2953 1547 2982 xxx.
1577 2938 1721 2981 Miror
1748 2937 2040 2993 interpretes,

1185 3005 1405 3062 imprimis
1426 3003 1664 3047 Ciosanum
1681 3035 1699 3058 7
1721 3002 1791 3045 cui
1811 3001 1934 3058 copia
1953 2999 2036 3043 suit

1185 3079 1252 3114 tot
1271 3079 1472 3113 veterum
1491 3069 1703 3112 librorum
1716 3100 1728 3122 ,
1754 3067 1874 3110 hunc
1892 3065 2039 3109 locum

1186 3137 1439 3195 praeteriisse
1462 3135 1696 3178 indictum.
1714 3134 1881 3177 HEINS.

1241 3206 1337 3259 400.
1360 3206 1458 3246 Non
1470 3206 1551 3245 erit
1563 3206 1714 3258 ignoloe
1727 3202 1868 3256 gralia
1885 3214 2040 3254 magna

1186 3273 1297 3328 lyroe.
1333 3268 1508 3314 Adlusit
1529 3268 1583 3312 ad
1602 3267 1880 3312 notissimum
1906 3264 2035 3307 Grae-

1187 3352 1341 3380 corum
1362 3335 1643 3393 proverbium
1660 3366 1672 3388 ‚
1703 3342 1770 3384 τῆς
1789 3334 2036 3380 λανθανούσης

1187 3412 1384 3458 μουσικῗς,
1409 3405 1527 3449 obde&
1555 3403 1695 3454 λέγ9ς;
1734 3397 1787 3440 de
1820 3411 1908 3454 quo
1935 3395 2036 3437 vide

1190 3468 1358 3511 Erasm.
1380 3465 1516 3523 Adag.
1529 3464 1575 3508 in
1592 3463 1718 3509 titulo
1731 3465 1923 3506 occulta:
1940 3476 2040 3518 pagi
