2268 3776
328 332 435 385 230

796 334 858 386 P.
910 334 1199 391 OVIDII
1253 335 1632 394 NASONIS

404 448 539 507 Arte
569 446 712 508 leves
743 472 934 509 currus
958 475 970 510 ε
996 466 1110 511 arte
1134 452 1403 530 regendus
1433 454 1625 514 Amor.

319 542 594 602 Curribus
623 542 978 606 Automedon
1006 544 1279 630 lentisque
1311 564 1425 608 erat
1450 565 1612 632 aptus
1635 550 1894 612 habenis:
2062 575 2086 615 5

402 637 615 721 Tiphys
644 639 702 699 in
732 642 1017 702 Haemonia
1043 667 1231 725 puppe
1260 645 1520 723 magister
1549 662 1679 709 erat.

322 737 417 795 Me
443 737 632 796 Venus
659 738 919 800 artificem
943 755 1135 801 vtenero
1168 741 1409 823 praefecit
1435 739 1631 804 Amori
1657 770 1670 804 :
1707 803 1710 806 ,

402 832 613 915 Tiphys
643 850 696 893 et
720 837 1078 897 Automedon
1105 837 1253 901 dicar
1278 839 1504 899 Amoris
1533 864 1653 918 ego.

321 927 418 987 Ille
448 929 669 1010 quidem
696 931 844 993 ferus
872 947 979 1006 est,
1011 949 1065 993 et
1095 934 1190 1016 qui
1218 934 1357 994 mihi
1386 959 1528 1019 saepe
1551 953 1820 1020 repugnet
1843 961 1856 1010 ;

400 1026 510 1086 Sed
537 1051 676 1108 puer
700 1044 812 1101 est;
844 1045 971 1090 aetas
999 1029 1181 1090 mollis
1210 1046 1267 1091 et
1295 1047 1423 1115 apta
1448 1034 1582 1112 regi.
1740 1082 1742 1084 .
2043 1065 2090 1093 lo

320 1121 649 1205 Phillyrides
675 1148 910 1206 puerum
938 1126 1145 1186 cithara
1173 1127 1403 1209 perfecit
1430 1126 1706 1188 Achillem
1723 1174 1738 1199 ‚

396 1221 583 1303 Atque
615 1222 828 1282 animos
851 1222 1067 1306 placida
1097 1223 1354 1284 contudit
1378 1239 1490 1285 arte
1517 1226 1680 1284 feros

318 1321 435 1400 Qui
465 1323 632 1382 toties
659 1325 868 1397 socios,
904 1325 1068 1386 toties
1096 1326 1361 1387 exterruit
1387 1327 1605 1399 hosteS,

398 1423 655 1483 Creditur
678 1448 952 1486 annosum
974 1428 1326 1509 pertimuisse
1359 1451 1558 1489 senem.

315 1525 470 1604 Quas
500 1527 710 1586 Hector
735 1551 995 1589 sensurus
1026 1544 1170 1603 erat,
1201 1545 1464 1613 poscente
1489 1531 1753 1609 magistro
2043 1551 2090 1592 15

315 1700 385 1744 alii
416 1703 621 1745 nonnulli
648 1719 749 1746 cum
771 1705 978 1761 excerptis
1015 1705 1162 1749 Scali-

310 1765 403 1822 geri
423 1774 466 1808 et
492 1767 718 1811 Puteanei.

367 1834 404 1875 5.
437 1834 633 1876 Cumbus
650 1834 911 1877 Automedon
929 1844 1009 1878 etc.
1040 1831 1163 1887 ἱππη-

312 1899 428 1947 >Am
439 1897 749 1942 celeberrimus
760 1899 1045 1942 Automedon
1053 1900 1160 1957 ,qui,

310 1973 541 2021 postquam
570 1967 788 2023 egregiam
817 1966 974 2010 Achilli
996 1967 1050 2009 in
1078 1984 1160 2010 re-

311 2027 457 2083 gendo
498 2044 631 2072 curru
658 2045 836 2086 operam
866 2031 1157 2087 praestitisset‚

309 2113 472 2140 munus
495 2097 615 2140 idem
644 2098 760 2155 apud
790 2098 1015 2157 Pyrrhum
1041 2100 1159 2142 obiit.

311 2162 518 2207 Occurrit
550 2165 758 2222 frequens
778 2166 825 2208 in
848 2166 967 2209 Iliad.
987 2175 1019 2210 11
1033 2199 1044 2221 ‚
1070 2168 1159 2222 145.

309 2238 338 2272 Ρ
355 2261 366 2282 ,
391 2232 484 2290 429.
510 2240 542 2274 T
560 2265 571 2286 ‚
598 2233 691 2292 392.
715 2241 783 2287 Ω,
811 2235 917 2290 474,
944 2234 1037 2291 573.
1052 2234 1157 2277 AEn.

307 2295 422 2339 libro
444 2310 482 2339 Π
505 2331 516 2351 ,
544 2299 637 2355 477.

362 2360 400 2402 6.
429 2362 472 2402 T
465 2364 586 2419 ejobys
596 2366 642 2404 in
654 2364 877 2406 Hoemom'a
889 2371 968 2407 etc.
993 2364 1062 2408 De
1083 2365 1160 2409 Ti·-

316 2424 406 2483 phy
419 2425 594 2468 vidend.
611 2427 814 2483 Apollon.
831 2427 976 2471 Rhod.
1000 2448 1036 2484 1,
1060 2433 1159 2473 105·
1150 2464 1161 2482 ,

317 2506 333 2531 1
346 2507 382 2541 1,
405 2491 609 2546 175-854.
629 2491 777 2535 Valer.
794 2492 987 2548 Flaccus,
1009 2511 1046 2548 1,
1061 2496 1159 2550 43¹3

310 2571 365 2609 V,
392 2559 439 2598 15
458 2565 499 2598 et
514 2573 630 2612 seqq.
650 2558 809 2602 Narrat
826 2560 1011 2603 Pausan.
1029 2561 1159 2604 Boeo-

309 2621 378 2663 tic.
396 2634 555 2674 XXXII,
582 2622 753 2664 ostendi
771 2623 917 2666 locum
933 2640 1025 2666 non
1043 2642 1156 2682 pro—

310 2687 378 2748 cul
403 2688 454 2730 ab
477 2688 585 2730 urbe
610 2687 752 2743 Tipha
768 2721 779 2742 ,
816 2694 901 2733 moe
933 2694 969 2733 ἔκ
999 2702 1054 2737 Κ,
1047 2695 1159 2746 ’λχων

314 2755 429 2798 ἓτείσω
445 2774 556 2810 κομι,
539 2757 697 2809 '‘0525'222)
715 2761 946 2809 κομίσασθαι
963 2764 1031 2808 τὴν
1045 2763 1157 2819 Apyei»

311 2824 344 2861 ’λ
335 2822 492 2875 ε”.γουσιν

362 2901 402 2943 9.
422 2886 485 2926 Et
501 2888 577 2940 qul
590 2887 699 2927 mihz
709 2901 818 2940 saepe
839 2891 1048 2940 repugnat.
1069 2888 1157 2927 Re-

300 2955 459 3005 pugnel
472 2959 668 3006 excerpta
681 2950 867 2993 Puteani
882 2959 925 2992 et
936 2949 1154 3006 Scaligeri‚

308 3030 410 3057 cum
444 3015 611 3070 optimo
640 3015 780 3072 Regio
810 3023 852 3057 et
886 3013 1128 3069 Bodleiano
1148 3030 1158 3057 :

308 3087 424 3120 recte
438 3079 847 3122 omnino.Proximo
858 3095 982 3122 versu
993 3078 1156 3134 malim:

349 3150 410 3181 Sed
425 3151 534 3191 pueris
547 3158 622 3181 aetas
640 3151 748 3182 mollis
762 3157 794 3181 et
812 3158 886 3192 apta
899 3152 965 3192 regi
980 3163 990 3191 3

312 3227 370 3253 ne
394 3215 435 3254 τὲ
461 3217 528 3253 est
553 3211 617 3255 bis
638 3221 859 3268 repetatur
881 3212 1156 3256 inconcinne.

308 3276 473 3320 HEINS.
487 3279 662 3322 '—-Nihil
681 3279 864 3322 omnino
878 3279 1155 3324 mutandum:

308 3356 444 3394 genus
471 3341 678 3399 loquendi
715 3353 778 3386 est
808 3343 979 3400 elegans
1006 3352 1050 3387 ct
1070 3360 1156 3385 ve—

309 3415 488 3449 nustum
504 3440 515 3461 ,
531 3423 638 3463 puer
651 3415 717 3451 est
730 3415 834 3451 oetas
853 3413 1003 3452 mollis.
1037 3410 1155 3452 Male

306 3469 375 3513 hic
391 3471 900 3528 etiamquidameodiees
917 3506 928 3527 ,
949 3479 1053 3516 aetas
1071 3489 1155 3515 mo-

1243 1710 1363 1763 bilelr,
1388 1714 1491 1762 apta
1508 1713 1624 1764 regi.-
1654 1709 1748 1762 alii,
1773 1713 1938 1754 mollius
1953 1717 2086 1767 apta,

1238 1771 1307 1814 vel
1335 1779 1426 1816 arte
1453 1777 1545 1828 regi
1561 1777 1730 1816 mollis·
1694 1806 1725 1832 ,
1764 1775 1939 1833 proprie
1967 1776 2088 1818 enim

1239 1847 1355 1893 aetas,
1371 1855 1467 1896 quae
1479 1840 1598 1884 facile
1612 1840 1820 1896 flectitur,
1835 1842 1903 1885 vel
1926 1851 1974 1886 ut
1989 1843 2090 1899 equi

1237 1906 1441 1949 nondum
1453 1906 1550 1950 duri
1566 1909 1679 1962 oris,
1698 1909 1772 1952 sed
1788 1910 1861 1966 qui
1874 1911 1997 1953 frena
2013 1927 2092 1967 pa-

1238 1970 1420 2014 tiuntur.
1434 1971 1516 2015 Et
1504 1981 1562 2015 lta
1576 1972 1798 2030 eleganter
1810 1974 1921 2015 Hor.
1937 1973 2008 2016 lib.
2022 1987 2086 2022 lv,

1239 2034 1328 2078 od.
1344 2049 1388 2090 1,
1415 2036 1469 2079 de
1483 2052 1528 2080 se
1546 2037 1637 2092 jam
1655 2037 1754 2080 duri
1770 2037 1856 2081 oris
1874 2046 1918 2080 et
1931 2038 2092 2080 refrac—

1237 2099 1370 2154 tario,
1403 2099 1456 2143 ad
1482 2101 1738 2144 Venerem:

1665 2181 1984 2213 .Desi1enedulcium

1317 2240 1427 2272 Mater
1442 2251 1527 2272 mvn
1538 2202 1731 2283 cupidinum
1743 2266 1754 2282 ‚

1350 2302 1444 2334 cirea
1456 2303 1561 2334 lustra
1572 2304 1683 2335 decem
1697 2303 1826 2337 flectere
1843 2305 1998 2336 mollibus

1826 2366 1950 2398 Banu.

1296 2444 1313 2470 1
1325 2444 1359 2470 1.
1369 2429 1623 2487 Pbdlyndes
1627 2446 1803 2484 puerum
1815 2438 1895 2474 etc.
1903 2430 1972 2474 De
1985 2447 2087 2488 pue-

1237 2509 1289 2536 ro
1312 2494 1481 2538 Achille
1500 2510 1524 2538 a
1551 2495 1746 2540 Chirone
1775 2495 1989 2552 educam,
2015 2497 2088 2540 vi-

1238 2557 1369 2600 dend.
1390 2558 1508 2602 haud
1527 2559 1752 2617 illepidum
1762 2561 1888 2604 Statii
1909 2577 2086 2605 carmen

1237 2622 1468 2675 Achilleis,
1493 2624 1638 2680 quod,
1664 2625 1765 2668 licet
1783 2626 2004 2682 pendeat
1991 2638 2087 2668 nn-

1237 2689 1480 2743 perfectum
1496 2722 1508 2744 ,
1541 2690 1648 2732 vet·
1637 2706 1727 2747 ipsa
1745 2691 1968 2735 Thebaide
1995 2708 2085 2734 non

1235 2754 1415 2798 inferius
1427 2756 1628 2799 nonnulli
1641 2756 1945 2813 praedicarunt.
1957 2781 2012 2791 —
2025 2759 2090 2800 Ci-

1236 2819 1541 2874 tharapersect't
1547 2819 1769 2863 Achillem.
1781 2820 1863 2863 Ed.
1876 2821 2004 2878 prim.
2019 2824 2089 2864 Ci-

1235 2885 1366 2925 tharae
1381 2884 1586 2940 pra-fecit.
1612 2885 1700 2929 Sed
1726 2886 1948 2944 vulgatam
1973 2889 2085 2931 bene

1236 2949 1426 3003 praetulit
1441 2949 1676 2993 lectionem
1695 2951 1954 3008 Naugerius,
1971 2960 2020 2994 ut
2033 2951 2087 2994 sit

1226 3014 1423 3070 peficit,
1451 3023 1594 3058 exacte
1619 3015 1819 3060 erudivit.

1296 3081 1357 3123 13.
1377 3083 1602 3124 Perterrue't
1608 3084 1759 3125 hostes.
1770 3085 2007 3134 Exterrm’t,
2033 3084 2084 3126 li-

1235 3146 1304 3189 bri
1322 3148 1524 3191 meliores
1535 3157 1808 3192 constanter:
1823 3165 1929 3192 nam
1945 3150 2085 3206 sequi-

1235 3221 1310 3255 tur
1334 3219 1630 3269 perlt'mutkse,·
1659 3216 1734 3272 qui
1755 3230 1989 3259 concursus
2023 3223 2087 3260 τοῦ

1228 3296 1327 3334 per,
1361 3280 1635 3324 duriusculus
1657 3283 1784 3325 soret.

1297 3346 1358 3398 14.
1377 3345 1573 3388 Creditur.
1585 3347 1758 3388 Dicitur
1773 3345 1953 3389 Palatin.
1968 3359 2083 3387 unus

1239 3417 1283 3450 et
1304 3408 1392 3452 duo
1416 3409 1499 3451 alii.

1260 3509 1262 3511 .
1296 3477 1356 3517 15.
1390 3477 1879 3529 Quaslleclorsensurus
1897 3479 1990 3516 erat
1999 3483 2080 3517 etc.

1318 2363 1392 2393 Jam
1405 2364 1526 2394 durum
1540 2363 1696 2407 imperiis.
