<?xml version="1.0" encoding="UTF-8"?>
<!DOCTYPE html PUBLIC "-//W3C//DTD XHTML 1.0 Transitional//EN"
    "http://www.w3.org/TR/xhtml1/DTD/xhtml1-transitional.dtd">
<html xmlns="http://www.w3.org/1999/xhtml" xml:lang="en" lang="en">
 <head>
  <title>
</title>
<meta http-equiv="Content-Type" content="text/html;charset=utf-8" />
  <meta name='ocr-system' content='tesseract 3.04.00' />
  <meta name='ocr-capabilities' content='ocr_page ocr_carea ocr_par ocr_line ocrx_word'/>
</head>
<body>
  <div class='ocr_page' id='page_1' title='image "./quaeextantomniao02oviduoft_0356.png"; bbox 0 0 2268 3776; ppageno 0'>
   <div class='ocr_carea' id='block_1_1' title="bbox 260 280 366 349">
    <p class='ocr_par' dir='ltr' id='par_1_1' title="bbox 260 280 366 349">
     <span class='ocr_line' id='line_1_1' title="bbox 260 280 366 349; baseline -0.009 -14"><span class='ocrx_word' id='word_1_1' title='bbox 260 280 366 349; x_wconf 68' lang='lat'>342</span> 
     </span>
    </p>
   </div>
   <div class='ocr_carea' id='block_1_2' title="bbox 735 286 1550 347">
    <p class='ocr_par' dir='ltr' id='par_1_2' title="bbox 735 286 1550 347">
     <span class='ocr_line' id='line_1_2' title="bbox 735 286 1550 347; baseline 0.012 -10"><span class='ocrx_word' id='word_1_2' title='bbox 735 286 799 338; x_wconf 90' lang='lat' dir='ltr'>P.</span> <span class='ocrx_word' id='word_1_3' title='bbox 846 286 1133 342; x_wconf 87' lang='lat' dir='ltr'><strong>OVIDII</strong></span> <span class='ocrx_word' id='word_1_4' title='bbox 1173 288 1550 347; x_wconf 88' lang='lat' dir='ltr'><strong>NASONIS</strong></span> 
     </span>
    </p>
   </div>
   <div class='ocr_carea' id='block_1_3' title="bbox 255 397 2027 1264">
    <p class='ocr_par' dir='ltr' id='par_1_3' title="bbox 255 397 2027 1264">
     <span class='ocr_line' id='line_1_3' title="bbox 337 397 1512 485; baseline 0.009 -28"><span class='ocrx_word' id='word_1_5' title='bbox 337 397 583 468; x_wconf 79' lang='lat' dir='ltr'>Sufficit,</span> <span class='ocrx_word' id='word_1_6' title='bbox 610 415 663 460; x_wconf 89' lang='lat' dir='ltr'>et</span> <span class='ocrx_word' id='word_1_7' title='bbox 691 401 873 461; x_wconf 85' lang='lat' dir='ltr'>damni</span> <span class='ocrx_word' id='word_1_8' title='bbox 900 427 1026 485; x_wconf 89' lang='lat' dir='ltr'>pars</span> <span class='ocrx_word' id='word_1_9' title='bbox 1057 420 1200 465; x_wconf 86' lang='lat' dir='ltr'>caret</span> <span class='ocrx_word' id='word_1_10' title='bbox 1228 405 1322 466; x_wconf 86' lang='lat' dir='ltr'>illa</span> <span class='ocrx_word' id='word_1_11' title='bbox 1346 422 1512 467; x_wconf 77' lang='lat' dir='ltr'>meta.</span> 
     </span>
     <span class='ocr_line' id='line_1_4' title="bbox 259 495 1605 579; baseline 0.007 -25"><span class='ocrx_word' id='word_1_12' title='bbox 259 495 411 574; x_wconf 82' lang='lat' dir='ltr'>Quid</span> <span class='ocrx_word' id='word_1_13' title='bbox 439 510 582 555; x_wconf 89' lang='lat' dir='ltr'>vetet</span> <span class='ocrx_word' id='word_1_14' title='bbox 610 495 865 579; x_wconf 85' lang='lat' dir='ltr'>adposito</span> <span class='ocrx_word' id='word_1_15' title='bbox 896 498 1079 560; x_wconf 86' lang='lat' dir='ltr'>lumen</span> <span class='ocrx_word' id='word_1_16' title='bbox 1105 500 1170 561; x_wconf 89' lang='lat' dir='ltr'>de</span> <span class='ocrx_word' id='word_1_17' title='bbox 1203 501 1406 563; x_wconf 88' lang='lat' dir='ltr'>lumine</span> <span class='ocrx_word' id='word_1_18' title='bbox 1436 505 1605 576; x_wconf 87' lang='lat' dir='ltr'>sumi,</span> 
     </span>
     <span class='ocr_line' id='line_1_5' title="bbox 339 595 1620 683; baseline 0.009 -31"><span class='ocrx_word' id='word_1_19' title='bbox 339 595 545 674; x_wconf 76' lang='lat' dir='ltr'>Quisve</span> <span class='ocrx_word' id='word_1_20' title='bbox 577 610 705 655; x_wconf 83' lang='lat' dir='ltr'>cavo</span> <span class='ocrx_word' id='word_1_21' title='bbox 734 612 912 658; x_wconf 87' lang='lat' dir='ltr'>vastas</span> <span class='ocrx_word' id='word_1_22' title='bbox 944 598 1002 658; x_wconf 89' lang='lat' dir='ltr'>in</span> <span class='ocrx_word' id='word_1_23' title='bbox 1032 624 1177 660; x_wconf 89' lang='lat' dir='ltr'>mare</span> <span class='ocrx_word' id='word_1_24' title='bbox 1202 604 1620 683; x_wconf 82' lang='lat' dir='ltr'>servet-aquas?</span> 
     </span>
     <span class='ocr_line' id='line_1_6' title="bbox 258 692 2019 782; baseline 0.006 -33"><span class='ocrx_word' id='word_1_25' title='bbox 258 693 367 750; x_wconf 91' lang='lat' dir='ltr'>Det</span> <span class='ocrx_word' id='word_1_26' title='bbox 390 705 567 751; x_wconf 88' lang='lat' dir='ltr'>tamen</span> <span class='ocrx_word' id='word_1_27' title='bbox 597 692 709 753; x_wconf 87' lang='lat' dir='ltr'>ulla</span> <span class='ocrx_word' id='word_1_28' title='bbox 737 694 855 754; x_wconf 89' lang='lat' dir='ltr'>viro</span> <span class='ocrx_word' id='word_1_29' title='bbox 885 695 1110 769; x_wconf 86' lang='lat' dir='ltr'>mulier,</span> <span class='ocrx_word' id='word_1_30' title='bbox 1134 721 1248 757; x_wconf 93' lang='lat' dir='ltr'>non</span> <span class='ocrx_word' id='word_1_31' title='bbox 1278 699 1522 781; x_wconf 84' lang='lat' dir='ltr'>expedit,</span> <span class='ocrx_word' id='word_1_32' title='bbox 1547 699 1748 782; x_wconf 86' lang='lat' dir='ltr'><strong>inquis.</strong></span> <span class='ocrx_word' id='word_1_33' title='bbox 1964 718 2019 775; x_wconf 84' lang='lat'>95</span> 
     </span>
     <span class='ocr_line' id='line_1_7' title="bbox 340 787 1882 879; baseline 0.006 -33"><span class='ocrx_word' id='word_1_34' title='bbox 340 787 522 867; x_wconf 80' lang='lat' dir='ltr'>Quid,</span> <span class='ocrx_word' id='word_1_35' title='bbox 543 789 651 848; x_wconf 88' lang='lat' dir='ltr'>nisi</span> <span class='ocrx_word' id='word_1_36' title='bbox 682 815 845 872; x_wconf 88' lang='lat' dir='ltr'>quam</span> <span class='ocrx_word' id='word_1_37' title='bbox 874 816 1054 852; x_wconf 89' lang='lat' dir='ltr'>sumes</span> <span class='ocrx_word' id='word_1_38' title='bbox 1071 841 1085 866; x_wconf 84' lang='lat'>,</span> <span class='ocrx_word' id='word_1_39' title='bbox 1113 793 1199 854; x_wconf 83' lang='lat' dir='ltr'>dic</span> <span class='ocrx_word' id='word_1_40' title='bbox 1228 795 1396 868; x_wconf 86' lang='lat' dir='ltr'>mihi,</span> <span class='ocrx_word' id='word_1_41' title='bbox 1423 796 1609 878; x_wconf 88' lang='lat' dir='ltr'>perdis</span> <span class='ocrx_word' id='word_1_42' title='bbox 1639 796 1882 879; x_wconf 80' lang='lat' dir='ltr'>aquam?</span> 
     </span>
     <span class='ocr_line' id='line_1_8' title="bbox 255 886 1632 968; baseline 0.007 -25"><span class='ocrx_word' id='word_1_43' title='bbox 255 886 368 944; x_wconf 86' lang='lat' dir='ltr'>Nec</span> <span class='ocrx_word' id='word_1_44' title='bbox 397 909 494 945; x_wconf 87' lang='lat' dir='ltr'>vos</span> <span class='ocrx_word' id='word_1_45' title='bbox 522 887 812 968; x_wconf 76' lang='lat' dir='ltr'>prostituit</span> <span class='ocrx_word' id='word_1_46' title='bbox 840 913 957 950; x_wconf 87' lang='lat' dir='ltr'>mea</span> <span class='ocrx_word' id='word_1_47' title='bbox 986 915 1122 962; x_wconf 76' lang='lat' dir='ltr'>vox3</span> <span class='ocrx_word' id='word_1_48' title='bbox 1153 891 1248 952; x_wconf 90' lang='lat' dir='ltr'>sed</span> <span class='ocrx_word' id='word_1_49' title='bbox 1277 916 1413 952; x_wconf 88' lang='lat' dir='ltr'>vana</span> <span class='ocrx_word' id='word_1_50' title='bbox 1443 893 1632 954; x_wconf 88' lang='lat' dir='ltr'>timere</span> 
     </span>
     <span class='ocr_line' id='line_1_9' title="bbox 336 977 1770 1049; baseline 0.006 -8"><span class='ocrx_word' id='word_1_51' title='bbox 336 983 549 1043; x_wconf 83' lang='lat' dir='ltr'>Damna</span> <span class='ocrx_word' id='word_1_52' title='bbox 579 999 759 1045; x_wconf 86' lang='lat' dir='ltr'>vetat:</span> <span class='ocrx_word' id='word_1_53' title='bbox 789 986 999 1047; x_wconf 86' lang='lat' dir='ltr'>damnis</span> <span class='ocrx_word' id='word_1_54' title='bbox 1028 1011 1255 1048; x_wconf 87' lang='lat' dir='ltr'>munera</span> <span class='ocrx_word' id='word_1_55' title='bbox 1283 1002 1463 1049; x_wconf 87' lang='lat' dir='ltr'>vestra</span> <span class='ocrx_word' id='word_1_56' title='bbox 1491 1004 1690 1049; x_wconf 86' lang='lat' dir='ltr'>carent.</span> <span class='ocrx_word' id='word_1_57' title='bbox 1767 977 1770 980; x_wconf 21' lang='grc' dir='ltr'>Ι</span> 
     </span>
     <span class='ocr_line' id='line_1_10' title="bbox 258 1078 1513 1166; baseline 0.007 -29"><span class='ocrx_word' id='word_1_58' title='bbox 258 1078 365 1138; x_wconf 89' lang='lat' dir='ltr'>Sed</span> <span class='ocrx_word' id='word_1_59' title='bbox 394 1103 479 1140; x_wconf 88' lang='lat' dir='ltr'>me</span> <span class='ocrx_word' id='word_1_60' title='bbox 504 1081 815 1143; x_wconf 89' lang='lat' dir='ltr'>flaminibus</span> <span class='ocrx_word' id='word_1_61' title='bbox 844 1084 991 1151; x_wconf 84' lang='lat' dir='ltr'>venti</span> <span class='ocrx_word' id='word_1_62' title='bbox 1020 1085 1245 1166; x_wconf 86' lang='lat' dir='ltr'>majoris</span> <span class='ocrx_word' id='word_1_63' title='bbox 1273 1085 1481 1146; x_wconf 89' lang='lat' dir='ltr'>iturum</span> <span class='ocrx_word' id='word_1_64' title='bbox 1498 1132 1513 1156; x_wconf 90' lang='lat'>‚</span> 
     </span>
     <span class='ocr_line' id='line_1_11' title="bbox 337 1177 2027 1264; baseline 0.003 -28"><span class='ocrx_word' id='word_1_65' title='bbox 337 1177 487 1237; x_wconf 89' lang='lat' dir='ltr'>Dum</span> <span class='ocrx_word' id='word_1_66' title='bbox 515 1202 703 1240; x_wconf 90' lang='lat' dir='ltr'>sumus</span> <span class='ocrx_word' id='word_1_67' title='bbox 731 1180 790 1240; x_wconf 88' lang='lat' dir='ltr'>in</span> <span class='ocrx_word' id='word_1_68' title='bbox 816 1196 983 1264; x_wconf 90' lang='lat' dir='ltr'>portu</span> <span class='ocrx_word' id='word_1_69' title='bbox 1002 1228 1016 1254; x_wconf 86' lang='lat'>,</span> <span class='ocrx_word' id='word_1_70' title='bbox 1040 1182 1308 1264; x_wconf 86' lang='lat' dir='ltr'>provehat</span> <span class='ocrx_word' id='word_1_71' title='bbox 1336 1207 1468 1243; x_wconf 88' lang='lat' dir='ltr'>aura</span> <span class='ocrx_word' id='word_1_72' title='bbox 1493 1182 1643 1243; x_wconf 86' lang='lat' dir='ltr'>levis.</span> <span class='ocrx_word' id='word_1_73' title='bbox 1953 1214 2027 1242; x_wconf 83' lang='lat'>100</span> 
     </span>
    </p>
   </div>
   <div class='ocr_carea' id='block_1_4' title="bbox 254 1301 2028 1848">
    <p class='ocr_par' dir='ltr' id='par_1_4' title="bbox 263 1301 1603 1480">
     <span class='ocr_line' id='line_1_12' title="bbox 263 1301 1603 1389; baseline 0.004 -28"><span class='ocrx_word' id='word_1_74' title='bbox 263 1301 509 1362; x_wconf 84' lang='lat' dir='ltr'>ORDIOR</span> <span class='ocrx_word' id='word_1_75' title='bbox 532 1327 572 1366; x_wconf 67' lang='lat' dir='ltr'>‚a</span> <span class='ocrx_word' id='word_1_76' title='bbox 596 1301 749 1389; x_wconf 78' lang='lat' dir='ltr'>cultu</span> <span class='ocrx_word' id='word_1_77' title='bbox 779 1330 790 1363; x_wconf 92' lang='lat'>:</span> <span class='ocrx_word' id='word_1_78' title='bbox 821 1304 986 1365; x_wconf 82' lang='lat' dir='ltr'>cultis</span> <span class='ocrx_word' id='word_1_79' title='bbox 1013 1306 1156 1367; x_wconf 88' lang='lat' dir='ltr'>bene</span> <span class='ocrx_word' id='word_1_80' title='bbox 1186 1307 1356 1368; x_wconf 87' lang='lat' dir='ltr'>Liber</span> <span class='ocrx_word' id='word_1_81' title='bbox 1383 1308 1451 1367; x_wconf 87' lang='lat' dir='ltr'>ab</span> <span class='ocrx_word' id='word_1_82' title='bbox 1482 1307 1603 1367; x_wconf 88' lang='lat' dir='ltr'>uvis</span> 
     </span>
     <span class='ocr_line' id='line_1_13' title="bbox 338 1391 1522 1480; baseline 0.003 -23"><span class='ocrx_word' id='word_1_83' title='bbox 338 1391 631 1472; x_wconf 52' lang='lat' dir='ltr'>Provenitss</span> <span class='ocrx_word' id='word_1_84' title='bbox 658 1415 713 1460; x_wconf 88' lang='lat' dir='ltr'>et</span> <span class='ocrx_word' id='word_1_85' title='bbox 741 1399 890 1461; x_wconf 90' lang='lat' dir='ltr'>culto</span> <span class='ocrx_word' id='word_1_86' title='bbox 922 1416 1031 1466; x_wconf 88' lang='lat' dir='ltr'>stat</span> <span class='ocrx_word' id='word_1_87' title='bbox 1058 1425 1211 1480; x_wconf 86' lang='lat' dir='ltr'>seges</span> <span class='ocrx_word' id='word_1_88' title='bbox 1239 1401 1348 1462; x_wconf 86' lang='lat' dir='ltr'>alta</span> <span class='ocrx_word' id='word_1_89' title='bbox 1381 1401 1522 1462; x_wconf 90' lang='lat' dir='ltr'>solo.</span> 
     </span>
    </p>

    <p class='ocr_par' dir='ltr' id='par_1_5' title="bbox 254 1496 1834 1673">
     <span class='ocr_line' id='line_1_14' title="bbox 254 1496 1834 1582; baseline 0.001 -26"><span class='ocrx_word' id='word_1_90' title='bbox 254 1498 453 1556; x_wconf 89' lang='lat' dir='ltr'>Forma</span> <span class='ocrx_word' id='word_1_91' title='bbox 479 1497 583 1557; x_wconf 91' lang='lat' dir='ltr'>Dei</span> <span class='ocrx_word' id='word_1_92' title='bbox 613 1522 814 1557; x_wconf 90' lang='lat' dir='ltr'>munus</span> <span class='ocrx_word' id='word_1_93' title='bbox 837 1523 848 1558; x_wconf 94' lang='lat'><strong>:</strong></span> <span class='ocrx_word' id='word_1_94' title='bbox 874 1498 1054 1558; x_wconf 87' lang='lat' dir='ltr'>forma</span> <span class='ocrx_word' id='word_1_95' title='bbox 1080 1513 1253 1582; x_wconf 89' lang='lat' dir='ltr'>quota</span> <span class='ocrx_word' id='word_1_96' title='bbox 1281 1522 1509 1581; x_wconf 83' lang='lat' dir='ltr'>quaeque</span> <span class='ocrx_word' id='word_1_97' title='bbox 1539 1496 1834 1582; x_wconf 83' lang='lat' dir='ltr'>superbit?</span> 
     </span>
     <span class='ocr_line' id='line_1_15' title="bbox 338 1582 1528 1673; baseline 0.002 -21"><span class='ocrx_word' id='word_1_98' title='bbox 338 1594 472 1653; x_wconf 89' lang='lat' dir='ltr'>Pars</span> <span class='ocrx_word' id='word_1_99' title='bbox 499 1596 738 1654; x_wconf 70' lang='lat' dir='ltr'>vestrum</span> <span class='ocrx_word' id='word_1_100' title='bbox 767 1594 862 1655; x_wconf 83' lang='lat' dir='ltr'>tali</span> <span class='ocrx_word' id='word_1_101' title='bbox 888 1619 1111 1656; x_wconf 87' lang='lat' dir='ltr'>munere</span> <span class='ocrx_word' id='word_1_102' title='bbox 1140 1582 1339 1673; x_wconf 82' lang='lat' dir='ltr'>magna</span> <span class='ocrx_word' id='word_1_103' title='bbox 1367 1610 1528 1656; x_wconf 87' lang='lat' dir='ltr'>caret.</span> 
     </span>
    </p>

    <p class='ocr_par' dir='ltr' id='par_1_6' title="bbox 259 1689 2028 1848">
     <span class='ocr_line' id='line_1_16' title="bbox 259 1689 2028 1775; baseline -0.001 -26"><span class='ocrx_word' id='word_1_104' title='bbox 259 1690 404 1749; x_wconf 88' lang='lat' dir='ltr'>Cura</span> <span class='ocrx_word' id='word_1_105' title='bbox 434 1689 588 1749; x_wconf 89' lang='lat' dir='ltr'>dabit</span> <span class='ocrx_word' id='word_1_106' title='bbox 614 1689 806 1750; x_wconf 84' lang='lat' dir='ltr'>faciem</span> <span class='ocrx_word' id='word_1_107' title='bbox 833 1715 846 1750; x_wconf 80' lang='lat' dir='ltr'>z</span> <span class='ocrx_word' id='word_1_108' title='bbox 870 1691 1035 1752; x_wconf 87' lang='lat' dir='ltr'>facies</span> <span class='ocrx_word' id='word_1_109' title='bbox 1063 1690 1313 1770; x_wconf 82' lang='lat' dir='ltr'>neglecta</span> <span class='ocrx_word' id='word_1_110' title='bbox 1337 1691 1576 1775; x_wconf 87' lang='lat' dir='ltr'>peribit,</span> <span class='ocrx_word' id='word_1_111' title='bbox 1626 1703 1628 1705; x_wconf 82' lang='grc'><strong>’</strong></span> <span class='ocrx_word' id='word_1_112' title='bbox 1953 1706 2028 1750; x_wconf 79' lang='lat'>105</span> 
     </span>
     <span class='ocr_line' id='line_1_17' title="bbox 337 1784 1292 1848; baseline 0.004 -4"><span class='ocrx_word' id='word_1_113' title='bbox 337 1784 521 1845; x_wconf 81' lang='lat' dir='ltr'>Idaliae</span> <span class='ocrx_word' id='word_1_114' title='bbox 551 1786 744 1846; x_wconf 88' lang='lat' dir='ltr'>similis</span> <span class='ocrx_word' id='word_1_115' title='bbox 772 1787 844 1847; x_wconf 88' lang='lat' dir='ltr'>sit</span> <span class='ocrx_word' id='word_1_116' title='bbox 868 1786 997 1848; x_wconf 89' lang='lat' dir='ltr'>licet</span> <span class='ocrx_word' id='word_1_117' title='bbox 1022 1787 1118 1848; x_wconf 86' lang='lat' dir='ltr'>illa</span> <span class='ocrx_word' id='word_1_118' title='bbox 1144 1790 1292 1848; x_wconf 84' lang='lat' dir='ltr'>Deae.</span> 
     </span>
    </p>
   </div>
   <div class='ocr_carea' id='block_1_5' title="bbox 256 1888 1575 1972">
    <p class='ocr_par' dir='ltr' id='par_1_7' title="bbox 256 1888 1575 1972">
     <span class='ocr_line' id='line_1_18' title="bbox 256 1888 1575 1972; baseline 0.003 -26"><span class='ocrx_word' id='word_1_119' title='bbox 256 1888 508 1969; x_wconf 84' lang='lat' dir='ltr'>Corpora</span> <span class='ocrx_word' id='word_1_120' title='bbox 537 1888 584 1947; x_wconf 89' lang='lat' dir='ltr'>si</span> <span class='ocrx_word' id='word_1_121' title='bbox 611 1903 817 1948; x_wconf 86' lang='lat' dir='ltr'>veteres</span> <span class='ocrx_word' id='word_1_122' title='bbox 843 1913 955 1951; x_wconf 90' lang='lat' dir='ltr'>non</span> <span class='ocrx_word' id='word_1_123' title='bbox 986 1890 1064 1949; x_wconf 88' lang='lat' dir='ltr'>sic</span> <span class='ocrx_word' id='word_1_124' title='bbox 1094 1889 1310 1950; x_wconf 89' lang='lat' dir='ltr'>coluere</span> <span class='ocrx_word' id='word_1_125' title='bbox 1340 1888 1575 1972; x_wconf 87' lang='lat' dir='ltr'>puellae;</span> 
     </span>
    </p>
   </div>
   <div class='ocr_carea' id='block_1_6' title="bbox 337 1991 1502 2054">
    <p class='ocr_par' dir='ltr' id='par_1_8' title="bbox 337 1991 1502 2054">
     <span class='ocr_line' id='line_1_19' title="bbox 337 1991 1502 2054; baseline 0.002 -3"><span class='ocrx_word' id='word_1_126' title='bbox 337 1993 451 2051; x_wconf 86' lang='lat' dir='ltr'>Nec</span> <span class='ocrx_word' id='word_1_127' title='bbox 479 2006 684 2051; x_wconf 88' lang='lat' dir='ltr'>veteres</span> <span class='ocrx_word' id='word_1_128' title='bbox 717 1991 896 2052; x_wconf 90' lang='lat' dir='ltr'>cultos</span> <span class='ocrx_word' id='word_1_129' title='bbox 923 1993 1000 2053; x_wconf 92' lang='lat' dir='ltr'>sic</span> <span class='ocrx_word' id='word_1_130' title='bbox 1031 1994 1270 2054; x_wconf 83' lang='lat' dir='ltr'>habuere</span> <span class='ocrx_word' id='word_1_131' title='bbox 1299 1994 1466 2053; x_wconf 83' lang='lat' dir='ltr'>viros.</span> <span class='ocrx_word' id='word_1_132' title='bbox 1500 1992 1502 1994; x_wconf 50' lang='grc'>’</span> 
     </span>
    </p>
   </div>
   <div class='ocr_carea' id='block_1_7' title="bbox 258 2093 1642 2173">
    <p class='ocr_par' dir='ltr' id='par_1_9' title="bbox 258 2093 1642 2173">
     <span class='ocr_line' id='line_1_20' title="bbox 258 2093 1642 2173; baseline 0.003 -22"><span class='ocrx_word' id='word_1_133' title='bbox 258 2094 317 2151; x_wconf 85' lang='lat' dir='ltr'>Si</span> <span class='ocrx_word' id='word_1_134' title='bbox 344 2093 451 2152; x_wconf 84' lang='lat' dir='ltr'>fuit</span> <span class='ocrx_word' id='word_1_135' title='bbox 482 2093 867 2154; x_wconf 85' lang='lat' dir='ltr'>Andromache</span> <span class='ocrx_word' id='word_1_136' title='bbox 898 2095 1111 2156; x_wconf 88' lang='lat' dir='ltr'>tunicas</span> <span class='ocrx_word' id='word_1_137' title='bbox 1141 2095 1335 2155; x_wconf 87' lang='lat' dir='ltr'>induta</span> <span class='ocrx_word' id='word_1_138' title='bbox 1360 2109 1642 2173; x_wconf 84' lang='lat' dir='ltr'>vaganteS‚</span> 
     </span>
    </p>
   </div>
   <div class='ocr_carea' id='block_1_8' title="bbox 258 2252 1110 3282">
    <p class='ocr_par' dir='ltr' id='par_1_10' title="bbox 259 2252 1107 2441">
     <span class='ocr_line' id='line_1_21' title="bbox 313 2252 1107 2311; baseline 0.001 -17"><span class='ocrx_word' id='word_1_139' title='bbox 313 2253 381 2311; x_wconf 73' lang='lat'>93.</span> <span class='ocrx_word' id='word_1_140' title='bbox 415 2253 520 2306; x_wconf 77' lang='lat' dir='ltr'>Quis</span> <span class='ocrx_word' id='word_1_141' title='bbox 538 2257 657 2295; x_wconf 79' lang='lat' dir='ltr'>vetet.</span> <span class='ocrx_word' id='word_1_142' title='bbox 681 2253 797 2306; x_wconf 81' lang='lat' dir='ltr'>Quid</span> <span class='ocrx_word' id='word_1_143' title='bbox 811 2258 930 2295; x_wconf 80' lang='lat' dir='ltr'>velat</span> <span class='ocrx_word' id='word_1_144' title='bbox 945 2253 976 2295; x_wconf 93' lang='lat' dir='ltr'>J</span> <span class='ocrx_word' id='word_1_145' title='bbox 979 2252 1107 2295; x_wconf 87' lang='lat' dir='ltr'>unia-</span> 
     </span>
     <span class='ocr_line' id='line_1_22' title="bbox 259 2318 1103 2372; baseline 0 -10"><span class='ocrx_word' id='word_1_146' title='bbox 259 2335 354 2362; x_wconf 87' lang='lat' dir='ltr'>nus.</span> <span class='ocrx_word' id='word_1_147' title='bbox 389 2319 538 2362; x_wconf 88' lang='lat' dir='ltr'>Scribe</span> <span class='ocrx_word' id='word_1_148' title='bbox 561 2350 574 2372; x_wconf 87' lang='lat'>,</span> <span class='ocrx_word' id='word_1_149' title='bbox 614 2320 730 2372; x_wconf 74' lang='lat' dir='ltr'>Quid</span> <span class='ocrx_word' id='word_1_150' title='bbox 755 2324 900 2363; x_wconf 80' lang='lat' dir='ltr'>vetet:</span> <span class='ocrx_word' id='word_1_151' title='bbox 929 2318 1016 2362; x_wconf 86' lang='lat' dir='ltr'>dixi</span> <span class='ocrx_word' id='word_1_152' title='bbox 1051 2318 1103 2362; x_wconf 85' lang='lat' dir='ltr'>ad</span> 
     </span>
     <span class='ocr_line' id='line_1_23' title="bbox 261 2385 874 2441; baseline -0.003 -13"><span class='ocrx_word' id='word_1_153' title='bbox 261 2385 395 2441; x_wconf 88' lang='lat' dir='ltr'>Epist.</span> <span class='ocrx_word' id='word_1_154' title='bbox 416 2399 468 2439; x_wconf 86' lang='lat' dir='ltr'>x,</span> <span class='ocrx_word' id='word_1_155' title='bbox 490 2401 599 2428; x_wconf 86' lang='lat' dir='ltr'>vers.</span> <span class='ocrx_word' id='word_1_156' title='bbox 618 2385 682 2428; x_wconf 87' lang='lat'>88.</span> <span class='ocrx_word' id='word_1_157' title='bbox 706 2385 874 2428; x_wconf 69' lang='lat' dir='ltr'>Hnms.</span> 
     </span>
    </p>

    <p class='ocr_par' dir='ltr' id='par_1_11' title="bbox 258 2451 1110 2829">
     <span class='ocr_line' id='line_1_24' title="bbox 313 2451 1106 2510; baseline 0.004 -18"><span class='ocrx_word' id='word_1_158' title='bbox 313 2454 379 2510; x_wconf 80' lang='lat'>94.</span> <span class='ocrx_word' id='word_1_159' title='bbox 406 2453 587 2507; x_wconf 73' lang='lat' dir='ltr'>Quisque</span> <span class='ocrx_word' id='word_1_160' title='bbox 598 2468 755 2494; x_wconf 72' lang='lat' dir='ltr'>cavum.</span> <span class='ocrx_word' id='word_1_161' title='bbox 776 2451 937 2494; x_wconf 89' lang='lat' dir='ltr'>Melius</span> <span class='ocrx_word' id='word_1_162' title='bbox 956 2451 1002 2494; x_wconf 91' lang='lat' dir='ltr'>in</span> <span class='ocrx_word' id='word_1_163' title='bbox 1024 2467 1106 2495; x_wconf 87' lang='lat' dir='ltr'>an-</span> 
     </span>
     <span class='ocr_line' id='line_1_25' title="bbox 262 2514 1109 2571; baseline 0 -13"><span class='ocrx_word' id='word_1_164' title='bbox 262 2515 384 2571; x_wconf 87' lang='lat' dir='ltr'>tiquo</span> <span class='ocrx_word' id='word_1_165' title='bbox 413 2514 618 2571; x_wconf 86' lang='lat' dir='ltr'>Scaligeri</span> <span class='ocrx_word' id='word_1_166' title='bbox 645 2514 791 2558; x_wconf 89' lang='lat' dir='ltr'>codice</span> <span class='ocrx_word' id='word_1_167' title='bbox 806 2547 818 2569; x_wconf 95' lang='lat'>,</span> <span class='ocrx_word' id='word_1_168' title='bbox 839 2517 993 2569; x_wconf 75' lang='lat' dir='ltr'>Quisve</span> <span class='ocrx_word' id='word_1_169' title='bbox 1007 2531 1109 2558; x_wconf 64' lang='lat' dir='ltr'>cavo</span> 
     </span>
     <span class='ocr_line' id='line_1_26' title="bbox 260 2583 1109 2635; baseline -0.001 -12"><span class='ocrx_word' id='word_1_170' title='bbox 260 2586 408 2623; x_wconf 76' lang='lat' dir='ltr'>vastas</span> <span class='ocrx_word' id='word_1_171' title='bbox 426 2584 470 2622; x_wconf 82' lang='lat' dir='ltr'>in</span> <span class='ocrx_word' id='word_1_172' title='bbox 489 2595 602 2621; x_wconf 83' lang='lat' dir='ltr'>mare</span> <span class='ocrx_word' id='word_1_173' title='bbox 614 2585 747 2621; x_wconf 68' lang='lat' dir='ltr'>servet</span> <span class='ocrx_word' id='word_1_174' title='bbox 755 2596 890 2635; x_wconf 80' lang='lat' dir='ltr'>aquas</span> <span class='ocrx_word' id='word_1_175' title='bbox 900 2583 984 2625; x_wconf 84' lang='lat' dir='ltr'>?·ut</span> <span class='ocrx_word' id='word_1_176' title='bbox 997 2595 1109 2622; x_wconf 82' lang='lat' dir='ltr'>mare</span> 
     </span>
     <span class='ocr_line' id='line_1_27' title="bbox 258 2643 1110 2688; baseline -0.001 0"><span class='ocrx_word' id='word_1_177' title='bbox 258 2645 313 2688; x_wconf 86' lang='lat' dir='ltr'>sit</span> <span class='ocrx_word' id='word_1_178' title='bbox 332 2647 448 2686; x_wconf 80' lang='lat' dir='ltr'>mari.</span> <span class='ocrx_word' id='word_1_179' title='bbox 471 2643 591 2685; x_wconf 74' lang='lat' dir='ltr'>DAN.</span> <span class='ocrx_word' id='word_1_180' title='bbox 608 2644 775 2686; x_wconf 78' lang='lat' dir='ltr'>HEINS.</span> <span class='ocrx_word' id='word_1_181' title='bbox 802 2646 912 2686; x_wconf 69' lang='lat' dir='ltr'>Cavo</span> <span class='ocrx_word' id='word_1_182' title='bbox 932 2649 977 2686; x_wconf 77' lang='lat' dir='ltr'>in</span> <span class='ocrx_word' id='word_1_183' title='bbox 996 2660 1110 2687; x_wconf 79' lang='lat' dir='ltr'>mare</span> 
     </span>
     <span class='ocr_line' id='line_1_28' title="bbox 260 2708 1107 2766; baseline -0.001 -12"><span class='ocrx_word' id='word_1_184' title='bbox 260 2710 404 2766; x_wconf 86' lang='lat' dir='ltr'>scripti</span> <span class='ocrx_word' id='word_1_185' title='bbox 416 2710 620 2765; x_wconf 78' lang='lat' dir='ltr'>potiores,</span> <span class='ocrx_word' id='word_1_186' title='bbox 633 2724 735 2751; x_wconf 91' lang='lat' dir='ltr'>cum</span> <span class='ocrx_word' id='word_1_187' title='bbox 746 2708 885 2764; x_wconf 87' lang='lat' dir='ltr'>prima</span> <span class='ocrx_word' id='word_1_188' title='bbox 895 2710 1084 2753; x_wconf 84' lang='lat' dir='ltr'>editione</span> <span class='ocrx_word' id='word_1_189' title='bbox 1097 2726 1107 2753; x_wconf 91' lang='lat'><strong>:</strong></span> 
     </span>
     <span class='ocr_line' id='line_1_29' title="bbox 259 2772 1107 2829; baseline 0 -12"><span class='ocrx_word' id='word_1_190' title='bbox 259 2783 392 2817; x_wconf 81' lang='lat' dir='ltr'>recte.</span> <span class='ocrx_word' id='word_1_191' title='bbox 407 2773 480 2817; x_wconf 88' lang='lat' dir='ltr'>Sic</span> <span class='ocrx_word' id='word_1_192' title='bbox 498 2773 630 2816; x_wconf 86' lang='lat' dir='ltr'>Trist.</span> <span class='ocrx_word' id='word_1_193' title='bbox 646 2772 715 2815; x_wconf 87' lang='lat' dir='ltr'>lib.</span> <span class='ocrx_word' id='word_1_194' title='bbox 737 2773 794 2826; x_wconf 87' lang='lat' dir='ltr'>V,</span> <span class='ocrx_word' id='word_1_195' title='bbox 807 2772 928 2829; x_wconf 85' lang='lat' dir='ltr'>Eleg.</span> <span class='ocrx_word' id='word_1_196' title='bbox 949 2787 985 2815; x_wconf 93' lang='lat'>11</span> <span class='ocrx_word' id='word_1_197' title='bbox 997 2805 1009 2826; x_wconf 90' lang='lat'><strong><em>‚</em></strong></span> <span class='ocrx_word' id='word_1_198' title='bbox 1027 2790 1080 2815; x_wconf 80' lang='lat'>20</span> <span class='ocrx_word' id='word_1_199' title='bbox 1096 2790 1107 2817; x_wconf 74' lang='grc' dir='ltr'><strong><em>ι</em></strong></span> 
     </span>
    </p>

    <p class='ocr_par' dir='ltr' id='par_1_12' title="bbox 262 2841 1108 3024">
     <span class='ocr_line' id='line_1_30' title="bbox 301 2841 1108 2882; baseline 0 -9"><span class='ocrx_word' id='word_1_200' title='bbox 301 2843 465 2882; x_wconf 75' lang='lat' dir='ltr'>Exiguum</span> <span class='ocrx_word' id='word_1_201' title='bbox 477 2842 573 2882; x_wconf 84' lang='lat' dir='ltr'>pleno</span> <span class='ocrx_word' id='word_1_202' title='bbox 585 2841 624 2871; x_wconf 85' lang='lat' dir='ltr'>de</span> <span class='ocrx_word' id='word_1_203' title='bbox 642 2851 729 2871; x_wconf 81' lang='lat' dir='ltr'>mare</span> <span class='ocrx_word' id='word_1_204' title='bbox 741 2841 848 2871; x_wconf 75' lang='lat' dir='ltr'>demat</span> <span class='ocrx_word' id='word_1_205' title='bbox 859 2852 962 2882; x_wconf 79' lang='lat' dir='ltr'>aquae.</span> <span class='ocrx_word' id='word_1_206' title='bbox 973 2843 1108 2873; x_wconf 73' lang='lat' dir='ltr'>Hmns.</span> 
     </span>
     <span class='ocr_line' id='line_1_31' title="bbox 262 2901 1107 2958; baseline -0.004 -11"><span class='ocrx_word' id='word_1_207' title='bbox 262 2903 331 2947; x_wconf 87' lang='lat' dir='ltr'>Ita</span> <span class='ocrx_word' id='word_1_208' title='bbox 364 2903 497 2945; x_wconf 87' lang='lat' dir='ltr'>etiam</span> <span class='ocrx_word' id='word_1_209' title='bbox 530 2901 716 2945; x_wconf 85' lang='lat' dir='ltr'>Zinzerl.</span> <span class='ocrx_word' id='word_1_210' title='bbox 752 2902 958 2958; x_wconf 82' lang='lat' dir='ltr'>promuls.</span> <span class='ocrx_word' id='word_1_211' title='bbox 997 2901 1107 2956; x_wconf 74' lang='lat' dir='ltr'>Crit.</span> 
     </span>
     <span class='ocr_line' id='line_1_32' title="bbox 263 2981 468 3024; baseline -0.01 -13"><span class='ocrx_word' id='word_1_212' title='bbox 263 2984 352 3024; x_wconf 88' lang='lat' dir='ltr'>cap.</span> <span class='ocrx_word' id='word_1_213' title='bbox 375 2981 468 3010; x_wconf 85' lang='lat' dir='ltr'>xv1.</span> 
     </span>
    </p>

    <p class='ocr_par' dir='ltr' id='par_1_13' title="bbox 261 3036 1107 3282">
     <span class='ocr_line' id='line_1_33' title="bbox 314 3036 1104 3093; baseline -0.003 -16"><span class='ocrx_word' id='word_1_214' title='bbox 314 3036 381 3093; x_wconf 83' lang='lat'>95.</span> <span class='ocrx_word' id='word_1_215' title='bbox 411 3036 500 3076; x_wconf 82' lang='lat' dir='ltr'>Del</span> <span class='ocrx_word' id='word_1_216' title='bbox 523 3040 661 3077; x_wconf 78' lang='lat' dir='ltr'>tamen</span> <span class='ocrx_word' id='word_1_217' title='bbox 690 3036 781 3076; x_wconf 85' lang='lat' dir='ltr'>ulla</span> <span class='ocrx_word' id='word_1_218' title='bbox 810 3037 901 3076; x_wconf 77' lang='lat' dir='ltr'>viro</span> <span class='ocrx_word' id='word_1_219' title='bbox 933 3036 1079 3075; x_wconf 78' lang='lat' dir='ltr'>mulier</span> <span class='ocrx_word' id='word_1_220' title='bbox 1093 3067 1104 3083; x_wconf 94' lang='lat'>,</span> 
     </span>
     <span class='ocr_line' id='line_1_34' title="bbox 261 3095 1107 3154; baseline 0 -14"><span class='ocrx_word' id='word_1_221' title='bbox 261 3115 342 3140; x_wconf 85' lang='lat' dir='ltr'>non</span> <span class='ocrx_word' id='word_1_222' title='bbox 362 3100 546 3152; x_wconf 76' lang='lat' dir='ltr'>expedit,</span> <span class='ocrx_word' id='word_1_223' title='bbox 563 3101 712 3154; x_wconf 77' lang='lat' dir='ltr'>inquis.</span> <span class='ocrx_word' id='word_1_224' title='bbox 731 3098 839 3141; x_wconf 87' lang='lat' dir='ltr'>Non</span> <span class='ocrx_word' id='word_1_225' title='bbox 850 3095 1042 3153; x_wconf 82' lang='lat' dir='ltr'>expedit,</span> <span class='ocrx_word' id='word_1_226' title='bbox 1059 3105 1107 3140; x_wconf 84' lang='lat' dir='ltr'>ut</span> 
     </span>
     <span class='ocr_line' id='line_1_35' title="bbox 263 3161 1107 3218; baseline 0 -15"><span class='ocrx_word' id='word_1_227' title='bbox 263 3161 422 3204; x_wconf 86' lang='lat' dir='ltr'>mulier</span> <span class='ocrx_word' id='word_1_228' title='bbox 443 3161 528 3204; x_wconf 91' lang='lat' dir='ltr'>ulla</span> <span class='ocrx_word' id='word_1_229' title='bbox 545 3161 619 3204; x_wconf 84' lang='lat' dir='ltr'>det</span> <span class='ocrx_word' id='word_1_230' title='bbox 635 3161 743 3204; x_wconf 82' lang='lat' dir='ltr'>viro.</span> <span class='ocrx_word' id='word_1_231' title='bbox 761 3164 896 3211; x_wconf 79' lang='lat' dir='ltr'>Dare,</span> <span class='ocrx_word' id='word_1_232' title='bbox 923 3176 1002 3218; x_wconf 72' lang='lat' dir='ltr'>pro</span> <span class='ocrx_word' id='word_1_233' title='bbox 1023 3176 1107 3204; x_wconf 90' lang='lat' dir='ltr'>co-</span> 
     </span>
     <span class='ocr_line' id='line_1_36' title="bbox 262 3225 1107 3282; baseline 0.004 -16"><span class='ocrx_word' id='word_1_234' title='bbox 262 3225 379 3281; x_wconf 83' lang='lat' dir='ltr'>piam</span> <span class='ocrx_word' id='word_1_235' title='bbox 401 3226 467 3268; x_wconf 90' lang='lat' dir='ltr'>sui</span> <span class='ocrx_word' id='word_1_236' title='bbox 494 3226 633 3269; x_wconf 81' lang='lat' dir='ltr'>facere</span> <span class='ocrx_word' id='word_1_237' title='bbox 652 3259 663 3280; x_wconf 86' lang='lat'><em>‚</em></span> <span class='ocrx_word' id='word_1_238' title='bbox 709 3226 917 3269; x_wconf 86' lang='lat' dir='ltr'>usitatum</span> <span class='ocrx_word' id='word_1_239' title='bbox 958 3225 1107 3282; x_wconf 84' lang='lat' dir='ltr'>poetis.</span> 
     </span>
    </p>
   </div>
   <div class='ocr_carea' id='block_1_9' title="bbox 265 3293 892 3350">
    <p class='ocr_par' dir='ltr' id='par_1_14' title="bbox 265 3293 892 3350">
     <span class='ocr_line' id='line_1_37' title="bbox 265 3293 892 3350; baseline -0.003 -13"><span class='ocrx_word' id='word_1_240' title='bbox 265 3293 425 3337; x_wconf 87' lang='lat' dir='ltr'>Noster</span> <span class='ocrx_word' id='word_1_241' title='bbox 445 3309 574 3350; x_wconf 90' lang='lat' dir='ltr'>supra</span> <span class='ocrx_word' id='word_1_242' title='bbox 599 3294 670 3337; x_wconf 90' lang='lat' dir='ltr'>lib.</span> <span class='ocrx_word' id='word_1_243' title='bbox 689 3294 734 3337; x_wconf 91' lang='lat' dir='ltr'>II</span> <span class='ocrx_word' id='word_1_244' title='bbox 751 3328 763 3349; x_wconf 90' lang='lat'>,</span> <span class='ocrx_word' id='word_1_245' title='bbox 787 3295 892 3348; x_wconf 78' lang='lat'><strong>345:</strong></span> 
     </span>
    </p>
   </div>
   <div class='ocr_carea' id='block_1_10' title="bbox 265 3367 1108 3464">
    <p class='ocr_par' dir='ltr' id='par_1_15' title="bbox 265 3367 1108 3464">
     <span class='ocr_line' id='line_1_38' title="bbox 265 3367 1108 3411; baseline 0.007 -14"><span class='ocrx_word' id='word_1_246' title='bbox 265 3367 344 3407; x_wconf 70' lang='lat' dir='ltr'>Qum</span> <span class='ocrx_word' id='word_1_247' title='bbox 358 3368 455 3407; x_wconf 81' lang='lat' dir='ltr'>dant,</span> <span class='ocrx_word' id='word_1_248' title='bbox 468 3380 603 3411; x_wconf 69' lang='lat' dir='ltr'>qxtaequo</span> <span class='ocrx_word' id='word_1_249' title='bbox 616 3373 733 3410; x_wconf 71' lang='lat' dir='ltr'>negant</span> <span class='ocrx_word' id='word_1_250' title='bbox 744 3393 754 3409; x_wconf 83' lang='lat'>‚</span> <span class='ocrx_word' id='word_1_251' title='bbox 771 3371 910 3411; x_wconf 84' lang='lat' dir='ltr'>gaudent</span> <span class='ocrx_word' id='word_1_252' title='bbox 925 3379 1031 3403; x_wconf 70' lang='lat' dir='ltr'>tamon</span> <span class='ocrx_word' id='word_1_253' title='bbox 1040 3382 1108 3404; x_wconf 76' lang='lat' dir='ltr'>esse</span> 
     </span>
     <span class='ocr_line' id='line_1_39' title="bbox 384 3430 513 3464; baseline 0.016 -11"><span class='ocrx_word' id='word_1_254' title='bbox 384 3430 513 3464; x_wconf 62' lang='lat' dir='ltr'>rogatae.</span> 
     </span>
    </p>
   </div>
   <div class='ocr_carea' id='block_1_11' title="bbox 1186 2251 2037 3476">
    <p class='ocr_par' dir='ltr' id='par_1_16' title="bbox 1187 2251 2034 2507">
     <span class='ocr_line' id='line_1_40' title="bbox 1241 2251 2034 2312; baseline -0.004 -16"><span class='ocrx_word' id='word_1_255' title='bbox 1241 2254 1307 2312; x_wconf 83' lang='lat'>98.</span> <span class='ocrx_word' id='word_1_256' title='bbox 1338 2254 1518 2296; x_wconf 82' lang='lat' dir='ltr'>Munera</span> <span class='ocrx_word' id='word_1_257' title='bbox 1539 2256 1690 2295; x_wconf 75' lang='lat' dir='ltr'>vestra.</span> <span class='ocrx_word' id='word_1_258' title='bbox 1716 2253 1874 2296; x_wconf 73' lang='lat' dir='ltr'>Nostra</span> <span class='ocrx_word' id='word_1_259' title='bbox 1891 2251 2034 2294; x_wconf 81' lang='lat' dir='ltr'>Vossii</span> 
     </span>
     <span class='ocr_line' id='line_1_41' title="bbox 1187 2317 2034 2376; baseline -0.005 -12"><span class='ocrx_word' id='word_1_260' title='bbox 1187 2328 1232 2363; x_wconf 84' lang='lat' dir='ltr'>et</span> <span class='ocrx_word' id='word_1_261' title='bbox 1251 2321 1464 2364; x_wconf 78' lang='lat' dir='ltr'>Bemens.</span> <span class='ocrx_word' id='word_1_262' title='bbox 1485 2327 1530 2363; x_wconf 83' lang='lat' dir='ltr'>et</span> <span class='ocrx_word' id='word_1_263' title='bbox 1557 2319 1750 2376; x_wconf 88' lang='lat' dir='ltr'>quinque</span> <span class='ocrx_word' id='word_1_264' title='bbox 1772 2317 1842 2371; x_wconf 7' lang='lat' dir='ltr'>albii</span> <span class='ocrx_word' id='word_1_265' title='bbox 1861 2334 1871 2361; x_wconf 74' lang='grc' dir='ltr'><strong><em>ε</em></strong></span> <span class='ocrx_word' id='word_1_266' title='bbox 1891 2326 1941 2361; x_wconf 86' lang='lat' dir='ltr'>ut</span> <span class='ocrx_word' id='word_1_267' title='bbox 1962 2317 2034 2360; x_wconf 90' lang='lat' dir='ltr'>in-</span> 
     </span>
     <span class='ocr_line' id='line_1_42' title="bbox 1188 2381 2034 2441; baseline -0.004 -15"><span class='ocrx_word' id='word_1_268' title='bbox 1188 2383 1351 2441; x_wconf 82' lang='lat' dir='ltr'>telligat</span> <span class='ocrx_word' id='word_1_269' title='bbox 1370 2392 1684 2441; x_wconf 55' lang='lat' dir='ltr'>praecepta&gt;sua</span> <span class='ocrx_word' id='word_1_270' title='bbox 1708 2391 1848 2440; x_wconf 85' lang='lat' dir='ltr'>poeta.</span> <span class='ocrx_word' id='word_1_271' title='bbox 1871 2381 1946 2426; x_wconf 89' lang='lat' dir='ltr'>Sic</span> <span class='ocrx_word' id='word_1_272' title='bbox 1964 2381 2034 2424; x_wconf 86' lang='lat' dir='ltr'>lib.</span> 
     </span>
     <span class='ocr_line' id='line_1_43' title="bbox 1189 2447 1682 2507; baseline -0.004 -14"><span class='ocrx_word' id='word_1_273' title='bbox 1189 2447 1258 2499; x_wconf 88' lang='lat' dir='ltr'>II,</span> <span class='ocrx_word' id='word_1_274' title='bbox 1284 2450 1388 2505; x_wconf 75' lang='lat'>742:</span> <span class='ocrx_word' id='word_1_275' title='bbox 1411 2457 1456 2491; x_wconf 88' lang='lat' dir='ltr'>et</span> <span class='ocrx_word' id='word_1_276' title='bbox 1467 2463 1597 2505; x_wconf 84' lang='lat' dir='ltr'>supra</span> <span class='ocrx_word' id='word_1_277' title='bbox 1618 2464 1682 2507; x_wconf 76' lang='lat'>79.</span> 
     </span>
    </p>

    <p class='ocr_par' dir='ltr' id='par_1_17' title="bbox 1186 2511 2036 2634">
     <span class='ocr_line' id='line_1_44' title="bbox 1247 2511 2036 2568; baseline 0 -14"><span class='ocrx_word' id='word_1_278' title='bbox 1247 2528 1336 2556; x_wconf 86' lang='lat'>102.</span> <span class='ocrx_word' id='word_1_279' title='bbox 1366 2513 1491 2568; x_wconf 70' lang='lat' dir='ltr'>Seges</span> <span class='ocrx_word' id='word_1_280' title='bbox 1508 2516 1613 2556; x_wconf 82' lang='lat' dir='ltr'>alla.</span> <span class='ocrx_word' id='word_1_281' title='bbox 1632 2514 1756 2567; x_wconf 69' lang='lat' dir='ltr'>Sages</span> <span class='ocrx_word' id='word_1_282' title='bbox 1769 2513 1911 2567; x_wconf 81' lang='lat' dir='ltr'>ampla</span> <span class='ocrx_word' id='word_1_283' title='bbox 1927 2511 2036 2554; x_wconf 90' lang='lat' dir='ltr'><strong>Am·-</strong></span> 
     </span>
     <span class='ocr_line' id='line_1_45' title="bbox 1186 2575 2034 2634; baseline -0.002 -14"><span class='ocrx_word' id='word_1_284' title='bbox 1186 2577 1300 2620; x_wconf 87' lang='lat' dir='ltr'>bros.</span> <span class='ocrx_word' id='word_1_285' title='bbox 1321 2578 1396 2634; x_wconf 90' lang='lat' dir='ltr'>qui</span> <span class='ocrx_word' id='word_1_286' title='bbox 1415 2586 1460 2621; x_wconf 87' lang='lat' dir='ltr'>et</span> <span class='ocrx_word' id='word_1_287' title='bbox 1477 2581 1591 2628; x_wconf 87' lang='lat' dir='ltr'>Ioco,</span> <span class='ocrx_word' id='word_1_288' title='bbox 1618 2585 1668 2619; x_wconf 89' lang='lat' dir='ltr'>ut</span> <span class='ocrx_word' id='word_1_289' title='bbox 1688 2575 1758 2620; x_wconf 86' lang='lat' dir='ltr'>alii</span> <span class='ocrx_word' id='word_1_290' title='bbox 1779 2575 1995 2619; x_wconf 89' lang='lat' dir='ltr'>nonnulli.</span> <span class='ocrx_word' id='word_1_291' title='bbox 2031 2609 2034 2612; x_wconf 79' lang='lat'>.</span> 
     </span>
    </p>

    <p class='ocr_par' dir='ltr' id='par_1_18' title="bbox 1188 2641 2036 2829">
     <span class='ocr_line' id='line_1_46' title="bbox 1248 2641 2036 2697; baseline -0.004 -12"><span class='ocrx_word' id='word_1_292' title='bbox 1248 2645 1338 2697; x_wconf 73' lang='lat'>104.</span> <span class='ocrx_word' id='word_1_293' title='bbox 1357 2644 1538 2697; x_wconf 73' lang='lat' dir='ltr'>Magna.</span> <span class='ocrx_word' id='word_1_294' title='bbox 1557 2644 1667 2685; x_wconf 82' lang='lat' dir='ltr'>Pars</span> <span class='ocrx_word' id='word_1_295' title='bbox 1685 2645 1817 2685; x_wconf 83' lang='lat' dir='ltr'>multa</span> <span class='ocrx_word' id='word_1_296' title='bbox 1835 2641 2036 2684; x_wconf 84' lang='lat' dir='ltr'>Francos.</span> 
     </span>
     <span class='ocr_line' id='line_1_47' title="bbox 1188 2705 2032 2761; baseline -0.004 -9"><span class='ocrx_word' id='word_1_297' title='bbox 1188 2716 1232 2752; x_wconf 86' lang='lat' dir='ltr'>et</span> <span class='ocrx_word' id='word_1_298' title='bbox 1261 2718 1349 2752; x_wconf 82' lang='lat' dir='ltr'>tres</span> <span class='ocrx_word' id='word_1_299' title='bbox 1381 2708 1562 2752; x_wconf 77' lang='lat' dir='ltr'>codices.</span> <span class='ocrx_word' id='word_1_300' title='bbox 1587 2707 1694 2751; x_wconf 75' lang='lat' dir='ltr'>,Vid.</span> <span class='ocrx_word' id='word_1_301' title='bbox 1721 2705 1778 2750; x_wconf 79' lang='lat' dir='ltr'>ad</span> <span class='ocrx_word' id='word_1_302' title='bbox 1800 2708 1823 2750; x_wconf 93' lang='grc' dir='ltr'>Ι</span> <span class='ocrx_word' id='word_1_303' title='bbox 1839 2739 1852 2761; x_wconf 87' lang='grc'>,</span> <span class='ocrx_word' id='word_1_304' title='bbox 1880 2706 2032 2749; x_wconf 89' lang='lat' dir='ltr'>Amor.</span> 
     </span>
     <span class='ocr_line' id='line_1_48' title="bbox 1190 2771 1820 2829; baseline -0.005 -13"><span class='ocrx_word' id='word_1_305' title='bbox 1190 2772 1312 2829; x_wconf 87' lang='lat' dir='ltr'>Eleg.</span> <span class='ocrx_word' id='word_1_306' title='bbox 1334 2773 1409 2815; x_wconf 89' lang='lat' dir='ltr'>ult.</span> <span class='ocrx_word' id='word_1_307' title='bbox 1429 2788 1539 2815; x_wconf 77' lang='lat' dir='ltr'>vers.</span> <span class='ocrx_word' id='word_1_308' title='bbox 1559 2771 1636 2814; x_wconf 82' lang='lat' dir='ltr'>ult.</span> <span class='ocrx_word' id='word_1_309' title='bbox 1657 2772 1820 2816; x_wconf 76' lang='lat' dir='ltr'>BURM.</span> 
     </span>
    </p>

    <p class='ocr_par' dir='ltr' id='par_1_19' title="bbox 1187 2835 2037 3476">
     <span class='ocr_line' id='line_1_49' title="bbox 1249 2835 2036 2894; baseline -0.001 -17"><span class='ocrx_word' id='word_1_310' title='bbox 1249 2852 1339 2894; x_wconf 85' lang='lat'>109.</span> <span class='ocrx_word' id='word_1_311' title='bbox 1366 2837 1418 2879; x_wconf 80' lang='lat' dir='ltr'>Si</span> <span class='ocrx_word' id='word_1_312' title='bbox 1431 2835 1528 2891; x_wconf 82' lang='lat' dir='ltr'>fuit</span> <span class='ocrx_word' id='word_1_313' title='bbox 1553 2836 1846 2881; x_wconf 76' lang='lat' dir='ltr'>Andromache</span> <span class='ocrx_word' id='word_1_314' title='bbox 1869 2838 2036 2878; x_wconf 62' lang='lat' dir='ltr'>tana-as</span> 
     </span>
     <span class='ocr_line' id='line_1_50' title="bbox 1187 2900 2036 2958; baseline 0 -15"><span class='ocrx_word' id='word_1_315' title='bbox 1187 2904 1337 2944; x_wconf 82' lang='lat' dir='ltr'>induta</span> <span class='ocrx_word' id='word_1_316' title='bbox 1352 2906 1567 2956; x_wconf 70' lang='lat' dir='ltr'>vagantes.</span> <span class='ocrx_word' id='word_1_317' title='bbox 1588 2901 1642 2944; x_wconf 88' lang='lat' dir='ltr'>In</span> <span class='ocrx_word' id='word_1_318' title='bbox 1658 2900 1917 2957; x_wconf 84' lang='lat' dir='ltr'>quibusdam</span> <span class='ocrx_word' id='word_1_319' title='bbox 1935 2901 2036 2958; x_wconf 86' lang='lat' dir='ltr'>legi-</span> 
     </span>
     <span class='ocr_line' id='line_1_51' title="bbox 1188 2966 2034 3023; baseline -0.001 -14"><span class='ocrx_word' id='word_1_320' title='bbox 1188 2975 1284 3020; x_wconf 85' lang='lat' dir='ltr'>tur,</span> <span class='ocrx_word' id='word_1_321' title='bbox 1314 2969 1521 3018; x_wconf 73' lang='lat' dir='ltr'>valenles,</span> <span class='ocrx_word' id='word_1_322' title='bbox 1557 2983 1638 3023; x_wconf 84' lang='lat' dir='ltr'>pro</span> <span class='ocrx_word' id='word_1_323' title='bbox 1666 2973 1870 3022; x_wconf 72' lang='lat' dir='ltr'>vagantes</span> <span class='ocrx_word' id='word_1_324' title='bbox 1886 2983 1899 3010; x_wconf 87' lang='lat'>.·</span> <span class='ocrx_word' id='word_1_325' title='bbox 1919 2966 2034 3022; x_wconf 88' lang='lat' dir='ltr'>quod</span> 
     </span>
     <span class='ocr_line' id='line_1_52' title="bbox 1189 3032 2036 3090; baseline 0 -14"><span class='ocrx_word' id='word_1_326' title='bbox 1189 3033 1324 3090; x_wconf 85' lang='lat' dir='ltr'>magis</span> <span class='ocrx_word' id='word_1_327' title='bbox 1346 3032 1483 3089; x_wconf 86' lang='lat' dir='ltr'>placet</span> <span class='ocrx_word' id='word_1_328' title='bbox 1503 3065 1515 3087; x_wconf 91' lang='lat'><em>‚</em></span> <span class='ocrx_word' id='word_1_329' title='bbox 1539 3042 1589 3076; x_wconf 84' lang='lat' dir='ltr'>ut</span> <span class='ocrx_word' id='word_1_330' title='bbox 1610 3033 1903 3090; x_wconf 80' lang='lat' dir='ltr'>intelligamus</span> <span class='ocrx_word' id='word_1_331' title='bbox 1923 3049 2036 3076; x_wconf 84' lang='lat' dir='ltr'>cras-</span> 
     </span>
     <span class='ocr_line' id='line_1_53' title="bbox 1189 3097 2035 3154; baseline 0 -13"><span class='ocrx_word' id='word_1_332' title='bbox 1189 3114 1253 3141; x_wconf 90' lang='lat' dir='ltr'>sas</span> <span class='ocrx_word' id='word_1_333' title='bbox 1265 3105 1308 3140; x_wconf 88' lang='lat' dir='ltr'>et</span> <span class='ocrx_word' id='word_1_334' title='bbox 1317 3097 1470 3140; x_wconf 85' lang='lat' dir='ltr'>densas</span> <span class='ocrx_word' id='word_1_335' title='bbox 1482 3131 1493 3151; x_wconf 91' lang='lat'>,</span> <span class='ocrx_word' id='word_1_336' title='bbox 1505 3113 1597 3140; x_wconf 90' lang='lat' dir='ltr'>non</span> <span class='ocrx_word' id='word_1_337' title='bbox 1613 3098 1758 3154; x_wconf 86' lang='lat' dir='ltr'>quales</span> <span class='ocrx_word' id='word_1_338' title='bbox 1770 3107 1866 3140; x_wconf 86' lang='lat' dir='ltr'>tum</span> <span class='ocrx_word' id='word_1_339' title='bbox 1882 3098 2035 3141; x_wconf 81' lang='lat' dir='ltr'>Romae</span> 
     </span>
     <span class='ocr_line' id='line_1_54' title="bbox 1191 3161 2036 3221; baseline -0.001 -17"><span class='ocrx_word' id='word_1_340' title='bbox 1191 3163 1413 3219; x_wconf 82' lang='lat' dir='ltr'>gestabant</span> <span class='ocrx_word' id='word_1_341' title='bbox 1427 3195 1439 3216; x_wconf 89' lang='lat'>,</span> <span class='ocrx_word' id='word_1_342' title='bbox 1450 3162 1734 3221; x_wconf 87' lang='lat' dir='ltr'>bombycinas</span> <span class='ocrx_word' id='word_1_343' title='bbox 1748 3171 1793 3205; x_wconf 86' lang='lat' dir='ltr'>et</span> <span class='ocrx_word' id='word_1_344' title='bbox 1805 3161 2036 3218; x_wconf 87' lang='lat' dir='ltr'>pellucidas</span> 
     </span>
     <span class='ocr_line' id='line_1_55' title="bbox 1187 3226 2037 3284; baseline -0.001 -15"><span class='ocrx_word' id='word_1_345' title='bbox 1187 3227 1414 3284; x_wconf 86' lang='lat' dir='ltr'>plerasque</span> <span class='ocrx_word' id='word_1_346' title='bbox 1430 3259 1441 3281; x_wconf 91' lang='lat'><strong>‚</strong></span> <span class='ocrx_word' id='word_1_347' title='bbox 1465 3235 1514 3270; x_wconf 82' lang='lat' dir='ltr'>ut</span> <span class='ocrx_word' id='word_1_348' title='bbox 1533 3242 1663 3283; x_wconf 88' lang='lat' dir='ltr'>supra</span> <span class='ocrx_word' id='word_1_349' title='bbox 1681 3241 1855 3283; x_wconf 89' lang='lat' dir='ltr'>quoque</span> <span class='ocrx_word' id='word_1_350' title='bbox 1876 3226 2037 3268; x_wconf 87' lang='lat' dir='ltr'>memi-</span> 
     </span>
     <span class='ocr_line' id='line_1_56' title="bbox 1189 3290 2037 3345; baseline -0.001 -13"><span class='ocrx_word' id='word_1_351' title='bbox 1189 3291 1268 3333; x_wconf 87' lang='lat' dir='ltr'>nit.</span> <span class='ocrx_word' id='word_1_352' title='bbox 1290 3291 1462 3334; x_wconf 81' lang='lat' dir='ltr'>MICYI..</span> <span class='ocrx_word' id='word_1_353' title='bbox 1483 3292 1534 3334; x_wconf 90' lang='lat' dir='ltr'>In</span> <span class='ocrx_word' id='word_1_354' title='bbox 1552 3306 1642 3337; x_wconf 84' lang='lat' dir='ltr'>uno</span> <span class='ocrx_word' id='word_1_355' title='bbox 1657 3290 1880 3345; x_wconf 80' lang='lat' dir='ltr'>Palatino,</span> <span class='ocrx_word' id='word_1_356' title='bbox 1895 3293 2037 3334; x_wconf 85' lang='lat' dir='ltr'>volan-</span> 
     </span>
     <span class='ocr_line' id='line_1_57' title="bbox 1188 3354 2036 3412; baseline -0.005 -13"><span class='ocrx_word' id='word_1_357' title='bbox 1188 3363 1252 3399; x_wconf 76' lang='lat' dir='ltr'>tes</span> <span class='ocrx_word' id='word_1_358' title='bbox 1273 3374 1285 3399; x_wconf 84' lang='grc'>,’</span> <span class='ocrx_word' id='word_1_359' title='bbox 1302 3357 1348 3399; x_wconf 91' lang='lat' dir='ltr'>in</span> <span class='ocrx_word' id='word_1_360' title='bbox 1371 3357 1602 3400; x_wconf 88' lang='lat' dir='ltr'>Hafniensi</span> <span class='ocrx_word' id='word_1_361' title='bbox 1619 3389 1630 3412; x_wconf 89' lang='lat'>,</span> <span class='ocrx_word' id='word_1_362' title='bbox 1652 3359 1901 3412; x_wconf 82' lang='lat' dir='ltr'>squalentes.</span> <span class='ocrx_word' id='word_1_363' title='bbox 1922 3354 2036 3396; x_wconf 83' lang='grc' dir='ltr'>Μο-</span> 
     </span>
     <span class='ocr_line' id='line_1_58' title="bbox 1189 3421 2034 3476; baseline -0.004 -13"><span class='ocrx_word' id='word_1_364' title='bbox 1189 3430 1366 3464; x_wconf 86' lang='lat' dir='ltr'>retanus</span> <span class='ocrx_word' id='word_1_365' title='bbox 1379 3454 1390 3475; x_wconf 95' lang='lat'>,</span> <span class='ocrx_word' id='word_1_366' title='bbox 1412 3430 1456 3465; x_wconf 81' lang='lat' dir='ltr'>et</span> <span class='ocrx_word' id='word_1_367' title='bbox 1477 3437 1531 3465; x_wconf 86' lang='lat' dir='ltr'>ex</span> <span class='ocrx_word' id='word_1_368' title='bbox 1551 3421 1661 3464; x_wconf 88' lang='lat' dir='ltr'>meis</span> <span class='ocrx_word' id='word_1_369' title='bbox 1678 3436 1813 3476; x_wconf 87' lang='lat' dir='ltr'>unus,</span> <span class='ocrx_word' id='word_1_370' title='bbox 1841 3422 2034 3462; x_wconf 75' lang='lat' dir='ltr'>volentes.</span> 
     </span>
    </p>
   </div>
  </div>
 </body>
</html>
