2268 3776
601 316 989 374 AMoRUM
1039 317 1088 371 1.
1139 315 1383 372 ELEG.
1437 317 1630 372 V111.
1933 315 2002 385 43

233 434 450 515 Lingua
475 433 648 516 juvet,
683 447 1031 515 mentemque
1061 446 1239 510 tegat3
1263 430 1541 503 blandire,
1574 453 1822 512 noceque
1849 454 1860 488 :

318 531 496 615 Impia
525 530 630 591 sub
665 529 812 590 dulci
838 528 999 590 melle
1026 552 1234 589 venena
1262 527 1450 589 latent.

237 631 366 691 Haec
395 629 442 689 si
469 626 815 711 praestiteriS‚
847 649 954 686 usu
984 624 1123 685 mihi
1148 624 1370 704 cognita
1398 622 1568 703 longo
1592 649 1605 695 ;
1936 642 2011 683 105

315 725 431 784 Nec
463 721 691 784 tulerint
718 744 876 782 voces
905 735 1100 782 ventus
1134 735 1190 782 et
1214 743 1344 781 aura
1371 743 1547 791 meas;

237 820 391 903 Saepe
424 819 562 880 mihi
594 818 771 892 dices,
801 817 950 879 vivas
980 818 1123 879 bene
1149 842 1161 877 :
1185 839 1326 900 saepe
1355 816 1607 896 rogabiS‚

315 918 396 977 Ut
423 940 543 977 mea
569 915 838 977 defunctae
858 913 1102 976 molliter
1130 937 1256 975 ossa
1286 913 1506 976 cubent.
1534 942 1561 966 »

234 1012 360 1072 Vox
391 1025 507 1073 erat
533 1011 592 1072 in
621 1034 811 1084 cursu,
846 1034 1018 1095 quum
1042 1033 1128 1070 me
1156 1032 1277 1070 mea
1304 1007 1553 1092 prodidit
1579 1006 1792 1068 umbra.

314 1107 392 1167 At
418 1122 619 1168 nostrae
648 1107 738 1167 vix
766 1131 822 1168 se
852 1106 1172 1167 continuere
1203 1126 1425 1177 manuS‚
1940 1134 2014 1163 ιω

234 1202 389 1283 Quin
420 1202 600 1264 albam
626 1226 915 1287 raramque
944 1227 1182 1275 comam,
1214 1200 1612 1285 lacrimosaque
1641 1201 1768 1260 vino

313 1299 548 1361 Lumina
566 1346 581 1373 ‚
611 1324 844 1380 rugosas
876 1299 1345 1382 distraheremque
1369 1321 1552 1377 genaS.

233 1397 309 1458 Di
338 1397 443 1459 tibi
474 1397 607 1458 dent
627 1397 923 1481 nullosque
953 1396 1125 1469 lareS‚
1156 1396 1492 1479 inopemque
1524 1409 1828 1466 senectam3

262 1552 266 1556 .
314 1496 391 1555 Et
417 1492 612 1574 longas
635 1494 873 1568 hiemeS‚
903 1507 1335 1577 perpetuamque
1366 1491 1543 1551 sitim!

235 1642 336 1696 duo,
353 1660 496 1702 usqu-e,-
514 1644 630 1702 quod
648 1643 821 1690 arridet.
835 1647 1084 1694 Hamsms.

294 1710 382 1753 103.
409 1712 616 1754 Blandire
630 1727 823 1767 noceque.
852 1713 1080 1754 Nocenlcm

236 1774 458 1819 Palatinus
475 1788 484 1815 :
505 1780 680 1819 nocenti
693 1775 781 1818 duo
798 1774 868 1818 alii
885 1788 895 1816 τ
913 1791 1082 1819 necesse

233 1844 304 1883 est
313 1854 426 1883 unus
435 1854 445 1883 :
454 1839 565 1883 sorte
579 1872 591 1895 ‚
603 1842 792 1884 blandite
805 1842 1004 1884 nocendo.
1021 1841 1079 1884 H.

292 1905 381 1959 104.
411 1905 559 1959 Impia.
589 1903 698 1947 Dira
713 1937 725 1959 ,
758 1920 867 1948 saeva
882 1940 895 1963 ,
926 1905 1081 1962 quibus

234 1965 357 2026 impii
366 1966 569 2013 homines
582 1977 771 2013 utuntur
787 1970 832 2013 in
847 1969 1080 2014 veneficiis.

234 2033 471 2078 Possumus
502 2034 571 2079 hic
591 2034 646 2079 de
666 2035 793 2080 melle
816 2044 907 2080 arte
945 2053 1083 2080 vene-

234 2107 339 2143 nato
352 2098 593 2158 intelligere
613 2116 623 2145 :
646 2100 762 2158 quod
779 2102 915 2160 magis
930 2103 1081 2160 placet.

234 2163 364 2207 Man.
393 2164 601 2210 Francius
620 2166 809 2210 malebat
824 2199 837 2222 ,
866 2170 1053 2224 e’mpmba
1068 2201 1080 2221 ‚

233 2227 302 2272 vel
320 2234 468 2287 noxam

293 2307 383 2351 107.
409 2294 524 2351 Saepe
543 2298 652 2339 mihi
664 2297 801 2349 debes,
826 2300 947 2340 vivas
966 2299 1079 2340 bene.

243 2357 357 2401 Vim
382 2361 486 2402 bene
514 2360 764 2405 Puteaneus
780 2393 792 2416 ,
821 2369 866 2405 et
893 2377 917 2404 a
945 2377 1083 2405 manu

235 2420 377 2478 prima
387 2421 672 2468 san-avianus
688 2441 698 2469 x
719 2433 851 2469 recte.
866 2426 997 2470 Trist.
1011 2425 1082 2470 lib.

236 2499 292 2542 v,
333 2486 684 2548 Eleg.131‚v.9:
911 2482 916 2488 ’

235 2555 306 2588 Nee
319 2555 380 2587 tibi
394 2564 532 2588 cessaret
548 2557 663 2590 docum
675 2558 756 2590 bene
772 2559 878 2591 dicere
894 2560 1006 2592 lector.
1032 2561 1082 2593 11.

294 2632 385 2678 ¹⁰9·
415 2620 510 2662 Vox
518 2625 614 2662 erat
626 2622 672 2663 in
690 2635 826 2664 cursu.
847 2620 895 2664 Si
909 2621 1087 2666 Nox-le-

239 2690 390 2739 gatur,
413 2691 464 2726 ut
481 2692 546 2727 est
572 2684 730 2741 passim
750 2686 797 2728 in
818 2686 1083 2743 exemplari-

235 2745 344 2803 bus,
366 2747 511 2792 nullus
535 2750 801 2794 conveniens
820 2766 968 2794 sensus
990 2751 1086 2795 elici

235 2812 398 2869 poterit
418 2825 430 2854 ἓ
451 2813 636 2857 omnino
655 2814 788 2871 igitur
802 2847 814 2869 ‚
843 2823 892 2858 ut
911 2815 957 2859 in
977 2833 1086 2860 cor-

235 2885 356 2922 recto
371 2876 524 2932 *codice
544 2878 753 2936 scriptum
776 2888 842 2923 est
865 2914 876 2935 ,
907 2898 991 2924 vos
1011 2881 1085 2925 le-

237 2938 433 2997 gendum
444 2942 655 2995 arbitror;
678 2951 727 2986 ut
740 2943 795 2987 sit
810 2960 982 2988 sensus:
998 2943 1087 2989 Ad-

222 3003 324 3065 *huc
341 3004 600 3062 loquebatur
628 3007 813 3065 Dipsas,
838 3024 976 3065 quum
997 3009 1088 3052 mei

237 3069 428 3126 corporis
449 3071 604 3115 umbra
624 3088 697 3116 me
717 3073 932 3129 prodente
947 3107 960 3128 ,
983 3091 1087 3118 sen-

235 3135 291 3180 sit
308 3151 380 3178 me
400 3145 498 3192 post
516 3137 676 3181 bifores
695 3137 879 3182 latuisse.
900 3139 1031 3182 Man,

295 3217 385 3244 112.
414 3203 781 3258 Distraberemque
796 3219 946 3258 genas.
977 3206 1087 3246 Dis—

238 3267 525 3322 traherentque
539 3300 549 3317 ,
584 3267 834 3311 Puteaneus
861 3285 964 3312 cum
996 3269 1086 3313 aliis

239 3328 522 3386 quibusdam:
544 3330 597 3374 de
618 3332 819 3376 manibus
838 3333 923 3377 suis
942 3332 1088 3390 loqui-

238 3403 324 3439 tur.
355 3396 521 3443 ΗΕΙΝΒ.
559 3399 905 3456 Destrueremque
931 3399 1086 3447 ·Men-

1167 1645 1258 1689 telii
1276 1667 1287 1699 3
1327 1644 1444 1702 quod
1474 1644 1647 1703 eleganp
1664 1676 1675 1698 ,
1708 1652 1752 1687 et
1780 1645 1983 1687 omnibus
2001 1678 2013 1700 ,

1164 1726 1261 1767 quae
1282 1709 1535 1768 precedunt
1551 1742 1563 1763 ‚
1586 1708 1904 1754 accommodari
1926 1726 2015 1767 po-

1164 1783 1246 1820 test
1264 1794 1273 1828 ;
1295 1774 1371 1820 sed
1392 1778 1730 1832 destruerenlque
1743 1775 1949 1834 legerem.
1964 1775 2019 1819 B.

1224 1858 1238 1883 1
1252 1858 1265 1883 ι
1274 1841 1311 1884 3.
1326 1842 1590 1885 Bilibident
1594 1843 1805 1898 nudosque
1813 1844 1926 1884 lares
1937 1850 2017 1884 etc.

1165 1905 1380 1950 Inchoaut
1403 1906 1737 1964 Propertianam
1755 1939 1767 1961 ,
1791 1922 1889 1965 quae
1904 1906 2018 1950 Ovi-

1163 1969 1341 2015 dianam
1356 1970 1566 2016 claudunt
1579 1971 1686 2015 dirae
1700 1972 1745 2015 iu
1761 1972 1919 2015 lenam.
1942 1971 2014 2015 Sir

1163 2037 1285 2080 enim
1305 2037 1449 2095 prior,
1464 2036 1575 2081 libro
1595 2051 1663 2091 w,
1689 2037 1810 2093 Eleg.
1834 2048 1883 2092 vj
1902 2053 1942 2080 v.
1968 2054 1982 2100 ξ
2005 2054 2015 2079 :

1162 2113 1265 2145 'rem
1281 2120 1372 2144 tuum
1390 2113 1494 2155 spinis
1510 2113 1649 2145 obdunt
1659 2136 1670 2152 ,
1685 2113 1757 2144 len·
1767 2136 1776 2151 ,
1791 2112 1975 2154 sepulcrum
1987 2135 1996 2148 ‚

1204 2175 1247 2207 Bt
1262 2182 1336 2214 tun,
1355 2175 1443 2217 quod
1457 2186 1522 2207 non
1536 2175 1605 2213 vit,
1625 2174 1741 2206 sentin
1756 2172 1871 2204 umhr-
1884 2173 1972 2203 sitim
1986 2185 1994 2211 ;

1164 2236 1235 2269 Neo
1252 2235 1383 2266 sedunt
1399 2236 1499 2266 cineri
1515 2246 1624 2267 manet
1635 2257 1645 2272 ,
1663 2241 1695 2266 et
1708 2233 1866 2266 Cerberus
1879 2233 1966 2264 ultor

1204 2298 1330 2339 Turpia
1346 2298 1459 2338 jejuno
1473 2303 1591 2328 terreat
1607 2307 1680 2328 ossa
1702 2297 1802 2327 sono!

1164 2381 1220 2392 -
1240 2360 1309 2403 Di
1325 2361 1408 2403 tibi
1422 2361 1527 2402 dent
1542 2361 1762 2414 nullosque
1781 2359 1905 2399 lares.
1926 2347 2022 2400 Nu:

1165 2426 1322 2480 dasque
1343 2424 1537 2481 quinque
1554 2422 1713 2480 scripti.
1735 2422 1903 2465 Hzms.
1918 2422 2021 2464 Nul-

1166 2492 1233 2532 los
1251 2492 1363 2532 lates
1377 2523 1387 2539 ‚
1425 2487 1543 2546 quod
1564 2503 1719 2531 omnes
1740 2494 1841 2530 ante
1864 2486 2019 2529 Hein-

1166 2553 1280 2597 sium
1300 2553 1406 2597 editi
1427 2561 1633 2608 tuentur,
1656 2561 1701 2596 et
1721 2551 1875 2610 optimi
1896 2549 2019 2595 codi-

1166 2635 1237 2663 ces
1267 2618 1432 2663 hahent
1451 2653 1464 2674 ‚
1504 2618 1702 2662 revocavi
1724 2629 1734 2657 :
1765 2619 1873 2660 nudi
1896 2616 2018 2660 enim

1166 2685 1279 2727 lares
1297 2700 1353 2727 an
1378 2692 1495 2728 recte
1517 2683 1719 2726 dicantur
1733 2715 1744 2736 ,
1775 2680 1899 2724 valde
1921 2680 2017 2723 du-

1166 2749 1285 2792 bito:
1307 2765 1433 2793 voces
1454 2764 1560 2791 vero
1578 2747 1661 2792 inae
1679 2747 1801 2790 facile
1823 2761 2020 2789 commu-

1168 2822 1334 2857 tantur.
1358 2814 1522 2857 Bmuu.

1227 2897 1244 2922 1
1256 2882 1317 2934 14.
1330 2881 1560 2934 Etlongas.
1576 2880 1677 2929 Per,
1703 2876 2018 2920 Famesianus:

1167 2953 1275 3002 puto
1284 2977 1296 2998 ,
1296 2944 1382 2999 ser.
1397 2944 1564 2987 HEINS.
1581 2945 1816 2986 Continuus
1825 2944 1994 3000 hyemes
2005 2975 2016 2991 ‚

1167 3009 1304 3052 codex
1324 3009 1491 3051 Douzae
1509 3020 1519 3046 τ
1538 3006 1614 3051 sed
1634 3005 1740 3050 illud
1753 3023 1837 3062 per
1846 3007 2019 3064 elegans

1167 3074 1277 3121 mihi
1287 3073 1462 3116 videtur
1476 3105 1487 3127 ,
1506 3081 1556 3116 ut
1570 3088 1766 3116 errorem
1783 3075 1937 3126 (nullos
1950 3075 2020 3114 la-

1167 3141 1252 3193 nes)
1266 3141 1506 3195 perlongus
1519 3140 1676 3181 hiemes
1687 3172 1698 3189 ‚
1735 3138 1890 3194 quibus
1902 3138 2022 3181 into-

1166 3204 1431 3247 lerabiliores
1449 3211 1552 3246 sunt
1567 3236 1580 3257 ,
1614 3212 1660 3246 et
1688 3209 1851 3257 inopem
1871 3217 2020 3244 senec-

1167 3275 1256 3312 tam
1271 3303 1282 3321 ,
1296 3285 1380 3324 per
1391 3278 1650 3325 perpetuam
1666 3269 1783 3311 sitim
1802 3268 2019 3324 imprece-

1167 3343 1240 3377 tur
1264 3366 1276 3389 ,
1317 3349 1405 3390 quo
1435 3335 1539 3386 anui
1571 3333 1809 3376 multibibae
1845 3331 2018 3374 nullum

1167 3399 1335 3456 gravius
1345 3407 1518 3444 tormen
1525 3407 1619 3444 tum
1630 3397 1860 3455 excogitari
1869 3396 2017 3453 possit.
