2268 3776
259 292 326 344 52

714 289 779 342 P.
836 289 1133 344 ovum
1177 289 1553 347 NASONIS
1598 274 1602 276 ’

338 407 418 465 Ut
447 420 758 488 premerent
787 429 950 466 sacrae
978 406 1209 484 virginis
1240 431 1386 468 arma
1414 423 1594 491 caput.
1978 427 2033 471 50

257 507 305 564 E
336 503 541 586 quibus
572 503 799 574 exierat,
835 503 1046 584 trajecit
1075 504 1278 564 viscera
1308 505 1454 565 ferro

338 599 513 659 Filius
536 624 549 671 ;
574 613 629 659 et
656 622 832 681 poenae
862 623 1024 660 causa
1050 600 1255 660 monile
1286 599 1408 661 fuit.

255 699 370 760 Nec
403 712 583 757 tamen
610 696 902 774 indignum
933 711 1043 769 est,
1075 721 1106 756 a
1138 695 1304 755 divite
1336 719 1566 756 munera
1585 699 1743 780 posci
1772 723 1786 759 ε

339 795 577 853 Munera
602 793 855 875 poscenti
888 793 1042 875 quod
1073 792 1200 853 dare
1229 793 1440 875 possit,
1469 794 1654 855 habet.

259 892 483 974 Carpite
512 890 577 950 de
606 889 785 973 plenis
816 889 1120 973 pendentes
1150 889 1360 949 vitibus
1389 913 1522 950 uvas
1547 914 1561 950 ε

338 988 589 1048 Praebeat
617 986 839 1047 Alcinoi
868 1010 1035 1070 poma
1061 985 1342 1063 benignus
1373 1009 1517 1063 ager.

260 1085 524 1147 Officium
547 1108 759 1168 pauper
790 1098 1071 1155 numeret,
1106 1083 1490 1166 studiumque,
1521 1083 1832 1168 fidemque:

340 1183 511 1264 Quod
544 1183 667 1265 quis
697 1183 894 1254 habet,
929 1181 1165 1241 dominae
1194 1179 1443 1241 conferat
1469 1204 1631 1240 omne
1650 1178 1786 1242 suae.

258 1283 363 1342 Est
388 1303 609 1363 quoque
640 1278 980 1339 carminibus
1010 1277 1234 1338 meritas
1263 1275 1536 1338 celebrare
1566 1277 1781 1360 puellas

340 1386 461 1444 Dos
489 1407 611 1444 mea
641 1408 653 1443 :
689 1406 853 1465 quam
881 1381 1064 1453 volui,
1094 1395 1231 1441 nota
1258 1380 1323 1440 fit
1352 1395 1465 1441 arte
1495 1405 1632 1442 mea.
1988 1402 2042 1444 60

261 1487 599 1548 Scindentur
620 1501 799 1547 vestes
815 1532 830 1557 ‚
866 1507 1090 1563 gemmae
1117 1483 1444 1563 frangentur
1468 1498 1524 1543 et
1545 1507 1740 1545 aurum
1763 1510 1777 1544 :

260 1665 409 1723 magni
423 1664 629 1722 ponderis
644 1665 821 1708 brachio
832 1663 942 1708 laevo
956 1698 967 1722 ,
985 1681 1110 1723 gem-

261 1739 490 1786 matosque
504 1745 663 1787 magna
675 1729 815 1786 specie
835 1730 1019 1773 annulos
1039 1730 1112 1773 ha-

260 1795 440 1839 buerint
454 1827 465 1849 ,
482 1798 695 1850 pepigisse
709 1810 806 1838 eam
818 1827 830 1849 ‚
854 1794 970 1852 quod
991 1795 1034 1837 in
1053 1795 1113 1838 si-

260 1862 408 1905 nistris
429 1861 630 1904 manibus
648 1860 863 1904 haberent
880 1879 890 1913 ;
921 1876 975 1904 eo
994 1869 1113 1904 scuta

259 1927 350 1982 illi,
393 1942 473 1983 pro
494 1926 634 1969 aureis
654 1925 780 1969 donis
798 1960 809 1982 ,
847 1936 1062 1984 congesta.
1090 1945 1112 1964 ³»

264 2014 318 2024 —-
341 1994 557 2047 Tetigisse.
575 1992 628 2034 In
643 1992 847 2035 omnibus
859 2025 870 2046 ,
895 2007 990 2048 quae
1004 1991 1115 2034 mihi

262 2055 412 2099 videre
425 2056 608 2113 contigit
619 2089 631 2111 ,
647 2057 951 2114 manuscriptis
967 2073 1117 2101 exem-

264 2122 453 2179 plaribus
471 2154 482 2176 ,
504 2137 597 2164 non
625 2124 668 2164 T
660 2127 832 2178 elt’gzlrse
845 2156 856 2174 ‚
881 2122 958 2166 sed
979 2125 1117 2178 Peptz-

263 2193 378 2244 gissa
390 2187 550 2245 legitur
565 2203 574 2230 :
595 2203 691 2244 quae
705 2188 833 2231 lectio
846 2188 1118 2231 veriormihi

265 2253 465 2308 videtur,
487 2269 593 2296 nam
613 2262 658 2296 ct
679 2252 826 2297 Livius
845 2254 989 2310 inquit
1010 2267 1020 2294 ε
1040 2257 1118 2297 Pe-

259 2322 422 2374 pigz'sse
440 2335 534 2361 eam
548 2352 558 2370 ‚
584 2321 698 2375 quod
710 2322 756 2361 in
775 2323 963 2363 situtrtris
981 2323 1121 2363 mani-

269 2385 346 2425 bus
366 2385 580 2427 haberent.
601 2384 732 2428 ΜΔΕ.

326 2450 392 2491 50.
414 2449 552 2491 Sacra·
567 2453 755 2504 vir-girnk.
777 2449 999 2507 Tarpeiae‚
1024 2465 1122 2507 quae

270 2513 419 2555 Vestae
438 2511 649 2555 sacerdos.

328 2578 393 2619 51.
414 2578 488 2618 Ex
503 2580 663 2632 quibus.
684 2579 729 2619 Ε
742 2581 890 2633 quibus
905 2579 1122 2623 meliores.

273 2641 333 2686 Et
354 2643 412 2686 ita
434 2643 587 2686 Douza
608 2643 788 2701 legebat.
820 2646 1009 2700 Trajecz‘t
1026 2650 1125 2688 vis-

274 2725 372 2752 cera
391 2712 476 2752 telo
491 2743 501 2760 ‚
527 2709 659 2752 etiam
680 2709 788 2752 alter
810 2709 1049 2753 Mediceus.

329 2776 395 2817 52.
415 2777 551 2818 Poenae
564 2790 698 2816 causa
712 2774 971 2829 mom'lefuil.
988 2773 1127 2830 Quod

276 2839 339 2882 de.
379 2840 520 2882 venali
561 2839 808 2896 proditione
848 2840 939 2894 jam
982 2839 1086 2881 dixit
1113 2872 1125 2894 ,

278 2905 476 2961 exemplo
489 2905 722 2948 confirmat
733 2904 962 2964 Eriphyles
973 2940 982 2955 ,
1002 2921 1098 2961 quae
1114 2939 1126 2959 ,

279 2985 418 3025 quum
438 3003 450 3023 ‚
491 2979 668 3027 accepto
693 2970 745 3013 ab
781 2970 968 3013 Adrasto
994 2971 1128 3013 fratre

276 3043 432 3091 torque
451 3035 583 3089 fatali,
606 3052 739 3092 quem
756 3036 1014 3080 Hermionae
1037 3038 1131 3080 Ve—

278 3116 363 3143 nus
387 3099 505 3143 dono
527 3100 707 3144 dederat
721 3135 733 3156 ‚
755 3102 943 3144 invitum
964 3103 1130 3158 conju-

278 3181 383 3222 gem
406 3165 725 3221 Amphiaraum
747 3167 792 3208 in
812 3166 975 3209 bellum
999 3166 1131 3209 The-

278 3226 447 3269 banum
467 3227 647 3270 immisit
665 3261 677 3281 ‚
702 3228 775 3270 ubi
799 3245 1025 3286 oppressus
1045 3246 1132 3286 pe-

279 3291 365 3332 riit.
388 3290 476 3333 Sed
501 3299 737 3347 antequam
758 3294 1106 3348 proficisceretur
1119 3328 1131 3350 ,

285 3353 586 3398 Alcmaeonem
607 3356 747 3398 filium
768 3357 889 3412 jussit
909 3391 920 3412 ,
963 3366 1134 3414 accepta

280 3419 348 3463 vix
358 3420 492 3475 ,patris
505 3420 640 3477 clade,
654 3431 842 3466 matrem
857 3423 1105 3468 interficere
1121 3456 1132 3477 ‚

1190 1664 1451 1722 jubentique
1483 1665 1629 1722 paruit
1668 1664 1906 1709 Alcmaeon.
1941 1666 2043 1710 Vid.

1194 1731 1360 1790 Hygin.
1377 1730 1754 1788 Lxx111.Apollod.
1770 1745 1813 1785 1,
1837 1749 1889 1792 9;
1914 1745 1994 1787 111,
2018 1732 2045 1775 6

1194 1803 1239 1838 et
1261 1813 1296 1853 7.
1325 1795 1533 1839 Parthen.
1553 1795 1676 1839 Erot.
1692 1812 1757 1856 29.
1781 1796 1889 1839 Stat.
1905 1796 2045 1840 Theb.

1194 1873 1288 1914 vn,
1310 1873 1413 1904 vlu.

1251 1926 1316 1968 53.
1344 1928 1525 1969 Munera
1536 1931 1671 1981 posci.
1700 1928 1883 1970 Proemia
1896 1959 1907 1978 ‚
1944 1927 2047 1970 Pu-

1195 1998 1376 2034 teaneus
1396 1999 1440 2035 et
1459 1991 1603 2048 plures
1625 1991 1693 2034 alii
1715 2007 1725 2034 ε
1745 1991 1852 2033 mihi
1875 1992 2048 2047 repeti—-

1197 2056 1259 2099 tio
1292 2056 1428 2113 magis
1462 2055 1637 2099 arridet.
1678 2055 1893 2112 Sequenti
1922 2072 2049 2099 versu

1196 2119 1317 2164 idem
1337 2120 1528 2178 optimus
1547 2121 1683 2165 codex
1703 2137 1806 2165 cum
1826 2137 1916 2164 uno
1935 2122 2049 2164 Mo—

1198 2186 1282 2229 reti
1298 2219 1309 2240 ‚
1331 2189 1446 2243 quod
1453 2188 1556 2230 dare
1563 2190 1707 2242 possit
1723 2199 1735 2225 .’
1755 2202 1848 2229 non
1864 2203 1968 2242 quoe.
1990 2187 2051 2230 H.

1256 2253 1321 2294 55.
1361 2254 1611 2295 Pendentes.
1641 2252 1671 2294 J
1675 2250 1861 2294 unianus
1898 2254 2051 2306 splen—-

1200 2319 1373 2371 dentes,
1395 2333 1488 2359 non
1509 2316 1622 2359 male
1642 2332 1652 2360 ε
1690 2331 1787 2372 quae
1809 2315 1956 2359 oculos
1977 2315 2050 2358 se-

1200 2382 1324 2426 riunt
1341 2416 1353 2436 ,
1388 2391 1439 2426 ut
1467 2382 1627 2427 divitiae
1655 2383 1886 2425 beatorum
1906 2415 1918 2436 ‚
1957 2396 2055 2438 quae

1201 2453 1436 2504 conspicua
1450 2448 1638 2492 invitant
1658 2464 1830 2505 rapaces
1850 2446 2055 2491 meretri-

1203 2529 1306 2557 cum
1326 2530 1497 2558 manus.
1514 2513 1588 2557 Sic
1604 2526 1692 2556 xnl
1706 2547 1716 2564 ‚
1741 2513 1927 2556 Metam:
1948 2511 2027 2555 813
2045 2522 2055 2549 1

1203 2591 1286 2621 Sunt
1298 2600 1380 2620 auro
1397 2589 1517 2620 similes
1532 2588 1636 2629 longis
1652 2588 1687 2619 in
1699 2588 1825 2619 vitibus
1840 2598 1912 2618 uvae
1921 2599 1932 2628 ;

1205 2649 1287 2680 Sunt
1301 2656 1334 2680 et
1346 2661 1539 2692 purpureae.
1807 2649 1931 2679 BURM.

1261 2710 1326 2753 55.
1346 2712 1566 2764 Bequnus
1577 2725 1689 2764 ager.
1705 2708 1877 2752 Fertilis
1889 2741 1901 2762 ,
1923 2716 1966 2751 et
1982 2709 2055 2765 qui

1205 2775 1371 2818 fructus
1390 2775 1476 2818 sert
1495 2775 1751 2817 uberrimos.
1776 2772 1907 2817 CIOF.

1263 2842 1328 2896 57.
1349 2841 1556 2883 Numeret.
1577 2841 1828 2883 Puteaneus
1846 2833 1890 2882 et
1905 2838 2057 2882 Arun-

1208 2903 1403 2947 delianus
1421 2937 1432 2958 ,
1454 2909 1647 2947 numeral
1663 2918 1676 2943 :
1695 2905 1807 2946 sorte
1825 2936 1837 2957 ,
1859 2920 2031 2946 numera
2045 2938 2054 2955 ,

1210 2969 1434 3025 quomodo
1456 2978 1500 3012 et
1521 2969 1618 3012 alibi
1635 2978 1875 3025 peccatum.
1892 2969 2059 3011 HEINS.

1210 3036 1330 3078 Male
1348 3035 1444 3079 Art.
1458 3035 1560 3078 Am.
1581 3048 1635 3090 11,
1657 3035 1753 3078 166:
1768 3037 2061 3090 Pauperamet

1209 3105 1346 3143 caule.

1265 3166 1332 3208 61.
1384 3166 1640 3208 Scindentur
1671 3169 1812 3208 vestes
1831 3198 1842 3216 ,
1891 3180 2061 3219 gemma·

1199 3231 1464 3286 frangentur.
1487 3231 1786 3287 Manuscripta
1802 3230 2063 3286 exemplaria

1211 3298 1303 3339 sere
1340 3297 1489 3339 omnia
1517 3296 1682 3339 habent
1695 3328 1708 3350 ,
1742 3297 1994 3338 scinduntur
2019 3302 2063 3337 et

1201 3361 1471 3416 franguntur.
1485 3362 1616 3404 ΜΔΕ.
1631 3360 2061 3414 Scindentur-etstan-

1212 3430 1381 3478 gentur,
1406 3424 1610 3468 meliores
1629 3440 1731 3468 cum
1746 3425 1985 3467 Puteaneo.
2003 3423 2059 3466 H.
