2268 3776
628 331 1023 389 AMORUM
1077 333 1168 387 11.
1221 332 1466 388 ELEG.
1515 333 1564 388 1.
1923 359 1989 413 77

299 451 473 534 Quod
496 451 638 513 bene
672 474 775 534 pro
811 449 943 512 caelo
973 450 1216 511 mitteret
1246 448 1338 511 ille
1368 474 1497 522 suo;

218 548 433 613 Clausit
460 548 630 611 amica
657 547 803 608 fores
828 571 842 607 ε
873 570 977 626 ego
1011 569 1137 607 cum
1165 548 1305 608 Jove
1334 546 1543 608 fulmen
1571 546 1749 608 omisi.

298 645 520 708 Excidit
547 644 772 724 ingenio
801 643 1026 727 Jupiter
1053 643 1172 727 ipse
1203 666 1341 703 me0.

214 741 465 839 jupiter,
497 742 754 821 ignoscas
780 765 793 802 ε
819 739 900 800 nil
930 763 1016 801 me
1048 754 1142 800 tua
1172 738 1280 802 tela
1309 738 1589 821 juvabant.

301 836 500 900 Clausa
529 852 628 900 tuo
658 837 835 920 majus
860 837 1028 920 janua
1055 835 1266 898 fulmen
1294 850 1425 897 erat.
1946 868 2000 898 20

216 932 522 996 Blanditias
545 934 840 1018 elegosque
866 933 1037 1009 levesi,
1072 957 1192 996 mea
1223 931 1360 1006 tela,
1391 933 1651 1005 resumsi;

299 1030 631 1094 Mollierunt
663 1031 828 1093 duras
859 1030 1005 1093 lenia
1033 1031 1203 1092 verba
1224 1030 1389 1093 sores,

222 1127 478 1190 Carmina
507 1129 818 1209 sanguineae
849 1127 1133 1190 deducunt
1161 1152 1371 1190 cornua
1396 1129 1597 1201 Lunae3

302 1227 379 1286 Et
405 1240 663 1287 revocant
692 1226 886 1287 niveos
914 1224 1064 1287 Solis
1093 1226 1277 1288 euntis
1307 1249 1500 1309 equos,

225 1322 477 1384 Carmine
505 1321 816 1398 dissiliunt,
850 1323 1106 1408 abruptis
1134 1323 1419 1394 faucibu8‚
1448 1345 1654 1405 angues
1671 1339 1692 1394 ‚'
1950 1338 2006 1382 25

301 1421 480 1503 Inque
507 1444 639 1482 suos
669 1420 852 1482 sontes
879 1444 1034 1482 versa
1062 1421 1298 1486 recurrit
1326 1443 1483 1504 aqua.

226 1515 580 1579 Carminibus
610 1541 818 1579 cessere
845 1517 1021 1591 fores3
1054 1517 1369 1601 insertaque
1395 1517 1583 1601 posti,

308 1613 577 1694 Quamvis
601 1614 779 1676 robur
806 1629 948 1687 erat,
979 1615 1217 1676 carmine
1241 1615 1384 1677 victa
1416 1638 1536 1676 sera
1560 1629 1661 1675 est.

226 1708 383 1790 Quid
409 1710 548 1772 mihi
576 1711 851 1796 profuerit
877 1710 1039 1772 velox
1068 1726 1320 1773 cantatus
1345 1710 1630 1773 Achilles?

306 1807 463 1887 Quid
490 1832 595 1893 pro
623 1831 710 1870 me
739 1807 964 1870 Atrides
994 1806 1131 1869 alter
1161 1824 1217 1870 et
1243 1808 1382 1871 alter
1409 1809 1612 1888 agant?
1956 1824 2012 1866 30

285 1972 348 2015 16.
381 1973 511 2028 Quod
533 1976 639 2018 bene
661 1989 741 2031 pm
766 1976 870 2018 calo
894 1977 1083 2017 mitteret

227 2038 301 2080 ille
320 2052 408 2081 suo.
429 2037 521 2083 Pro
540 2041 644 2083 calo
661 2055 737 2083 suo
751 2072 763 2093 ,
794 2037 913 2096 quod
933 2039 1012 2097 ipsi
1028 2039 1078 2083 in

227 2109 490 2159 potestatem
528 2113 725 2150 cesserat.
787 2103 861 2148 Sic
901 2119 1079 2162 quoque

227 2167 341 2212 Met.
360 2183 402 2222 1,
427 2171 508 2228 274
525 2182 537 2210 ι

225 2236 297 2269 Nec
312 2237 393 2269 coelo
406 2245 557 2270 contenta
574 2250 630 2271 suo
643 2238 786 2271 udovi-
802 2240 906 2272 inm.

286 2315 349 2355 17·
375 2300 542 2343 Clausit
554 2303 695 2344 amica
702 2300 840 2356 sores.
861 2301 1079 2345 Terrebat

228 2362 388 2420 quippe
408 2364 598 2422 puellam
617 2373 735 2410 vates
756 2366 831 2423 qui
853 2370 1017 2410 nimbos
1034 2371 1080 2410 in

227 2431 442 2481 manibus,
469 2437 514 2474 et
532 2430 677 2488 ipsum
697 2431 859 2475 Jovem
879 2449 971 2475 cum
978 2432 1083 2488 ful-

227 2498 338 2538 mine
346 2493 755 2541 habebat!Unofere
767 2514 940 2555 quoque
953 2514 1083 2543 versu

228 2567 341 2602 esset
365 2559 492 2604 nobis
511 2560 755 2604 sistendum
769 2595 781 2617 ,
811 2563 847 2606 si
868 2561 1083 2619 quidquid

227 2621 411 2682 leporis,
433 2625 607 2669 veneris
623 2626 835 2684 quidquid
857 2628 904 2671 in
921 2644 1084 2671 venus-

226 2689 393 2733 tissimo
421 2698 552 2746 poeta
578 2691 796 2746 occurrit,
830 2691 1082 2735 notandum

229 2755 560 2812 susciperemus.
590 2754 744 2811 Quem
773 2772 879 2799 vero
899 2756 1080 2812 fallant,

229 2818 498 2863 electoribus
510 2820 672 2864 nostris
685 2819 706 2864 ἓ
720 2844 776 2853 -
787 2822 964 2864 Fulmen
975 2825 1083 2864 omi·
1130 2850 1134 2854 -

229 2888 282 2926 si.
294 2885 469 2928 Fulmen
478 2889 624 2937 amis-i,
643 2886 896 2930 Puteaneus
909 2902 934 2929 a
945 2902 1084 2929 manu

231 2948 398 3004 prima;
430 2949 508 2993 sed
540 2950 829 2995 emendatum
852 2985 865 3007 ,
891 2951 1084 3008 fulmina

230 3017 347 3065 misi,
365 3014 588 3070 quomodo
602 3015 729 3059 multi
740 3033 792 3059 ex
799 3017 959 3060 nostris
973 3022 1085 3060 :mit-

232 3083 320 3121 tem
342 3094 423 3136 pro
443 3085 658 3124 omittere:
676 3081 776 3125 libri
796 3099 869 3126 sex
882 3115 895 3137 ,
919 3089 1083 3127 etcum.

232 3142 367 3187 Forte
379 3176 391 3196 ,
402 3159 455 3186 en
469 3160 563 3187 cum
570 3147 692 3188 Jove.
703 3145 764 3188 H.
776 3169 831 3178 —
846 3146 942 3203 Ego
952 3147 1083 3191 codi—

231 3224 336 3253 cum
348 3206 538 3262 Ciosani,
550 3217 594 3251 et
602 3207 789 3262 Aldinae,
801 3210 1082 3270 Micyllianae,

233 3279 280 3316 et
295 3271 658 3315 Bersmannianae
674 3270 934 3315 Editionum
948 3273 1086 3318 fidem

232 3352 393 3394 sequor
409 3369 421 3391 ,
444 3335 617 3392 fulmen
636 3340 766 3379 omisi
781 3349 794 3375 .·
826 3353 966 3394 quum
985 3340 1087 3395 quia

233 3401 498 3459 praecedenti
516 3416 646 3444 versu
653 3401 824 3456 fulmen
844 3411 908 3446 est
925 3435 936 3455 ,
967 3403 1087 3460 quod

233 3464 305 3512 hic
336 3481 431 3510 non
458 3475 577 3512 recte
607 3466 656 3510 in
675 3466 870 3522 fulmina
900 3469 1086 3514 transire

1159 1975 1362 2028 videtui-3
1391 1984 1488 2019 tum
1509 1973 1726 2033 precipue
1742 2005 1755 2028 ,
1784 1979 1834 2016 ut
1861 1971 2011 2016 ambi-

1161 2041 1299 2099 guitas
1311 2042 1475 2085 vitetur
1486 2073 1498 2096 ,
1515 2040 1616 2097 quia
1620 2038 1813 2096 fulmina
1822 2042 1986 2082 millen
1996 2072 2008 2089 ,

1158 2106 1366 2150 solemnis
1387 2114 1451 2150 est
1469 2105 1655 2159 locutio,
1678 2104 1913 2161 projacere
1929 2135 1941 2157 ‚
1962 2118 2016 2147 ex

1160 2171 1265 2216 caelo
1285 2171 1519 2216 demittere
1534 2203 1546 2226 ,
1561 2179 1606 2214 et
1619 2169 1702 2213 hoc
1718 2178 1858 2227 poetae
1871 2170 2015 2213 menti

1160 2245 1377 2295 repugnat
1398 2252 1409 2280 ι
1430 2241 1619 2280 omittere
1633 2251 1739 2278 vero
1754 2235 1928 2292 proprie
1948 2244 2014 2279 est

1161 2301 1215 2346 de
1230 2302 1432 2346 manibus
1449 2301 1697 2344 demittere.
1713 2299 1868 2345 Senec.
1884 2301 2012 2358 Aga-

1160 2383 1329 2410 memn.
1356 2370 1431 2422 241
1459 2378 1470 2406 :

1160 2436 1301 2470 Proinde
1319 2435 1416 2466 omisi
1427 2434 1569 2475 regimen
1583 2444 1601 2464 e
1613 2432 1763 2463 manibus
1775 2434 1869 2463 meis.
1891 2432 1931 2464 B.

1220 2513 1283 2557 ¹9·
1304 2498 1457 2540 Nilme
1476 2500 1552 2538 lua
1569 2497 1658 2537 tela
1665 2495 1893 2550 juvabant.
1917 2496 2014 2537 Ver-

1163 2564 1219 2604 ba
1232 2596 1244 2614 ,
1262 2562 1515 2605 Puteaneus
1529 2593 1542 2614 ,
1558 2559 1783 2603 Palatinus
1798 2559 1988 2616 optimus
2004 2594 2016 2613 ,

1163 2627 1346 2684 Neapol.
1373 2623 1588 2670 Arundel.
1614 2633 1660 2667 et
1683 2625 1878 2681 quinque
1911 2624 1982 2668 alii
2004 2643 2014 2668 z

1162 2692 1319 2749 reliqui
1354 2694 1479 2734 bella.
1522 2691 1690 2734 Htms.
1731 2693 1824 2734 Tua
1845 2691 1979 2747 sacta
1997 2726 2010 2744 ‚

1162 2756 1298 2802 codex
1317 2755 1495 2799 Douzae.

1218 2823 1285 2865 23.
1316 2824 1518 2866 Carmina
1543 2824 1850 2875 sangu1heoe.....
1870 2822 2014 2865 lune.

1167 2885 1284 2944 Quae
1310 2887 1470 2930 scilicet
1488 2890 1761 2940 sanguineum
1780 2884 1901 2929 hunc
1928 2903 2014 2931 co·-

1163 2952 1307 2996 lorem
1344 2951 1388 2994 vi
1416 2951 1665 2995 carminum
1701 2951 1869 3007 magica
1897 2968 2016 2996 con-

1164 3024 1365 3061 traxerat.

1222 3083 1287 3136 24.
1306 3082 1472 3124 Nereos.
1490 3079 1700 3123 Francius
1714 3080 1902 3125 malebat
1915 3115 1928 3137 ‚
1946 3088 2017 3126 ni-

1167 3149 1279 3189 tidos
1293 3158 1306 3184 .·
1328 3144 1417 3186 duo
1437 3143 1534 3186 libri
1554 3143 1750 3201 Heinsfi,
1769 3152 1913 3190 niveos
1926 3164 2016 3190 car·

1166 3216 1282 3254 mina
1300 3211 1411 3252 Solis
1425 3224 1565 3264 equos.

1221 3274 1287 3316 28.
1323 3274 1524 3326 Quamvis·
1539 3276 1666 3317 robur
1684 3280 1789 3318 erat.
1817 3277 2017 3330 Quamvis

1167 3343 1363 3383 mbuemt
1389 3339 1716 3397 Neapolitanus.
1766 3343 1883 3386 Puto
1909 3346 2017 3387 scri-

1167 3404 1366 3464 bendum
1379 3437 1392 3459 ,
1428 3409 1628 3459 Quamvis
1651 3410 1819 3451 mbomo
1834 3442 1845 3459 ‚
1880 3409 2016 3451 nimi-

1168 3485 1271 3512 rum
1281 3474 1411 3525 posti.
1430 3471 1709 3530 Injunclaque
1717 3477 1841 3528 posti
1850 3490 1902 3518 ex
1921 3491 2018 3517 ves-
