2268 3776
564 278 825 356 ARTIS
874 299 1352 354 AMATORIAE
1387 302 1548 357 LIB.
1605 305 1653 358 1.

1890 301 1996 376 267

225 419 344 479 SED
375 417 478 477 tibi
508 441 607 477 nec
638 416 782 476 ferro
810 413 1023 499 placeat
1056 427 1316 499 torquere
1347 417 1607 502 capillos;
1922 436 2000 475 502:

303 516 418 575 Nec
449 528 541 573 tua
570 511 814 573 mordaci
842 512 1060 595 pumice
1091 536 1253 573 crura
1283 528 1443 576 teraS.

223 611 335 670 Ista
359 608 489 691 jube
518 607 745 679 faciant,
780 633 1019 691 quorum
1050 608 1312 693 Cybeleia
1341 624 1514 671 mater

307 704 635 765 Concinitur
663 704 922 789 Phrygiis
948 705 1227 768 exululata
1251 706 1451 768 modis.

224 804 424 867 Forma
451 801 598 862 viros
627 802 877 881 neglecta
906 803 1060 865 decet
1084 830 1096 864 :
1124 804 1380 866 Minoida
1409 805 1663 866 Theseus

304 898 583 972 Abstulit,
614 924 643 960 a
670 899 826 960 nulla
852 915 1104 984 tempora
1134 915 1351 963 comtus
1382 927 1515 964 acu:
1930 924 2008 965 51⁴·

225 995 597 1090 Hippolytum
627 997 888 1071 Phaedra,
920 1021 1022 1059 nec
1051 1014 1169 1060 erat
1196 999 1340 1062 bene
1370 999 1580 1074 cultus,
1611 1000 1811 1061 amavit
1835 1026 1847 1074 ;

306 1094 451 1155 Cura
481 1094 638 1167 Deae,
668 1093 820 1155 silvis
849 1095 1290 1178 aptuS‚'Adonis
1318 1111 1449 1158 erat.

224 1191 517 1253 Munditiae
538 1191 790 1275 placeant
815 1217 827 1252 :
859 1192 1147 1254 fuscentur
1178 1218 1418 1278 corpora
1453 1194 1666 1277 Campo
1697 1221 1709 1255 :

308 1287 394 1347 Sit
417 1288 558 1348 bene
590 1288 951 1363 conveniens,
982 1304 1038 1350 et
1066 1290 1185 1351 sine
1213 1290 1337 1351 labe
1365 1305 1526 1369 toga:

226 1386 552 1470 Linguaque
580 1411 649 1447 ne
673 1387 849 1466 rigeat
873 1411 886 1447 :
913 1402 1132 1449 careant
1160 1388 1418 1466 rubigine
1449 1387 1668 1458 dentcs;
1934 1407 2014 1449 515·

309 1485 424 1544 Nec
449 1507 618 1562 vagus
646 1483 704 1543 in'
734 1482 855 1543 laxa
883 1506 981 1566 pes
1010 1483 1114 1543 tibi
1143 1482 1285 1566 pelle
1309 1498 1463 1544 natet
1489 1508 1499 1543 :

230 1589 344 1648 Nec
368 1586 507 1648 male
535 1587 805 1648 deformet
833 1587 1046 1666 rigidos
1075 1602 1305 1649 tonsura
1334 1586 1566 1672 capillos
1594 1613 1606 1648 :

315 1690 402 1750 Sit
432 1714 616 1763 coma,
650 1691 723 1751 sit
751 1691 914 1751 docta
942 1690 1120 1751 barba
1148 1706 1356 1751 resecta
1382 1715 1566 1751 manu.

234 1797 308 1855 Et
333 1793 473 1854 nihil
502 1795 806 1867 emineant,
837 1809 893 1855 et
921 1794 1037 1855 sint
1063 1794 1181 1856 sine
1213 1794 1477 1855 sordibus
1502 1818 1751 1874 ungues:

313 1899 490 1982 Inque
517 1921 644 1977 cava
672 1895 862 1959 nullus
892 1910 1000 1959 stet
1027 1897 1133 1959 tibi
1159 1921 1295 1959 nare
1325 1896 1493 1983 pilus.
1939 1915 2020 1956 520

287 2070 381 2115 505.
399 2071 490 2116 Nec
505 2076 581 2115 tua
593 2073 786 2115 mordaci
795 2079 876 2116 etc.
894 2070 1083 2129 Egregie

234 2143 279 2181 et
296 2135 586 2181 vehementer
602 2169 615 2192 ,
634 2145 684 2180 ut
702 2137 815 2181 solet
827 2169 840 2192 ,
860 2137 1085 2181 invehitur

235 2201 425 2256 Persius,
442 2200 533 2246 Sat.
548 2215 613 2257 lv,
628 2202 698 2257 33,
713 2202 760 2245 in
775 2217 947 2245 morem
965 2202 1085 2246 hunc

236 2267 338 2311 viris
357 2266 589 2325 indignum
607 2299 620 2323 ,
643 2284 777 2324 quem
800 2268 898 2323 jure
928 2267 1087 2327 Cybe-

237 2331 332 2376 leiae
351 2331 505 2376 matris
523 2332 818 2376 sacerdotibus
833 2333 1087 2377 remittit.—

239 2397 329 2442 Ncc
344 2401 433 2440 lua.
451 2398 544 2440 Nec
562 2399 645 2439 tibi
657 2396 908 2440 Patavinus.

297 2464 392 2504 510.
425 2462 605 2504 Comlus.
627 2463 775 2505 Cultus
795 2461 957 2505 Aldina
976 2476 1087 2519 pos-

242 2526 398 2581 terior,
414 2526 606 2586 Micylli,
629 2535 674 2570 et
693 2527 811 2571 aliae:
831 2527 979 2584 scripti
993 2526 1089 2584 ple-

242 2592 366 2650 rique
391 2601 540 2637 tamen
556 2626 568 2648 ,
590 2600 762 2638 condus.

297 2661 345 2703 51
357 2676 390 2702 1.
411 2662 682 2719 Hippolytum
698 2663 876 2704 Pha-dra
894 2669 974 2704 etc.
992 2660 1091 2718 Ipsa

244 2723 364 2767 enim
386 2724 441 2768 ad
460 2741 563 2769 eum
579 2758 591 2781 ,
616 2725 753 2783 Epist.
771 2740 845 2782 lv,
869 2744 916 2783 77
937 2742 947 2769 :

245 2798 293 2830 Te
306 2806 383 2831 tuus
398 2801 458 2832 iste
473 2801 578 2842 rigor,
595 2802 757 2845 positique
775 2803 844 2833 sine
858 2809 926 2833 arte
937 2801 1047 2844 capilli
1058 2825 1070 2842 ‚

285 2860 328 2892 Et
340 2861 423 2893 levis
437 2862 564 2903 egregio
579 2863 690 2904 pulvis
705 2863 738 2894 in
751 2874 806 2895 ore
817 2864 920 2896 decet.

249 2921 486 2978 Veroque,
507 2933 552 2967 et
569 2925 689 2981 quasi
716 2925 955 2969 mulierum
985 2940 1093 2969 om-

250 2987 376 3031 nium
413 3004 627 3034 consensu
649 3023 662 3046 ‚
699 2991 827 3048 paulo
864 2998 965 3059 ante
1001 2993 1093 3050 jam

252 3052 407 3096 eadem
427 3054 603 3110 epistola
624 3055 814 3100 dixerat·
936 3100 946 3104 s

252 3122 645 3163 Smcutprolnnoisbju
646 3108 1090 3166 Mneutsmmcqmti!

309 3183 401 3225 513.
415 3185 647 3226 Fuscentur
655 3199 829 3239 corpora
842 3187 1011 3240 Campo.
1027 3173 1098 3230 Ᾰά

259 3247 480 3304 Campum
503 3248 719 3290 Martium
740 3249 856 3291 refer
870 3281 883 3303 ,
904 3249 978 3292 uhi
1005 3267 1096 3294 sese

256 3312 513 3355 exercebant
531 3312 735 3356 luctando
753 3346 764 3367 ,
787 3312 962 3369 aliisque
983 3312 1099 3356 ludi-

256 3375 339 3419 cris
352 3409 363 3430 ,
385 3384 429 3419 et
450 3375 627 3432 quidem
649 3376 757 3419 nudi
777 3385 827 3419 ut
845 3378 1096 3433 plurimum.

260 3440 394 3485 Recte
410 3440 502 3485 haec
514 3441 711 3486 exercitia
723 3441 957 3499 palaestrica
971 3451 1099 3500 atque

458 3513 472 3535 Ι

1167 2071 1369 2115 athletica
1381 2070 1500 2114 inter
1512 2069 1748 2113 munditias
1762 2069 1896 2112 mser-t
1910 2069 2022 2114 Ovi-

1166 2137 1276 2181 dius.
1299 2137 1365 2180 llli
1387 2135 1530 2191 enim,
1544 2136 1618 2193 qui
1634 2133 1917 2177 denudabant
1931 2136 2021 2179 sre-

1167 2212 1358 2261 quenter
1378 2219 1535 2261 corpus
1553 2235 1563 2256 ‚
1587 2202 1627 2245 ei
1649 2200 1846 2245 curando
1865 2201 2023 2245 assidui

1166 2269 1482 2313 incumbebant
1502 2301 1514 2322 ,
1545 2266 1722 2311 sordem
1756 2281 1940 2309 omnem
1977 2283 2025 2310 ac

1168 2335 1418 2392 squalorem
1439 2332 1543 2376 inde
1566 2331 1733 2375 amoliti
1750 2348 1761 2383 ;
1781 2330 1856 2374 sed
1873 2340 1917 2374 et
1934 2331 2024 2375 sole

1167 2400 1351 2457 oleoque
1370 2397 1577 2442 imbibitis
1596 2412 1781 2454 corpora
1801 2405 1954 2454 vegeta
1977 2413 2025 2441 ae

1167 2467 1361 2511 colorata
1386 2464 1702 2509 reddebantur.
1735 2463 1837 2506 Hoc
1846 2462 2027 2518 fuscare

1169 2547 1345 2589 corpora
1362 2531 1468 2575 dixit
1486 2531 1661 2575 Noster.
1683 2530 1853 2573 Huius.

1227 2602 1251 2643 5
1259 2599 1321 2642 16.
1331 2600 1420 2641 Nec
1431 2612 1566 2653 ναμε
1578 2600 1624 2639 in
1635 2599 1741 2638 lata
1745 2610 1823 2651 pes
1833 2597 2030 2649 Ie‘h‘pelle

1170 2670 1301 2709 ualet.
1327 2664 1485 2707 Horat.
1507 2663 1556 2717 1,
1579 2661 1673 2706 Sat.
1691 2675 1746 2703 111
1762 2694 1773 2714 ,
1798 2661 1845 2703 3¹
1874 2676 1885 2702 z
1907 2662 2029 2702 Male

1170 2734 1298 2774 laxus
1314 2734 1359 2773 in
1374 2731 1483 2785 pede
1496 2731 1665 2771 calceus
1681 2729 1835 2779 hoere15
1851 2724 2028 2780 elegan-

1172 2802 1242 2838 ter
1254 2803 1402 2837 autem
1411 2798 1545 2835 nalal.
1560 2791 1634 2835 Sic
1645 2800 1721 2834 νεῖν
1736 2793 1770 2833 ἓν
1782 2799 1859 2837 τοῖς
1872 2791 2027 2844 ε’μέἷισι,

1175 2858 1454 2916 Aristophan.
1487 2856 1680 2912 Equitib.
1702 2855 1796 2897 321.
1818 2853 2028 2897 Sidonius

1175 2924 1468 2982 Apollinaris,
1492 2921 1614 2974 V,ll
1638 2920 1720 2976 Ep.
1739 2934 1803 2962 11:

1214 2997 1306 3027 130
1287 3005 1378 3035 opes
1364 2999 1490 3023 snam
1498 2991 1585 3022 asltu
1606 2992 1640 3020 in
1655 2990 1755 3021 conbu
1734 3001 1815 3020 uox-u
1818 2990 1966 3021 Bunr.

1231 3058 1324 3112 517.
1343 3055 1434 3097 Nec
1446 3055 1567 3094 male.
1589 3051 1798 3095 Heinsius
1813 3052 2029 3095 maluerat

1176 3121 1281 3164 olim
1296 3153 1307 3173 ,
1325 3134 1402 3160 nec
1421 3119 1548 3160 mala.

1235 3188 1257 3228 5
1267 3186 1326 3227 18.
1339 3184 1406 3225 Sit
1423 3185 1551 3224 docta
1566 3184 1699 3225 barba
1709 3190 1871 3227 n’sccla
1890 3201 2030 3227 manu.

1179 3253 1244 3294 Sit
1260 3256 1352 3292 {ula
1368 3248 1631 3292 Oxoniensis
1645 3258 1690 3292 et
1705 3249 1869 3306 Regius
1884 3267 1894 3301 ;
1911 3249 2027 3306 quod

1180 3329 1272 3356 non
1313 3312 1434 3370 capio
1455 3345 1467 3366 ,
1502 3313 1585 3356 nisi
1618 3314 1855 3371 legendum
1874 3347 1886 3369 ,
1919 3319 2032 3357 scita

1181 3391 1332 3430 manu‚·
1347 3377 1480 3434 idque
1499 3394 1655 3420 verum
1673 3379 1872 3421 arbitror.
1895 3379 1968 3423 Sic
1982 3380 2026 3420 in

1182 3442 1318 3486 Fastis
1332 3456 1385 3497 v,
1408 3444 1485 3498 54:
1504 3459 1634 3487 ctm’oe
1654 3449 1766 3488 scita
1789 3446 1945 3487 Thalia
1964 3447 2032 3501 ly-
