2268 3776
522 298 790 357 ARTIS
851 293 1331 353 AMATORIAE
1371 294 1534 350 LIB.
1586 293 1677 348 11.

1893 312 2001 368 297

223 418 577 503 Obsequium*
604 416 883 498 tigresque
913 412 1129 485 domat,
1159 412 1542 495 Numidasque
1570 409 1799 472 leones:

304 515 535 578 Rustica
562 511 830 597 paulatim
860 525 1052 572 taurus
1082 523 1259 571 aratra
1287 510 1458 569 subit.

223 612 380 694 Quid
408 611 515 672 fuit
543 609 793 694 asperius
814 607 1136 669 Nonacrina
1164 604 1470 668 Atalanta?

1932 616 2010 661 185

271 788 274 793 ι
306 707 616 770 Succubuit
644 705 857 767 meritis
885 720 1012 766 trux
1044 718 1227 765 tamen
1254 699 1350 762 illa
1374 700 1495 760 viri.

222 805 379 890 Saepe
411 828 548 866 suos
571 827 753 876 casuS‚
782 826 884 865 nec
913 802 1070 863 mitia
1100 799 1243 861 facta
1268 796 1466 883 puellae

305 901 492 963 Flesse
525 902 630 962 sub
662 900 963 961 arboribus
989 897 1313 960 Melaniona
1341 896 1544 958 serunt.

231 1000 388 1084 Saepe
422 997 552 1059 tulit
576 998 731 1085 jusso
763 995 977 1058 fallacia
1005 995 1144 1056 retia
1170 992 1319 1055 collo
1349 1017 1362 1053 :

309 1096 466 1178 Saepe
497 1094 612 1155 fera
639 1107 826 1153 torvos
856 1090 1084 1175 cuspide
1108 1088 1230 1151 fixit
1257 1109 1440 1173 apros:

1942 1114 2018 1157 ¹90

229 1192 417 1255 Sensit
446 1206 502 1253 et
534 1189 710 1275 Hylaei
733 1203 1062 1250 contentum
1088 1186 1307 1249 saucius
1336 1207 1556 1247 arcum:

287 1371 378 1415 183.
397 1372 674 1427 Tumidosque
685 1371 836 1414 leones.
852 1370 1085 1414 Numidas·-

229 1453 307 1495 que
333 1436 497 1494 Regius
525 1451 628 1479 cum
650 1434 838 1488 Puteani
869 1451 915 1479 ac
939 1434 1084 1479 Scali-

232 1502 327 1560 geri
361 1502 571 1559 excerptis
588 1536 598 1552 ,
638 1509 683 1544 et
714 1499 947 1544 duodecim
981 1499 1084 1543 aliis.

232 1567 264 1611 J
268 1567 381 1611 ureti
397 1575 595 1624 excerpta
610 1582 710 1611 curn
728 1565 952 1609 nonnullis
966 1598 977 1620 ,
1002 1566 1087 1608 Nu·

233 1636 446 1690 midosque
456 1646 468 1672 ··
482 1633 622 1690 prima
637 1631 793 1687 editio,
810 1633 1086 1686 mundosque.-

235 1698 325 1742 duo
343 1731 356 1754 ,
385 1700 631 1755 timidosque
649 1709 662 1736 ··
682 1713 796 1740 unus
813 1729 825 1751 ,
845 1697 1060 1751 undasque
1074 1706 1087 1733 .·

236 1780 334 1822 quae
351 1764 502 1807 omnia
522 1763 575 1807 ad
590 1778 739 1806 veram
754 1762 989 1806 lectionem
1009 1758 1089 1803 ad-

235 1828 411 1874 ludunt.
433 1831 566 1874 Mart.
588 1830 615 1873 l.
637 1843 740 1874 vm.
763 1829 912 1886 Epigr.
936 1842 984 1872 ιν
1000 1860 1012 1884 ,
1033 1827 1089 1870 de

236 1894 364 1939 leone
390 1895 616 1954 eleganter
635 1903 679 1939 et
701 1911 802 1938 vere
823 1910 833 1938 ε

237 1971 300 2004 sed
316 1971 370 2013 cuj
377 1981 415 2003 us
431 1978 605 2003 tremerent
620 1971 683 2013 ipsi
697 1981 828 2013 quoque
844 1971 919 2012 jun
938 1970 1045 2001 leone·
1060 1991 1072 2008 ,

279 2032 341 2066 cni
357 2032 504 2064 diadem·
521 2032 612 2064 duret
626 2042 785 2064 marmore
799 2031 886 2073 picta
899 2031 1036 2063 Nom-n.

244 2095 379 2138 Ursas
398 2095 608 2139 Numidas
638 2092 772 2137 habes
800 2091 916 2152 apud
943 2093 1093 2136 Juve-

239 2158 500 2215 nalem,Sat.
511 2173 572 2204 lv.
582 2159 812 2204 sicPoenos
822 2162 961 2203 leones
971 2158 1093 2214 dixit,

240 2238 291 2268 xv
305 2258 318 2279 ,
339 2225 474 2268 Trist.
499 2224 620 2283 Eleg.
638 2238 687 2268 v1
706 2237 716 2265 :

241 2294 403 2336 Tempore
418 2294 591 2326 Poenorum
605 2293 823 2335 compescitur
835 2294 884 2324 ira
894 2294 1039 2324 leonum.

248 2353 492 2412 Quomodo
514 2363 559 2398 et
574 2354 782 2411 Virgilius
800 2355 847 2398 in
864 2355 1036 2412 Eclogis
1053 2362 1099 2398 et

245 2419 294 2463 in
312 2418 407 2463 Ciri
427 2435 437 2463 :
457 2428 502 2463 et
523 2418 680 2463 Claud.
694 2433 751 2462 111
766 2452 778 2475 ,
801 2419 855 2462 de
876 2421 986 2478 Rap.
1008 2419 1098 2463 166.

371 2510 411 2521 ...
424 2489 546 2521 Rabies
560 2491 734 2521 Poenorum
748 2490 878 2532 inopina
892 2490 1035 2522 leonum.

246 2549 515 2596 Dracontius
535 2551 813 2596 Hexa‘e'mero
835 2566 846 2595 ι

246 2626 354 2659 Arida
366 2627 514 2669 ὤρθωσε
526 2637 646 2670 angues
661 2629 789 2670 excepit
805 2639 900 2659 arena
914 2638 924 2660 t

246 2682 391 2713 Sortitur
402 2681 558 2714 Numidas
572 2683 670 2713 tellus
682 2681 750 2713 sera
762 2683 845 2715 sollu
855 2684 984 2715 leonum
995 2694 1006 2724 ;
1043 2693 1046 2696 ·

248 2743 325 2787 ubi
345 2759 578 2801 perperam
600 2743 759 2801 legitur
781 2761 901 2789 nunc
915 2778 927 2800 ,
950 2747 1104 2789 Humi·-

249 2811 309 2853 da
333 2814 507 2854 sortitur
530 2813 669 2854 tellus.
705 2812 893 2854 Gaetulos
922 2811 1105 2856 Plautus

252 2875 543 2920 Menaechmis
563 2893 604 2920 v.
639 2894 677 2919 α.
705 2885 750 2921 et
771 2877 928 2920 Horat.
956 2872 1037 2920 lib.
1054 2891 1072 2919 1
1089 2910 1102 2933 ,

257 2939 348 2985 Οὐ.
380 2954 499 2984 xxxu
521 2958 532 2993 3
570 2949 615 2984 et
633 2941 744 2985 Stat.
776 2941 917 2986 Theb.
947 2956 996 2985 lx
1011 2975 1023 2998 ,
1060 2951 1106 2986 et

254 3004 413 3062 Vin-gil.
432 3019 489 3069 v,
522 3004 698 3049 AEneid.
718 3007 814 3050 351.
843 3007 916 3051 Sic
941 3009 1106 3053 Arme—

255 3074 340 3114 nia·
355 3074 481 3125 tigres
498 3070 595 3113 alibi
613 3086 706 3114 non
727 3087 819 3115 uno
838 3071 934 3116 loco
952 3089 1109 3118 occur-

258 3143 366 3178 runt
380 3167 392 3189 ,
406 3143 451 3176 et
469 3135 605 3176 ossea
618 3150 718 3177 ursa
730 3135 915 3178 Metam.
929 3149 1018 3179 xu:
1032 3137 1109 3180 ubi

259 3198 373 3242 male
393 3201 627 3241 obscoenam
648 3207 884 3254 reponunt.
916 3202 1110 3243 Getulas

259 3280 415 3322 quoque
437 3267 590 3305 leoenas
612 3263 731 3306 idem
754 3258 907 3308 Horat.
932 3265 1002 3308 lib.
1025 3280 1108 3321 111,

263 3327 353 3373 Od.
376 3343 442 3371 20.
463 3331 658 3372 Getulum
672 3331 928 3384 elephantem
948 3329 1110 3375 Lucan.

260 3392 335 3437 lib.
359 3407 435 3449 vl,
462 3394 555 3436 208.
584 3396 803 3436 Pannonis
832 3411 932 3437 ursa
966 3394 1112 3438 eidem

263 3459 375 3503 libro
385 3473 433 3506 vl
449 3491 462 3516 ‚
483 3474 579 3503 220.
598 3461 767 3506 Veram
782 3459 912 3516 hujus
926 3459 1008 3504 loci
1021 3459 1113 3504 lec·

1164 1367 1334 1411 tionem
1365 1364 1596 1410 Fruterius
1626 1377 1802 1421 quoque
1833 1360 1941 1405 vidit
1975 1360 2021 1403 in

1169 1433 1503 1478 verisimilibus.
1530 1432 1699 1475 Hzms.

1227 1499 1317 1556 187.
1354 1498 1443 1542 Nec
1478 1501 1612 1540 mitia.
1654 1497 1842 1538 Immaia
1875 1492 2023 1551 plures

1166 1564 1312 1623 scripti
1335 1573 1379 1608 et
1402 1562 1580 1621 quidam
1602 1562 1732 1607 editi:
1753 1574 1984 1619 perperam
2009 1575 2021 1612 ;

1166 1629 1253 1673 vid.
1280 1629 1334 1673 ad
1356 1629 1376 1673 I
1395 1662 1407 1684 ,
1432 1629 1587 1672 Amor.
1608 1642 1657 1672 V1
1674 1662 1685 1683 ,
1714 1645 1774 1686 ¹7·

1230 1694 1318 1738 188.
1352 1696 1495 1738 Hesse
1521 1696 1599 1736 sub
1637 1695 1855 1736 arboribus
1880 1692 2023 1734 stle‘la-

1170 1758 1464 1815 m‘onaserunt.
1477 1757 1580 1801 Vid.
1597 1756 1652 1801 ad
1668 1758 1768 1802 Am.
1787 1757 1871 1811 111,
1886 1755 1951 1799 El.
1968 1770 2002 1798 11
2014 1787 2027 1810 ,

1180 1842 1257 1885 29,
1283 1839 1379 1881 quae
1403 1823 1458 1866 de
1476 1822 1726 1867 Milanione
1747 1831 1791 1867 et
1809 1822 2027 1866 Atalanta.

1172 1912 1229 1923 —
1246 1890 1508 1933 Melam‘ona.
1527 1888 1666 1933 Valde
1685 1889 1866 1932 turbant
1881 1888 1925 1931 in
1944 1886 2028 1930 hoc

1174 1956 1357 2001 nomine
1371 1964 1539 1999 veteres
1552 1955 1663 1999 libri.
1677 1954 1765 1999 Sed
1783 1955 1876 2011 lege
1891 1954 2029 1996 Maa-

1174 2026 1304 2066 m'ona
1315 2037 1418 2065 cum
1434 2021 1574 2079 Regio
1588 2054 1599 2076 ,
1618 2020 1692 2077 qui
1711 2020 1780 2063 lib.
1796 2020 1930 2063 etiam
1946 2033 2001 2061 111
2014 2050 2027 2073 ,

1178 2090 1257 2146 775
1271 2120 1283 2142 ‚
1327 2102 1429 2130 cum
1452 2086 1542 2130 aliis
1574 2085 1853 2139 melioribus,
1885 2086 2030 2127 Maa-

1175 2158 1276 2196 πίονι
1289 2155 1469 2195 humeris
1479 2152 1710 2195 Atalantes
1722 2149 2031 2206 cruraserebat.

1179 2217 1356 2274 Reliqui
1369 2216 1537 2261 codices
1555 2249 1567 2270 ,
1582 2217 1823 2258 Minaliona
1834 2247 1845 2264 ‚
1863 2220 1938 2256 aut
1949 2214 2034 2255 Mi·

1179 2286 1377 2326 mationa.
1395 2280 1526 2339 Apud
1544 2280 1720 2324 Graecos
1734 2286 1927 2324 Μιλανίων
1941 2285 2033 2330 est,

1181 2357 1229 2391 ut
1261 2347 1576 2404 Xenophonti,
1599 2345 1653 2389 de
1677 2345 1955 2396 Venatione;
1990 2351 2033 2386 at

1180 2413 1320 2471 poetis
1340 2419 1566 2458 Μειλανίων.
1589 2410 1663 2455 Sic
1683 2411 1901 2461 hlusaeus,
1931 2409 2032 2451 153:

1180 2482 1361 2541 ssoepoe'vag
1378 2481 1418 2523 οὗ
1434 2483 1475 2523 σι’
1489 2480 1636 2529 λέληθεν
1650 2475 1716 2520 ἐπ’
1727 2467 1925 2539 Ᾰρκαδιής
1940 2465 2037 2520 Arez-

1238 2545 1351 2595 λάντη
1373 2575 1386 2598 ,

1186 2618 1207 2665 ἦ
1239 2631 1325 2656 ποτε
1358 2616 1613 2659 Μειλανίωνος
1644 2611 1897 2667 ἕρασσαμὲνπν
1927 2611 2035 2667 φύγεν

1239 2681 1360 2730 εὐνὴν.

1245 2758 1338 2803 ¹9⁰·
1359 2742 1582 2799 Saepefera
1600 2747 1738 2785 torvos
1757 2740 1928 2794 cuspide
1929 2741 2043 2795 fixit

1184 2825 1323 2866 apros.
1338 2809 1511 2866 Aprosii
1522 2808 1647 2861 liber,
1659 2805 1897 2861 soepeseras
1905 2809 2039 2847 nulrsa

1184 2877 1358 2931 cuspide
1371 2908 1382 2926 ,
1403 2882 1453 2917 ut
1467 2871 1809 2927 missumfulmea
1827 2870 1964 2927 Epist.
1980 2883 2039 2921 v;

1186 2940 1262 2985 sed
1286 2940 1388 2997 quia
1406 2938 1605 2996 sequitur
1624 2970 1635 2990 ,
1670 2940 1813 2979 missis
1839 2939 2011 2991 sagittis
2025 2968 2036 2984 ,

1187 3006 1365 3050 mallem
1388 3037 1400 3058 ,
1437 3019 1546 3058 sepe
1569 3003 1692 3058 seros
1723 3007 1834 3044 torta
1871 3002 2042 3054 cuspide

1179 3074 1283 3126 fixit
1307 3085 1433 3124 apros
1454 3084 1466 3109 :
1496 3067 1565 3110 alii
1597 3082 1678 3124 pro
1697 3071 1848 3117 missa,
1876 3065 2043 3108 habent

1189 3151 1322 3186 σανα,
1345 3134 1413 3176 vel
1422 3134 1566 3189 jussa.
1590 3133 1756 3175 Hssffis.

1251 3218 1268 3242 1
1274 3216 1301 3257 9
1307 3216 1323 3241 1
1332 3232 1341 3241 .
1351 3200 1492 3241 Sensit
1496 3204 1541 3239 et
1545 3199 1932 3255 Hyloeiconlentum
1938 3212 2042 3239 sau-

1191 3270 1284 3310 cius
1301 3281 1456 3307 arcum.
1478 3263 1547 3306 De
1574 3264 1732 3323 Hylaeo
1748 3297 1759 3317 ‚
1783 3263 1858 3320 qui
1878 3280 1992 3307 unus
2017 3279 2043 3306 e

1195 3329 1430 3374 Centauris
1443 3361 1455 3383 ,
1476 3329 1563 3372 vid.
1578 3329 1631 3371 ad
1655 3330 1780 3386 Virg.
1797 3328 1957 3385 Georg.
1975 3343 2011 3370 11
2026 3361 2039 3382 ,

1191 3398 1270 3451 457
1296 3413 1305 3446 ;
1340 3397 1541 3452 Propert.
1573 3408 1591 3436 1
1609 3427 1620 3449 ,
1658 3394 1779 3451 Eleg.
1800 3408 1843 3448 1,
1889 3395 1965 3444 133
2000 3402 2046 3436 et

1194 3460 1398 3518 Apollod.
1415 3474 1495 3517 111,
1517 3477 1567 3519 93
1590 3459 1720 3503 Cous.
1742 3475 1916 3518 quoque
1940 3457 2047 3501 Cal·
