<?xml version="1.0" encoding="UTF-8"?>
<!DOCTYPE html PUBLIC "-//W3C//DTD XHTML 1.0 Transitional//EN"
    "http://www.w3.org/TR/xhtml1/DTD/xhtml1-transitional.dtd">
<html xmlns="http://www.w3.org/1999/xhtml" xml:lang="en" lang="en">
 <head>
  <title>
</title>
<meta http-equiv="Content-Type" content="text/html;charset=utf-8" />
  <meta name='ocr-system' content='tesseract 3.04.00' />
  <meta name='ocr-capabilities' content='ocr_page ocr_carea ocr_par ocr_line ocrx_word'/>
</head>
<body>
  <div class='ocr_page' id='page_1' title='image "./quaeextantomniao02oviduoft_0221.png"; bbox 0 0 2268 3776; ppageno 0'>
   <div class='ocr_carea' id='block_1_1' title="bbox 570 274 1580 357">
    <p class='ocr_par' dir='ltr' id='par_1_1' title="bbox 570 274 1580 357">
     <span class='ocr_line' id='line_1_1' title="bbox 570 274 1580 357; baseline 0.001 -27"><span class='ocrx_word' id='word_1_1' title='bbox 570 274 963 357; x_wconf 81' lang='lat' dir='ltr'>AMORUM</span> <span class='ocrx_word' id='word_1_2' title='bbox 1013 274 1142 330; x_wconf 91' lang='lat'>111.</span> <span class='ocrx_word' id='word_1_3' title='bbox 1201 276 1448 333; x_wconf 85' lang='lat' dir='ltr'><strong>ELEG.</strong></span> <span class='ocrx_word' id='word_1_4' title='bbox 1506 277 1580 333; x_wconf 86' lang='lat' dir='ltr'><strong>x.</strong></span> 
     </span>
    </p>
   </div>
   <div class='ocr_carea' id='block_1_2' title="bbox 1862 297 1967 354">
    <p class='ocr_par' dir='ltr' id='par_1_2' title="bbox 1862 297 1967 354">
     <span class='ocr_line' id='line_1_2' title="bbox 1862 297 1967 354; baseline 0.01 -23"><span class='ocrx_word' id='word_1_5' title='bbox 1862 297 1967 354; x_wconf 78' lang='grc'><strong>207</strong></span> 
     </span>
    </p>
   </div>
   <div class='ocr_carea' id='block_1_3' title="bbox 272 388 1551 452">
    <p class='ocr_par' dir='ltr' id='par_1_3' title="bbox 272 388 1551 452">
     <span class='ocr_line' id='line_1_3' title="bbox 272 388 1551 452; baseline 0.001 -1"><span class='ocrx_word' id='word_1_6' title='bbox 272 391 388 451; x_wconf 90' lang='lat' dir='ltr'><strong>Cur</strong></span> <span class='ocrx_word' id='word_1_7' title='bbox 414 388 632 450; x_wconf 86' lang='lat' dir='ltr'><strong>inhibes</strong></span> <span class='ocrx_word' id='word_1_8' title='bbox 664 389 833 450; x_wconf 88' lang='lat' dir='ltr'><strong>sacris</strong></span> <span class='ocrx_word' id='word_1_9' title='bbox 862 389 1149 450; x_wconf 88' lang='lat' dir='ltr'><strong>commoda</strong></span> <span class='ocrx_word' id='word_1_10' title='bbox 1178 406 1371 452; x_wconf 90' lang='lat' dir='ltr'><strong>nostra</strong></span> <span class='ocrx_word' id='word_1_11' title='bbox 1401 392 1551 452; x_wconf 80' lang='lat' dir='ltr'><strong>tuis?</strong></span> 
     </span>
    </p>
   </div>
   <div class='ocr_carea' id='block_1_4' title="bbox 189 483 1763 570">
    <p class='ocr_par' dir='ltr' id='par_1_4' title="bbox 189 483 1763 570">
     <span class='ocr_line' id='line_1_4' title="bbox 189 483 1763 570; baseline 0.002 -25"><span class='ocrx_word' id='word_1_12' title='bbox 189 485 297 558; x_wconf 89' lang='lat' dir='ltr'><strong>Te,</strong></span> <span class='ocrx_word' id='word_1_13' title='bbox 322 485 468 558; x_wconf 91' lang='lat' dir='ltr'><strong>Dea,</strong></span> <span class='ocrx_word' id='word_1_14' title='bbox 494 483 807 546; x_wconf 86' lang='lat' dir='ltr'><strong>munificam</strong></span> <span class='ocrx_word' id='word_1_15' title='bbox 837 499 1029 563; x_wconf 88' lang='lat' dir='ltr'><strong>gentes</strong></span> <span class='ocrx_word' id='word_1_16' title='bbox 1058 484 1394 568; x_wconf 90' lang='lat' dir='ltr'><strong>ubicumque</strong></span> <span class='ocrx_word' id='word_1_17' title='bbox 1425 486 1763 570; x_wconf 88' lang='lat' dir='ltr'><strong>loquuntur;</strong></span> 
     </span>
    </p>
   </div>
   <div class='ocr_carea' id='block_1_5' title="bbox 1946 508 1971 550">
    <p class='ocr_par' dir='ltr' id='par_1_5' title="bbox 1946 508 1971 550">
     <span class='ocr_line' id='line_1_5' title="bbox 1946 508 1971 550; textangle 90"><span class='ocrx_word' id='word_1_18' title='bbox 1946 508 1971 550; x_wconf 65' lang='lat' dir='ltr'><strong>Cn</strong></span> 
     </span>
    </p>
   </div>
   <div class='ocr_carea' id='block_1_6' title="bbox 185 580 1977 1545">
    <p class='ocr_par' dir='ltr' id='par_1_6' title="bbox 185 580 1977 1545">
     <span class='ocr_line' id='line_1_6' title="bbox 269 580 1472 644; baseline -0.001 -1"><span class='ocrx_word' id='word_1_19' title='bbox 269 581 383 643; x_wconf 87' lang='lat' dir='ltr'><strong>Nec</strong></span> <span class='ocrx_word' id='word_1_20' title='bbox 411 580 594 641; x_wconf 90' lang='lat' dir='ltr'><strong>minus</strong></span> <span class='ocrx_word' id='word_1_21' title='bbox 623 581 880 641; x_wconf 90' lang='lat' dir='ltr'><strong>humanis</strong></span> <span class='ocrx_word' id='word_1_22' title='bbox 911 581 1121 643; x_wconf 88' lang='lat' dir='ltr'><strong>invidet</strong></span> <span class='ocrx_word' id='word_1_23' title='bbox 1149 580 1264 642; x_wconf 89' lang='lat' dir='ltr'><strong>ulla</strong></span> <span class='ocrx_word' id='word_1_24' title='bbox 1288 583 1472 644; x_wconf 89' lang='lat' dir='ltr'><strong>bonis.</strong></span> 
     </span>
     <span class='ocr_line' id='line_1_7' title="bbox 190 677 1442 753; baseline -0.001 -15"><span class='ocrx_word' id='word_1_25' title='bbox 190 678 362 750; x_wconf 85' lang='lat' dir='ltr'><strong>Ante,</strong></span> <span class='ocrx_word' id='word_1_26' title='bbox 384 701 485 739; x_wconf 91' lang='lat' dir='ltr'><strong>nec</strong></span> <span class='ocrx_word' id='word_1_27' title='bbox 506 677 709 738; x_wconf 84' lang='lat' dir='ltr'>hirsuti</span> <span class='ocrx_word' id='word_1_28' title='bbox 736 678 1025 740; x_wconf 85' lang='lat' dir='ltr'><strong>torrebant</strong></span> <span class='ocrx_word' id='word_1_29' title='bbox 1052 678 1195 740; x_wconf 87' lang='lat' dir='ltr'><strong>farra</strong></span> <span class='ocrx_word' id='word_1_30' title='bbox 1220 677 1442 753; x_wconf 90' lang='lat' dir='ltr'><strong>coloni,</strong></span> 
     </span>
     <span class='ocr_line' id='line_1_8' title="bbox 268 775 1334 837; baseline 0 -3"><span class='ocrx_word' id='word_1_31' title='bbox 268 775 383 835; x_wconf 91' lang='lat' dir='ltr'><strong>Nec</strong></span> <span class='ocrx_word' id='word_1_32' title='bbox 404 789 601 835; x_wconf 91' lang='lat' dir='ltr'><strong>notum</strong></span> <span class='ocrx_word' id='word_1_33' title='bbox 633 775 791 835; x_wconf 88' lang='lat' dir='ltr'><strong>terris</strong></span> <span class='ocrx_word' id='word_1_34' title='bbox 822 799 944 837; x_wconf 85' lang='lat' dir='ltr'><strong>area</strong></span> <span class='ocrx_word' id='word_1_35' title='bbox 969 798 1172 837; x_wconf 89' lang='lat' dir='ltr'><strong>nomen</strong></span> <span class='ocrx_word' id='word_1_36' title='bbox 1202 789 1334 836; x_wconf 88' lang='lat' dir='ltr'><strong>erat.</strong></span> 
     </span>
     <span class='ocr_line' id='line_1_9' title="bbox 187 868 1643 955; baseline 0.002 -25"><span class='ocrx_word' id='word_1_37' title='bbox 187 869 298 931; x_wconf 88' lang='lat' dir='ltr'><strong>Sed</strong></span> <span class='ocrx_word' id='word_1_38' title='bbox 325 868 579 950; x_wconf 85' lang='lat' dir='ltr'><strong>glandem</strong></span> <span class='ocrx_word' id='word_1_39' title='bbox 610 896 870 955; x_wconf 78' lang='lat' dir='ltr'><strong>quercuS,</strong></span> <span class='ocrx_word' id='word_1_40' title='bbox 897 872 1117 934; x_wconf 88' lang='lat' dir='ltr'><strong>oracula</strong></span> <span class='ocrx_word' id='word_1_41' title='bbox 1144 872 1347 955; x_wconf 87' lang='lat' dir='ltr'><strong>prima,</strong></span> <span class='ocrx_word' id='word_1_42' title='bbox 1380 872 1643 934; x_wconf 88' lang='lat' dir='ltr'><strong>ferebant.</strong></span> 
     </span>
     <span class='ocr_line' id='line_1_10' title="bbox 268 967 1973 1053; baseline 0.003 -25"><span class='ocrx_word' id='word_1_43' title='bbox 268 967 401 1029; x_wconf 87' lang='lat' dir='ltr'><strong>Haec</strong></span> <span class='ocrx_word' id='word_1_44' title='bbox 430 983 573 1042; x_wconf 89' lang='lat' dir='ltr'><strong>erat,</strong></span> <span class='ocrx_word' id='word_1_45' title='bbox 603 984 658 1030; x_wconf 91' lang='lat' dir='ltr'><strong>et</strong></span> <span class='ocrx_word' id='word_1_46' title='bbox 688 970 862 1031; x_wconf 91' lang='lat' dir='ltr'><strong>teneri</strong></span> <span class='ocrx_word' id='word_1_47' title='bbox 891 969 1115 1053; x_wconf 89' lang='lat' dir='ltr'><strong>cespitis</strong></span> <span class='ocrx_word' id='word_1_48' title='bbox 1143 968 1349 1041; x_wconf 89' lang='lat' dir='ltr'><strong>herba,</strong></span> <span class='ocrx_word' id='word_1_49' title='bbox 1382 970 1557 1033; x_wconf 79' lang='lat' dir='ltr'><strong>cibus,</strong></span> <span class='ocrx_word' id='word_1_50' title='bbox 1926 1004 1973 1033; x_wconf 80' lang='grc' dir='ltr'><strong>ιο</strong></span> 
     </span>
     <span class='ocr_line' id='line_1_11' title="bbox 185 1062 1637 1146; baseline 0.003 -23"><span class='ocrx_word' id='word_1_51' title='bbox 185 1062 371 1124; x_wconf 89' lang='lat' dir='ltr'><strong>Prima</strong></span> <span class='ocrx_word' id='word_1_52' title='bbox 402 1065 567 1127; x_wconf 90' lang='lat' dir='ltr'><strong>Ceres</strong></span> <span class='ocrx_word' id='word_1_53' title='bbox 598 1065 789 1127; x_wconf 88' lang='lat' dir='ltr'><strong>docuit</strong></span> <span class='ocrx_word' id='word_1_54' title='bbox 818 1082 1126 1145; x_wconf 85' lang='lat' dir='ltr'><strong>turgescere</strong></span> <span class='ocrx_word' id='word_1_55' title='bbox 1158 1089 1343 1127; x_wconf 90' lang='lat' dir='ltr'><strong>semen</strong></span> <span class='ocrx_word' id='word_1_56' title='bbox 1373 1066 1431 1126; x_wconf 92' lang='lat' dir='ltr'><strong>in</strong></span> <span class='ocrx_word' id='word_1_57' title='bbox 1457 1068 1637 1146; x_wconf 85' lang='lat' dir='ltr'><strong>agris;</strong></span> 
     </span>
     <span class='ocr_line' id='line_1_12' title="bbox 267 1158 1386 1245; baseline 0.003 -25"><span class='ocrx_word' id='word_1_58' title='bbox 267 1158 426 1222; x_wconf 87' lang='lat' dir='ltr'><strong>Falce</strong></span> <span class='ocrx_word' id='word_1_59' title='bbox 458 1160 730 1222; x_wconf 88' lang='lat' dir='ltr'><strong>coloratas</strong></span> <span class='ocrx_word' id='word_1_60' title='bbox 760 1162 1155 1245; x_wconf 85' lang='lat' dir='ltr'><strong>subsecuitque</strong></span> <span class='ocrx_word' id='word_1_61' title='bbox 1184 1186 1386 1223; x_wconf 79' lang='lat' dir='ltr'><strong>comaS.</strong></span> 
     </span>
     <span class='ocr_line' id='line_1_13' title="bbox 187 1254 1522 1341; baseline 0.003 -27"><span class='ocrx_word' id='word_1_62' title='bbox 187 1254 375 1316; x_wconf 90' lang='lat' dir='ltr'><strong>Prima</strong></span> <span class='ocrx_word' id='word_1_63' title='bbox 398 1256 534 1338; x_wconf 91' lang='lat' dir='ltr'><strong>jugo</strong></span> <span class='ocrx_word' id='word_1_64' title='bbox 567 1272 754 1319; x_wconf 88' lang='lat' dir='ltr'><strong>tauros</strong></span> <span class='ocrx_word' id='word_1_65' title='bbox 784 1268 1099 1341; x_wconf 90' lang='lat' dir='ltr'><strong>supponere</strong></span> <span class='ocrx_word' id='word_1_66' title='bbox 1134 1258 1276 1319; x_wconf 88' lang='lat' dir='ltr'><strong>colla</strong></span> <span class='ocrx_word' id='word_1_67' title='bbox 1307 1258 1522 1335; x_wconf 79' lang='lat' dir='ltr'><strong>coegit3</strong></span> 
     </span>
     <span class='ocr_line' id='line_1_14' title="bbox 267 1359 1519 1422; baseline 0.001 -4"><span class='ocrx_word' id='word_1_68' title='bbox 267 1359 344 1418; x_wconf 86' lang='lat' dir='ltr'><strong>Et</strong></span> <span class='ocrx_word' id='word_1_69' title='bbox 371 1372 609 1421; x_wconf 88' lang='lat' dir='ltr'><strong>veterem</strong></span> <span class='ocrx_word' id='word_1_70' title='bbox 639 1384 806 1420; x_wconf 90' lang='lat' dir='ltr'><strong>curvo</strong></span> <span class='ocrx_word' id='word_1_71' title='bbox 840 1359 1001 1421; x_wconf 87' lang='lat' dir='ltr'><strong>dente</strong></span> <span class='ocrx_word' id='word_1_72' title='bbox 1030 1359 1243 1422; x_wconf 88' lang='lat' dir='ltr'><strong>revellit</strong></span> <span class='ocrx_word' id='word_1_73' title='bbox 1272 1361 1519 1420; x_wconf 90' lang='lat' dir='ltr'><strong>humum.</strong></span> 
     </span>
     <span class='ocr_line' id='line_1_15' title="bbox 189 1459 1977 1545; baseline 0.003 -26"><span class='ocrx_word' id='word_1_74' title='bbox 189 1459 348 1521; x_wconf 88' lang='lat' dir='ltr'><strong>Hanc</strong></span> <span class='ocrx_word' id='word_1_75' title='bbox 379 1460 673 1545; x_wconf 89' lang='lat' dir='ltr'><strong>quisquam</strong></span> <span class='ocrx_word' id='word_1_76' title='bbox 700 1460 938 1523; x_wconf 88' lang='lat' dir='ltr'><strong>lacrimis</strong></span> <span class='ocrx_word' id='word_1_77' title='bbox 967 1460 1138 1523; x_wconf 88' lang='lat' dir='ltr'><strong>laetari</strong></span> <span class='ocrx_word' id='word_1_78' title='bbox 1169 1462 1343 1523; x_wconf 89' lang='lat' dir='ltr'><strong>credit</strong></span> <span class='ocrx_word' id='word_1_79' title='bbox 1372 1477 1678 1534; x_wconf 86' lang='lat' dir='ltr'><strong>amantum,</strong></span> <span class='ocrx_word' id='word_1_80' title='bbox 1929 1484 1977 1525; x_wconf 76' lang='lat'><strong>15</strong></span> 
     </span>
    </p>
   </div>
   <div class='ocr_carea' id='block_1_7' title="bbox 271 1564 1412 1649">
    <p class='ocr_par' dir='ltr' id='par_1_7' title="bbox 271 1564 1412 1649">
     <span class='ocr_line' id='line_1_16' title="bbox 271 1564 1412 1649; baseline 0.003 -25"><span class='ocrx_word' id='word_1_81' title='bbox 271 1565 347 1624; x_wconf 89' lang='lat' dir='ltr'><strong>Et</strong></span> <span class='ocrx_word' id='word_1_82' title='bbox 370 1564 513 1627; x_wconf 90' lang='lat' dir='ltr'><strong>bene</strong></span> <span class='ocrx_word' id='word_1_83' title='bbox 544 1566 836 1627; x_wconf 89' lang='lat' dir='ltr'><strong>tormentis</strong></span> <span class='ocrx_word' id='word_1_84' title='bbox 865 1566 1230 1649; x_wconf 89' lang='lat' dir='ltr'><strong>secubituque</strong></span> <span class='ocrx_word' id='word_1_85' title='bbox 1262 1566 1412 1627; x_wconf 87' lang='lat' dir='ltr'><strong>coli?</strong></span> 
     </span>
    </p>
   </div>
   <div class='ocr_carea' id='block_1_8' title="bbox 192 1667 1677 1751">
    <p class='ocr_par' dir='ltr' id='par_1_8' title="bbox 192 1667 1677 1751">
     <span class='ocr_line' id='line_1_17' title="bbox 192 1667 1677 1751; baseline 0.002 -24"><span class='ocrx_word' id='word_1_86' title='bbox 192 1667 308 1727; x_wconf 89' lang='lat' dir='ltr'><strong>Nec</strong></span> <span class='ocrx_word' id='word_1_87' title='bbox 339 1681 521 1729; x_wconf 88' lang='lat' dir='ltr'><strong>tamen</strong></span> <span class='ocrx_word' id='word_1_88' title='bbox 549 1682 659 1742; x_wconf 88' lang='lat' dir='ltr'><strong>est,</strong></span> <span class='ocrx_word' id='word_1_89' title='bbox 687 1670 935 1751; x_wconf 86' lang='lat' dir='ltr'><strong>quamvis</strong></span> <span class='ocrx_word' id='word_1_90' title='bbox 963 1693 1127 1748; x_wconf 83' lang='lat' dir='ltr'><strong>agros</strong></span> <span class='ocrx_word' id='word_1_91' title='bbox 1154 1682 1298 1729; x_wconf 89' lang='lat' dir='ltr'><strong>amet</strong></span> <span class='ocrx_word' id='word_1_92' title='bbox 1324 1667 1420 1729; x_wconf 90' lang='lat' dir='ltr'><strong>illa</strong></span> <span class='ocrx_word' id='word_1_93' title='bbox 1447 1668 1677 1742; x_wconf 77' lang='lat' dir='ltr'><strong>feraceS,</strong></span> 
     </span>
    </p>
   </div>
   <div class='ocr_carea' id='block_1_9' title="bbox 160 1840 1055 3461">
    <p class='ocr_par' dir='ltr' id='par_1_9' title="bbox 193 1840 1046 2033">
     <span class='ocr_line' id='line_1_18' title="bbox 193 1840 1044 1897; baseline 0.002 -13"><span class='ocrx_word' id='word_1_94' title='bbox 193 1841 300 1885; x_wconf 86' lang='lat' dir='ltr'><strong>reris</strong></span> <span class='ocrx_word' id='word_1_95' title='bbox 321 1849 468 1885; x_wconf 87' lang='lat' dir='ltr'><strong>autem</strong></span> <span class='ocrx_word' id='word_1_96' title='bbox 482 1858 648 1886; x_wconf 85' lang='lat' dir='ltr'><strong>nomen</strong></span> <span class='ocrx_word' id='word_1_97' title='bbox 673 1840 854 1897; x_wconf 82' lang='lat' dir='ltr'><strong>Cicero,</strong></span> <span class='ocrx_word' id='word_1_98' title='bbox 873 1842 926 1886; x_wconf 88' lang='lat' dir='ltr'><strong>de</strong></span> <span class='ocrx_word' id='word_1_99' title='bbox 944 1843 1044 1887; x_wconf 88' lang='lat' dir='ltr'><strong>Nat.</strong></span> 
     </span>
     <span class='ocr_line' id='line_1_19' title="bbox 193 1907 1046 1966; baseline 0.001 -15"><span class='ocrx_word' id='word_1_100' title='bbox 193 1907 327 1952; x_wconf 90' lang='lat' dir='ltr'><strong>Deor.</strong></span> <span class='ocrx_word' id='word_1_101' title='bbox 339 1921 377 1951; x_wconf 92' lang='lat'><strong>11</strong></span> <span class='ocrx_word' id='word_1_102' title='bbox 389 1941 400 1963; x_wconf 93' lang='lat'><strong><em>‚</em></strong></span> <span class='ocrx_word' id='word_1_103' title='bbox 414 1925 437 1952; x_wconf 90' lang='lat' dir='ltr'><strong>a</strong></span> <span class='ocrx_word' id='word_1_104' title='bbox 448 1925 587 1964; x_wconf 71' lang='lat' dir='ltr'><strong>gerere</strong></span> <span class='ocrx_word' id='word_1_105' title='bbox 595 1908 687 1953; x_wconf 87' lang='lat' dir='ltr'><strong>vult</strong></span> <span class='ocrx_word' id='word_1_106' title='bbox 695 1907 881 1953; x_wconf 80' lang='lat' dir='ltr'><strong>derivari</strong></span> <span class='ocrx_word' id='word_1_107' title='bbox 897 1926 906 1962; x_wconf 90' lang='lat'><strong>;</strong></span> <span class='ocrx_word' id='word_1_108' title='bbox 921 1909 1046 1966; x_wconf 82' lang='lat' dir='ltr'><strong>quasi</strong></span> 
     </span>
     <span class='ocr_line' id='line_1_20' title="bbox 193 1975 652 2033; baseline 0.002 -15"><span class='ocrx_word' id='word_1_109' title='bbox 193 1991 216 2018; x_wconf 84' lang='lat' dir='ltr'><strong>a</strong></span> <span class='ocrx_word' id='word_1_110' title='bbox 235 1977 425 2031; x_wconf 70' lang='lat' dir='ltr'><strong>gerendis</strong></span> <span class='ocrx_word' id='word_1_111' title='bbox 443 1975 652 2033; x_wconf 81' lang='lat' dir='ltr'><strong>frugibus·</strong></span> 
     </span>
    </p>

    <p class='ocr_par' dir='ltr' id='par_1_10' title="bbox 187 2039 1046 2223">
     <span class='ocr_line' id='line_1_21' title="bbox 249 2039 1042 2096; baseline 0.005 -15"><span class='ocrx_word' id='word_1_112' title='bbox 249 2039 285 2082; x_wconf 88' lang='lat'><strong>5.</strong></span> <span class='ocrx_word' id='word_1_113' title='bbox 321 2040 479 2082; x_wconf 78' lang='lat' dir='ltr'><strong>Gentes</strong></span> <span class='ocrx_word' id='word_1_114' title='bbox 496 2042 750 2096; x_wconf 68' lang='lat' dir='ltr'><strong>ubicumque.</strong></span> <span class='ocrx_word' id='word_1_115' title='bbox 769 2040 1042 2095; x_wconf 68' lang='lat' dir='ltr'><strong>pateamus,</strong></span> 
     </span>
     <span class='ocr_line' id='line_1_22' title="bbox 187 2103 1046 2162; baseline 0.002 -16"><span class='ocrx_word' id='word_1_116' title='bbox 187 2104 269 2146; x_wconf 78' lang='lat' dir='ltr'><strong>ubi</strong></span> <span class='ocrx_word' id='word_1_117' title='bbox 291 2119 456 2160; x_wconf 77' lang='lat' dir='ltr'><strong>queque</strong></span> <span class='ocrx_word' id='word_1_118' title='bbox 479 2119 492 2146; x_wconf 89' lang='lat'><strong>.·</strong></span> <span class='ocrx_word' id='word_1_119' title='bbox 521 2103 638 2161; x_wconf 89' lang='lat' dir='ltr'><strong>quod</strong></span> <span class='ocrx_word' id='word_1_120' title='bbox 674 2103 744 2147; x_wconf 84' lang='lat' dir='ltr'><strong>hic</strong></span> <span class='ocrx_word' id='word_1_121' title='bbox 779 2103 1046 2162; x_wconf 82' lang='lat' dir='ltr'><strong>adprobabat</strong></span> 
     </span>
     <span class='ocr_line' id='line_1_23' title="bbox 192 2165 1044 2223; baseline 0.004 -14"><span class='ocrx_word' id='word_1_122' title='bbox 192 2165 298 2210; x_wconf 89' lang='lat' dir='ltr'><strong>olim</strong></span> <span class='ocrx_word' id='word_1_123' title='bbox 313 2166 522 2212; x_wconf 82' lang='lat' dir='ltr'><strong>Heinsius</strong></span> <span class='ocrx_word' id='word_1_124' title='bbox 544 2183 555 2212; x_wconf 72' lang='grc' dir='ltr'><strong><em>ι</em></strong></span> <span class='ocrx_word' id='word_1_125' title='bbox 577 2167 655 2211; x_wconf 88' lang='lat' dir='ltr'><strong>sed</strong></span> <span class='ocrx_word' id='word_1_126' title='bbox 674 2167 728 2211; x_wconf 89' lang='lat' dir='ltr'><strong>ad</strong></span> <span class='ocrx_word' id='word_1_127' title='bbox 751 2182 787 2211; x_wconf 91' lang='lat'><strong>11</strong></span> <span class='ocrx_word' id='word_1_128' title='bbox 800 2202 812 2223; x_wconf 91' lang='lat'>‚</span> <span class='ocrx_word' id='word_1_129' title='bbox 831 2169 928 2212; x_wconf 85' lang='lat' dir='ltr'><strong>Art.</strong></span> <span class='ocrx_word' id='word_1_130' title='bbox 944 2168 1044 2212; x_wconf 88' lang='lat' dir='ltr'><strong>Am.</strong></span> 
     </span>
    </p>

    <p class='ocr_par' dir='ltr' id='par_1_11' title="bbox 160 2233 1048 2482">
     <span class='ocr_line' id='line_1_24' title="bbox 193 2233 1046 2292; baseline 0.004 -16"><span class='ocrx_word' id='word_1_131' title='bbox 193 2234 272 2291; x_wconf 80' lang='lat'><strong>627</strong></span> <span class='ocrx_word' id='word_1_132' title='bbox 291 2266 302 2288; x_wconf 90' lang='lat'><strong>,</strong></span> <span class='ocrx_word' id='word_1_133' title='bbox 332 2233 406 2278; x_wconf 87' lang='lat' dir='ltr'><strong>ubi</strong></span> <span class='ocrx_word' id='word_1_134' title='bbox 428 2233 584 2278; x_wconf 88' lang='lat' dir='ltr'><strong>eadem</strong></span> <span class='ocrx_word' id='word_1_135' title='bbox 605 2243 670 2279; x_wconf 82' lang='lat' dir='ltr'><strong>est</strong></span> <span class='ocrx_word' id='word_1_136' title='bbox 689 2235 872 2278; x_wconf 81' lang='lat' dir='ltr'><strong>varietas</strong></span> <span class='ocrx_word' id='word_1_137' title='bbox 889 2268 900 2289; x_wconf 90' lang='lat'><strong>,</strong></span> <span class='ocrx_word' id='word_1_138' title='bbox 924 2251 1046 2292; x_wconf 77' lang='lat' dir='ltr'><strong>prae-</strong></span> 
     </span>
     <span class='ocr_line' id='line_1_25' title="bbox 160 2296 1048 2355; baseline 0.005 -16"><span class='ocrx_word' id='word_1_139' title='bbox 160 2296 164 2299; x_wconf 62' lang='grc'><em>’</em></span> <span class='ocrx_word' id='word_1_140' title='bbox 194 2296 293 2340; x_wconf 83' lang='lat' dir='ltr'><strong>tulit</strong></span> <span class='ocrx_word' id='word_1_141' title='bbox 302 2301 558 2355; x_wconf 71' lang='lat' dir='ltr'><strong>ubicumque.</strong></span> <span class='ocrx_word' id='word_1_142' title='bbox 574 2299 865 2343; x_wconf 84' lang='lat' dir='ltr'><strong>Farnesianus</strong></span> <span class='ocrx_word' id='word_1_143' title='bbox 885 2299 955 2343; x_wconf 85' lang='lat' dir='ltr'><strong>hic</strong></span> <span class='ocrx_word' id='word_1_144' title='bbox 971 2300 1048 2343; x_wconf 84' lang='lat' dir='ltr'><strong>ha-</strong></span> 
     </span>
     <span class='ocr_line' id='line_1_26' title="bbox 195 2361 1048 2420; baseline 0.005 -16"><span class='ocrx_word' id='word_1_145' title='bbox 195 2361 269 2405; x_wconf 84' lang='lat' dir='ltr'><strong>bet</strong></span> <span class='ocrx_word' id='word_1_146' title='bbox 281 2393 292 2415; x_wconf 90' lang='lat'><strong>,</strong></span> <span class='ocrx_word' id='word_1_147' title='bbox 301 2368 442 2417; x_wconf 74' lang='lat' dir='ltr'><strong>gentes</strong></span> <span class='ocrx_word' id='word_1_148' title='bbox 454 2379 734 2419; x_wconf 71' lang='lat' dir='ltr'><strong>quecumque:</strong></span> <span class='ocrx_word' id='word_1_149' title='bbox 746 2363 805 2407; x_wconf 89' lang='lat' dir='ltr'><strong>sic</strong></span> <span class='ocrx_word' id='word_1_150' title='bbox 818 2363 934 2420; x_wconf 89' lang='lat' dir='ltr'><strong>apud</strong></span> <span class='ocrx_word' id='word_1_151' title='bbox 945 2365 1048 2408; x_wconf 85' lang='lat' dir='ltr'><strong>Vir-</strong></span> 
     </span>
     <span class='ocr_line' id='line_1_27' title="bbox 199 2423 881 2482; baseline 0.007 -16"><span class='ocrx_word' id='word_1_152' title='bbox 199 2423 350 2480; x_wconf 83' lang='lat' dir='ltr'><strong>gilium</strong></span> <span class='ocrx_word' id='word_1_153' title='bbox 371 2424 441 2469; x_wconf 61' lang='lat' dir='ltr'><strong>libss</strong></span> <span class='ocrx_word' id='word_1_154' title='bbox 458 2440 527 2470; x_wconf 85' lang='lat' dir='ltr'><strong>vn</strong></span> <span class='ocrx_word' id='word_1_155' title='bbox 539 2459 551 2481; x_wconf 92' lang='lat'><strong>,</strong></span> <span class='ocrx_word' id='word_1_156' title='bbox 575 2426 753 2473; x_wconf 81' lang='lat' dir='ltr'><strong>AEneid.</strong></span> <span class='ocrx_word' id='word_1_157' title='bbox 773 2429 881 2482; x_wconf 79' lang='lat'>400:</span> 
     </span>
    </p>

    <p class='ocr_par' dir='ltr' id='par_1_12' title="bbox 268 2494 1025 2537">
     <span class='ocr_line' id='line_1_28' title="bbox 325 2494 1025 2537; baseline 0.004 -12.774"><span class='ocrx_word' id='word_1_158' title='bbox 325 2494 363 2525; x_wconf 87' lang='grc' dir='ltr'><strong>ῐο</strong></span> <span class='ocrx_word' id='word_1_159' title='bbox 375 2501 493 2525; x_wconf 74' lang='lat' dir='ltr'><strong>matres</strong></span> <span class='ocrx_word' id='word_1_160' title='bbox 504 2494 612 2526; x_wconf 73' lang='lat' dir='ltr'><strong>audite</strong></span> <span class='ocrx_word' id='word_1_161' title='bbox 627 2495 825 2537; x_wconf 80' lang='lat' dir='ltr'><strong>ubicumque</strong></span> <span class='ocrx_word' id='word_1_162' title='bbox 836 2496 971 2527; x_wconf 66' lang='lat' dir='ltr'><strong>Latine.</strong></span> <span class='ocrx_word' id='word_1_163' title='bbox 986 2496 1025 2527; x_wconf 87' lang='lat' dir='ltr'><strong>B.</strong></span> 
     </span>
    </p>

    <p class='ocr_par' dir='ltr' id='par_1_13' title="bbox 199 2554 1051 2794">
     <span class='ocr_line' id='line_1_29' title="bbox 254 2554 1050 2612; baseline 0.005 -15"><span class='ocrx_word' id='word_1_164' title='bbox 254 2554 294 2597; x_wconf 80' lang='lat'><strong>6.</strong></span> <span class='ocrx_word' id='word_1_165' title='bbox 315 2556 404 2598; x_wconf 89' lang='lat' dir='ltr'><strong>Nec</strong></span> <span class='ocrx_word' id='word_1_166' title='bbox 422 2558 559 2598; x_wconf 80' lang='lat' dir='ltr'><strong>minus</strong></span> <span class='ocrx_word' id='word_1_167' title='bbox 575 2557 767 2600; x_wconf 73' lang='lat' dir='ltr'><strong>humanis</strong></span> <span class='ocrx_word' id='word_1_168' title='bbox 787 2565 866 2601; x_wconf 91' lang='lat' dir='ltr'><strong>etc.</strong></span> <span class='ocrx_word' id='word_1_169' title='bbox 891 2556 1050 2612; x_wconf 86' lang='lat' dir='ltr'><strong>Quum</strong></span> 
     </span>
     <span class='ocr_line' id='line_1_30' title="bbox 201 2621 1050 2679; baseline 0.004 -15"><span class='ocrx_word' id='word_1_170' title='bbox 201 2621 298 2665; x_wconf 88' lang='lat' dir='ltr'><strong>Dea</strong></span> <span class='ocrx_word' id='word_1_171' title='bbox 318 2621 371 2665; x_wconf 90' lang='lat' dir='ltr'><strong>sit</strong></span> <span class='ocrx_word' id='word_1_172' title='bbox 385 2621 504 2665; x_wconf 90' lang='lat' dir='ltr'><strong>nulla</strong></span> <span class='ocrx_word' id='word_1_173' title='bbox 515 2638 611 2679; x_wconf 84' lang='lat' dir='ltr'><strong>quae</strong></span> <span class='ocrx_word' id='word_1_174' title='bbox 631 2621 836 2666; x_wconf 78' lang='lat' dir='ltr'><strong>humanae</strong></span> <span class='ocrx_word' id='word_1_175' title='bbox 857 2622 1050 2667; x_wconf 80' lang='lat' dir='ltr'><strong>felicitati</strong></span> 
     </span>
     <span class='ocr_line' id='line_1_31' title="bbox 201 2687 1051 2742; baseline 0.002 -14"><span class='ocrx_word' id='word_1_176' title='bbox 201 2689 337 2729; x_wconf 77' lang='lat' dir='ltr'><strong>minus</strong></span> <span class='ocrx_word' id='word_1_177' title='bbox 353 2689 553 2737; x_wconf 57' lang='lat' dir='ltr'><strong>masticat,</strong></span> <span class='ocrx_word' id='word_1_178' title='bbox 580 2687 675 2742; x_wconf 87' lang='lat' dir='ltr'><strong>quis</strong></span> <span class='ocrx_word' id='word_1_179' title='bbox 691 2687 808 2729; x_wconf 90' lang='lat' dir='ltr'><strong>illam</strong></span> <span class='ocrx_word' id='word_1_180' title='bbox 824 2696 1051 2730; x_wconf 81' lang='lat' dir='ltr'><strong>amantum</strong></span> 
     </span>
     <span class='ocr_line' id='line_1_32' title="bbox 199 2748 744 2794; baseline 0.004 -2"><span class='ocrx_word' id='word_1_181' title='bbox 199 2748 384 2794; x_wconf 82' lang='lat' dir='ltr'><strong>lacrimis</strong></span> <span class='ocrx_word' id='word_1_182' title='bbox 404 2750 539 2794; x_wconf 82' lang='lat' dir='ltr'><strong>laetari</strong></span> <span class='ocrx_word' id='word_1_183' title='bbox 560 2749 744 2794; x_wconf 86' lang='lat' dir='ltr'><strong>credat?</strong></span> 
     </span>
    </p>

    <p class='ocr_par' dir='ltr' id='par_1_14' title="bbox 199 2815 1051 3139">
     <span class='ocr_line' id='line_1_33' title="bbox 254 2815 1051 2877; baseline 0.005 -18"><span class='ocrx_word' id='word_1_184' title='bbox 254 2815 291 2874; x_wconf 72' lang='grc'><strong>’7.</strong></span> <span class='ocrx_word' id='word_1_185' title='bbox 320 2816 454 2868; x_wconf 79' lang='lat' dir='ltr'><strong>Ante,</strong></span> <span class='ocrx_word' id='word_1_186' title='bbox 481 2834 556 2860; x_wconf 83' lang='lat' dir='ltr'><strong>nec</strong></span> <span class='ocrx_word' id='word_1_187' title='bbox 586 2820 835 2862; x_wconf 77' lang='lat' dir='ltr'><strong>ht&#39;rsutietc.</strong></span> <span class='ocrx_word' id='word_1_188' title='bbox 868 2821 1051 2877; x_wconf 78' lang='lat' dir='ltr'><strong>Mumfi-</strong></span> 
     </span>
     <span class='ocr_line' id='line_1_34' title="bbox 199 2881 1051 2935; baseline 0.006 -11"><span class='ocrx_word' id='word_1_189' title='bbox 199 2899 292 2924; x_wconf 76' lang='lat' dir='ltr'><strong>cam</strong></span> <span class='ocrx_word' id='word_1_190' title='bbox 323 2881 456 2935; x_wconf 82' lang='lat' dir='ltr'><strong>dixit3</strong></span> <span class='ocrx_word' id='word_1_191' title='bbox 480 2882 592 2927; x_wconf 89' lang='lat' dir='ltr'><strong>illius</strong></span> <span class='ocrx_word' id='word_1_192' title='bbox 620 2899 740 2926; x_wconf 88' lang='lat' dir='ltr'><strong>nunc</strong></span> <span class='ocrx_word' id='word_1_193' title='bbox 769 2901 939 2927; x_wconf 81' lang='lat' dir='ltr'><strong>munera</strong></span> <span class='ocrx_word' id='word_1_194' title='bbox 967 2901 1051 2929; x_wconf 88' lang='lat' dir='ltr'><strong>co—</strong></span> 
     </span>
     <span class='ocr_line' id='line_1_35' title="bbox 201 2947 1049 3008; baseline 0.006 -19"><span class='ocrx_word' id='word_1_195' title='bbox 201 2947 359 3003; x_wconf 85' lang='lat' dir='ltr'><strong>piosius</strong></span> <span class='ocrx_word' id='word_1_196' title='bbox 372 2949 562 3005; x_wconf 88' lang='lat' dir='ltr'><strong>exponit,</strong></span> <span class='ocrx_word' id='word_1_197' title='bbox 577 2949 695 2992; x_wconf 89' lang='lat' dir='ltr'><strong>unde</strong></span> <span class='ocrx_word' id='word_1_198' title='bbox 705 2949 876 3008; x_wconf 85' lang='lat' dir='ltr'><strong>colligat</strong></span> <span class='ocrx_word' id='word_1_199' title='bbox 889 2950 1049 3007; x_wconf 89' lang='lat' dir='ltr'><strong>Deam,</strong></span> 
     </span>
     <span class='ocr_line' id='line_1_36' title="bbox 203 3014 1048 3074; baseline 0.006 -18"><span class='ocrx_word' id='word_1_200' title='bbox 203 3029 298 3070; x_wconf 84' lang='lat' dir='ltr'><strong>quae</strong></span> <span class='ocrx_word' id='word_1_201' title='bbox 321 3022 384 3057; x_wconf 90' lang='lat' dir='ltr'><strong>tot</strong></span> <span class='ocrx_word' id='word_1_202' title='bbox 404 3014 606 3059; x_wconf 89' lang='lat' dir='ltr'><strong>homines</strong></span> <span class='ocrx_word' id='word_1_203' title='bbox 627 3015 864 3060; x_wconf 85' lang='lat' dir='ltr'><strong>cumulavit</strong></span> <span class='ocrx_word' id='word_1_204' title='bbox 890 3017 1015 3061; x_wconf 87' lang='lat' dir='ltr'><strong>donis</strong></span> <span class='ocrx_word' id='word_1_205' title='bbox 1036 3051 1048 3074; x_wconf 89' lang='lat'><strong>,</strong></span> 
     </span>
     <span class='ocr_line' id='line_1_37' title="bbox 203 3075 975 3139; baseline 0.004 -15"><span class='ocrx_word' id='word_1_206' title='bbox 203 3096 296 3124; x_wconf 88' lang='lat' dir='ltr'><strong>non</strong></span> <span class='ocrx_word' id='word_1_207' title='bbox 317 3097 415 3125; x_wconf 87' lang='lat' dir='ltr'><strong>eam</strong></span> <span class='ocrx_word' id='word_1_208' title='bbox 434 3097 523 3125; x_wconf 90' lang='lat' dir='ltr'><strong>esse</strong></span> <span class='ocrx_word' id='word_1_209' title='bbox 546 3098 642 3139; x_wconf 84' lang='lat' dir='ltr'><strong>quae</strong></span> <span class='ocrx_word' id='word_1_210' title='bbox 657 3115 668 3137; x_wconf 91' lang='lat'><strong>,</strong></span> <span class='ocrx_word' id='word_1_211' title='bbox 693 3092 774 3126; x_wconf 87' lang='lat' dir='ltr'><strong>etc.</strong></span> <span class='ocrx_word' id='word_1_212' title='bbox 972 3075 975 3079; x_wconf 12' lang='lat' dir='ltr'><strong>i</strong></span> 
     </span>
    </p>

    <p class='ocr_par' dir='ltr' id='par_1_15' title="bbox 203 3149 1055 3461">
     <span class='ocr_line' id='line_1_38' title="bbox 258 3149 1053 3193; baseline 0.005 -4"><span class='ocrx_word' id='word_1_213' title='bbox 258 3149 296 3190; x_wconf 88' lang='lat'><strong>8.</strong></span> <span class='ocrx_word' id='word_1_214' title='bbox 338 3149 428 3191; x_wconf 80' lang='lat' dir='ltr'><strong>Nec</strong></span> <span class='ocrx_word' id='word_1_215' title='bbox 461 3154 599 3190; x_wconf 82' lang='lat' dir='ltr'><strong>uotum</strong></span> <span class='ocrx_word' id='word_1_216' title='bbox 629 3153 750 3190; x_wconf 79' lang='lat' dir='ltr'><strong>terris</strong></span> <span class='ocrx_word' id='word_1_217' title='bbox 776 3165 876 3191; x_wconf 82' lang='lat' dir='ltr'><strong>area</strong></span> <span class='ocrx_word' id='word_1_218' title='bbox 905 3166 1053 3193; x_wconf 81' lang='lat' dir='ltr'><strong>nomen</strong></span> 
     </span>
     <span class='ocr_line' id='line_1_39' title="bbox 203 3211 1048 3269; baseline 0.002 -14"><span class='ocrx_word' id='word_1_219' title='bbox 203 3217 304 3255; x_wconf 83' lang='lat' dir='ltr'><strong>erut.</strong></span> <span class='ocrx_word' id='word_1_220' title='bbox 325 3211 419 3256; x_wconf 81' lang='lat' dir='ltr'><strong>Nec</strong></span> <span class='ocrx_word' id='word_1_221' title='bbox 438 3212 580 3268; x_wconf 88' lang='lat' dir='ltr'><strong>ipsum</strong></span> <span class='ocrx_word' id='word_1_222' title='bbox 600 3212 807 3267; x_wconf 86' lang='lat' dir='ltr'><strong>verbum,</strong></span> <span class='ocrx_word' id='word_1_223' title='bbox 823 3229 910 3269; x_wconf 92' lang='lat' dir='ltr'><strong>quo</strong></span> <span class='ocrx_word' id='word_1_224' title='bbox 925 3230 1048 3266; x_wconf 85' lang='lat' dir='ltr'><strong>area,</strong></span> 
     </span>
     <span class='ocr_line' id='line_1_40' title="bbox 204 3277 1052 3335; baseline 0 -13"><span class='ocrx_word' id='word_1_225' title='bbox 204 3279 323 3322; x_wconf 87' lang='lat' dir='ltr'><strong>locus</strong></span> <span class='ocrx_word' id='word_1_226' title='bbox 350 3277 436 3322; x_wconf 87' lang='lat' dir='ltr'><strong>scil.</strong></span> <span class='ocrx_word' id='word_1_227' title='bbox 463 3278 510 3321; x_wconf 92' lang='lat' dir='ltr'><strong>in</strong></span> <span class='ocrx_word' id='word_1_228' title='bbox 540 3293 626 3334; x_wconf 91' lang='lat' dir='ltr'><strong>quo</strong></span> <span class='ocrx_word' id='word_1_229' title='bbox 657 3278 800 3335; x_wconf 81' lang='lat' dir='ltr'><strong>fruges</strong></span> <span class='ocrx_word' id='word_1_230' title='bbox 821 3287 1052 3334; x_wconf 87' lang='lat' dir='ltr'><strong>teruntur,</strong></span> 
     </span>
     <span class='ocr_line' id='line_1_41' title="bbox 209 3339 1055 3398; baseline 0.001 -13"><span class='ocrx_word' id='word_1_231' title='bbox 209 3357 329 3385; x_wconf 89' lang='lat' dir='ltr'><strong>nunc</strong></span> <span class='ocrx_word' id='word_1_232' title='bbox 351 3339 627 3398; x_wconf 86' lang='lat' dir='ltr'><strong>designatur,</strong></span> <span class='ocrx_word' id='word_1_233' title='bbox 649 3350 808 3384; x_wconf 89' lang='lat' dir='ltr'><strong>notum</strong></span> <span class='ocrx_word' id='word_1_234' title='bbox 837 3351 942 3385; x_wconf 85' lang='lat' dir='ltr'><strong>erat.</strong></span> <span class='ocrx_word' id='word_1_235' title='bbox 967 3343 1055 3386; x_wconf 81' lang='lat' dir='ltr'><strong>Res</strong></span> 
     </span>
     <span class='ocr_line' id='line_1_42' title="bbox 211 3404 1053 3461; baseline 0.004 -14"><span class='ocrx_word' id='word_1_236' title='bbox 211 3404 331 3448; x_wconf 70' lang='lat' dir='ltr'><strong>onim</strong></span> <span class='ocrx_word' id='word_1_237' title='bbox 347 3405 478 3449; x_wconf 78' lang='lat' dir='ltr'><strong>verba</strong></span> <span class='ocrx_word' id='word_1_238' title='bbox 501 3405 654 3461; x_wconf 82' lang='lat' dir='ltr'><strong>quibus</strong></span> <span class='ocrx_word' id='word_1_239' title='bbox 677 3405 1053 3461; x_wconf 84' lang='lat' dir='ltr'><strong>exprimerentur,</strong></span> 
     </span>
    </p>
   </div>
   <div class='ocr_carea' id='block_1_10' title="bbox 1127 1843 1979 2162">
    <p class='ocr_par' dir='ltr' id='par_1_16' title="bbox 1127 1843 1978 2024">
     <span class='ocr_line' id='line_1_43' title="bbox 1128 1843 1975 1901; baseline 0.001 -15"><span class='ocrx_word' id='word_1_240' title='bbox 1128 1843 1385 1901; x_wconf 82' lang='lat' dir='ltr'><strong>praecessisse</strong></span> <span class='ocrx_word' id='word_1_241' title='bbox 1407 1858 1581 1886; x_wconf 78' lang='lat' dir='ltr'><strong>necesse</strong></span> <span class='ocrx_word' id='word_1_242' title='bbox 1593 1850 1671 1886; x_wconf 86' lang='lat' dir='ltr'><strong>est.</strong></span> <span class='ocrx_word' id='word_1_243' title='bbox 1682 1843 1840 1898; x_wconf 83' lang='lat' dir='ltr'><strong>Porro,</strong></span> <span class='ocrx_word' id='word_1_244' title='bbox 1854 1859 1975 1887; x_wconf 84' lang='lat' dir='ltr'><strong>mor-</strong></span> 
     </span>
     <span class='ocr_line' id='line_1_44' title="bbox 1128 1907 1978 1965; baseline 0.002 -14"><span class='ocrx_word' id='word_1_245' title='bbox 1128 1908 1281 1951; x_wconf 85' lang='lat' dir='ltr'><strong>talium</strong></span> <span class='ocrx_word' id='word_1_246' title='bbox 1300 1908 1430 1965; x_wconf 84' lang='lat' dir='ltr'><strong>primi</strong></span> <span class='ocrx_word' id='word_1_247' title='bbox 1452 1907 1673 1951; x_wconf 81' lang='lat' dir='ltr'><strong>frumenta</strong></span> <span class='ocrx_word' id='word_1_248' title='bbox 1690 1907 1978 1965; x_wconf 71' lang='lat' dir='ltr'><strong>satosrange-</strong></span> 
     </span>
     <span class='ocr_line' id='line_1_45' title="bbox 1127 1973 1791 2024; baseline -0.002 -8"><span class='ocrx_word' id='word_1_249' title='bbox 1127 1976 1251 2024; x_wconf 83' lang='lat' dir='ltr'><strong>bant,</strong></span> <span class='ocrx_word' id='word_1_250' title='bbox 1277 1988 1368 2015; x_wconf 90' lang='lat' dir='ltr'><strong>non</strong></span> <span class='ocrx_word' id='word_1_251' title='bbox 1392 1973 1592 2016; x_wconf 81' lang='lat' dir='ltr'><strong>terebant</strong></span> <span class='ocrx_word' id='word_1_252' title='bbox 1613 1973 1658 2015; x_wconf 90' lang='lat' dir='ltr'><strong>in</strong></span> <span class='ocrx_word' id='word_1_253' title='bbox 1678 1990 1791 2015; x_wconf 84' lang='lat' dir='ltr'><strong>area.</strong></span> 
     </span>
    </p>

    <p class='ocr_par' dir='ltr' id='par_1_17' title="bbox 1127 2038 1979 2162">
     <span class='ocr_line' id='line_1_46' title="bbox 1190 2038 1978 2093; baseline 0.001 -14"><span class='ocrx_word' id='word_1_254' title='bbox 1190 2052 1251 2080; x_wconf 86' lang='lat'><strong>10.</strong></span> <span class='ocrx_word' id='word_1_255' title='bbox 1281 2038 1385 2080; x_wconf 82' lang='lat' dir='ltr'><strong>Haec</strong></span> <span class='ocrx_word' id='word_1_256' title='bbox 1408 2041 1547 2086; x_wconf 75' lang='lat' dir='ltr'><strong>cibus,</strong></span> <span class='ocrx_word' id='word_1_257' title='bbox 1582 2043 1625 2079; x_wconf 87' lang='lat' dir='ltr'><strong>et</strong></span> <span class='ocrx_word' id='word_1_258' title='bbox 1649 2042 1782 2080; x_wconf 84' lang='lat' dir='ltr'><strong>teneri</strong></span> <span class='ocrx_word' id='word_1_259' title='bbox 1808 2042 1978 2093; x_wconf 77' lang='lat' dir='ltr'><strong>cespitis</strong></span> 
     </span>
     <span class='ocr_line' id='line_1_47' title="bbox 1127 2102 1979 2162; baseline -0.001 -18"><span class='ocrx_word' id='word_1_260' title='bbox 1127 2104 1254 2145; x_wconf 86' lang='lat' dir='ltr'><strong>herba</strong></span> <span class='ocrx_word' id='word_1_261' title='bbox 1280 2108 1407 2162; x_wconf 64' lang='lat' dir='ltr'><strong>torus3</strong></span> <span class='ocrx_word' id='word_1_262' title='bbox 1431 2103 1681 2145; x_wconf 84' lang='lat' dir='ltr'><strong>Puteaneus</strong></span> <span class='ocrx_word' id='word_1_263' title='bbox 1703 2119 1806 2146; x_wconf 89' lang='lat' dir='ltr'><strong>cum</strong></span> <span class='ocrx_word' id='word_1_264' title='bbox 1833 2102 1979 2147; x_wconf 75' lang='lat' dir='ltr'><strong>multis</strong></span> 
     </span>
    </p>
   </div>
   <div class='ocr_carea' id='block_1_11' title="bbox 1129 2166 1913 2277">
    <p class='ocr_par' dir='ltr' id='par_1_18' title="bbox 1129 2166 1913 2277">
     <span class='ocr_line' id='line_1_48' title="bbox 1129 2166 1595 2210; baseline 0.002 -2"><span class='ocrx_word' id='word_1_265' title='bbox 1129 2166 1219 2210; x_wconf 84' lang='lat' dir='ltr'><strong>aliis</strong></span> <span class='ocrx_word' id='word_1_266' title='bbox 1240 2166 1431 2210; x_wconf 81' lang='lat' dir='ltr'><strong>melioris</strong></span> <span class='ocrx_word' id='word_1_267' title='bbox 1451 2175 1565 2209; x_wconf 82' lang='lat' dir='ltr'><strong>notae</strong></span> <span class='ocrx_word' id='word_1_268' title='bbox 1585 2183 1595 2210; x_wconf 71' lang='grc' dir='ltr'>ε</span> 
     </span>
     <span class='ocr_line' id='line_1_49' title="bbox 1170 2236 1913 2277; baseline 0.001 -10"><span class='ocrx_word' id='word_1_269' title='bbox 1170 2237 1250 2267; x_wconf 76' lang='lat' dir='ltr'><strong>Hoee</strong></span> <span class='ocrx_word' id='word_1_270' title='bbox 1268 2242 1337 2266; x_wconf 82' lang='lat' dir='ltr'><strong>emt</strong></span> <span class='ocrx_word' id='word_1_271' title='bbox 1353 2259 1363 2274; x_wconf 89' lang='lat'><strong>,</strong></span> <span class='ocrx_word' id='word_1_272' title='bbox 1387 2244 1418 2267; x_wconf 81' lang='lat' dir='ltr'><strong>et</strong></span> <span class='ocrx_word' id='word_1_273' title='bbox 1437 2236 1536 2266; x_wconf 82' lang='lat' dir='ltr'><strong>teneri</strong></span> <span class='ocrx_word' id='word_1_274' title='bbox 1551 2237 1683 2277; x_wconf 75' lang='lat' dir='ltr'><strong>cespitis</strong></span> <span class='ocrx_word' id='word_1_275' title='bbox 1695 2236 1794 2268; x_wconf 76' lang='lat' dir='ltr'><strong>herba</strong></span> <span class='ocrx_word' id='word_1_276' title='bbox 1809 2236 1913 2268; x_wconf 74' lang='lat' dir='ltr'><strong>cibus.</strong></span> 
     </span>
    </p>
   </div>
   <div class='ocr_carea' id='block_1_12' title="bbox 1125 2296 1986 3470">
    <p class='ocr_par' dir='ltr' id='par_1_19' title="bbox 1129 2296 1978 2418">
     <span class='ocr_line' id='line_1_50' title="bbox 1130 2296 1978 2353; baseline 0.005 -15"><span class='ocrx_word' id='word_1_277' title='bbox 1130 2296 1248 2353; x_wconf 92' lang='lat' dir='ltr'><strong>quod</strong></span> <span class='ocrx_word' id='word_1_278' title='bbox 1278 2296 1516 2352; x_wconf 81' lang='lat' dir='ltr'><strong>amplector</strong></span> <span class='ocrx_word' id='word_1_279' title='bbox 1535 2313 1544 2339; x_wconf 90' lang='lat'>:</span> <span class='ocrx_word' id='word_1_280' title='bbox 1565 2313 1709 2352; x_wconf 87' lang='lat' dir='ltr'><strong>neque</strong></span> <span class='ocrx_word' id='word_1_281' title='bbox 1731 2298 1855 2341; x_wconf 83' lang='lat' dir='ltr'><strong>aliter</strong></span> <span class='ocrx_word' id='word_1_282' title='bbox 1883 2299 1978 2342; x_wconf 89' lang='lat' dir='ltr'><strong>Ju—</strong></span> 
     </span>
     <span class='ocr_line' id='line_1_51' title="bbox 1129 2359 1731 2418; baseline 0.002 -15"><span class='ocrx_word' id='word_1_283' title='bbox 1129 2361 1212 2403; x_wconf 81' lang='lat' dir='ltr'><strong>reti</strong></span> <span class='ocrx_word' id='word_1_284' title='bbox 1233 2369 1278 2402; x_wconf 85' lang='lat' dir='ltr'><strong>et</strong></span> <span class='ocrx_word' id='word_1_285' title='bbox 1299 2359 1505 2417; x_wconf 84' lang='lat' dir='ltr'><strong>Scaligeri</strong></span> <span class='ocrx_word' id='word_1_286' title='bbox 1523 2370 1731 2418; x_wconf 84' lang='lat' dir='ltr'><strong>excerpta.</strong></span> 
     </span>
    </p>

    <p class='ocr_par' dir='ltr' id='par_1_20' title="bbox 1131 2425 1985 3136">
     <span class='ocr_line' id='line_1_52' title="bbox 1190 2425 1983 2469; baseline 0.003 -2"><span class='ocrx_word' id='word_1_287' title='bbox 1190 2442 1206 2467; x_wconf 87' lang='lat'>1</span> <span class='ocrx_word' id='word_1_288' title='bbox 1219 2441 1251 2467; x_wconf 87' lang='lat'><strong>1.</strong></span> <span class='ocrx_word' id='word_1_289' title='bbox 1270 2426 1413 2469; x_wconf 78' lang='lat' dir='ltr'><strong>Prima</strong></span> <span class='ocrx_word' id='word_1_290' title='bbox 1429 2426 1551 2468; x_wconf 86' lang='lat' dir='ltr'><strong>Ceres</strong></span> <span class='ocrx_word' id='word_1_291' title='bbox 1562 2428 1705 2468; x_wconf 76' lang='lat' dir='ltr'><strong>docuit</strong></span> <span class='ocrx_word' id='word_1_292' title='bbox 1713 2434 1794 2469; x_wconf 85' lang='lat' dir='ltr'><strong>etc.</strong></span> <span class='ocrx_word' id='word_1_293' title='bbox 1812 2425 1983 2469; x_wconf 82' lang='lat' dir='ltr'><strong>Confer</strong></span> 
     </span>
     <span class='ocr_line' id='line_1_53' title="bbox 1131 2487 1980 2546; baseline 0.005 -16"><span class='ocrx_word' id='word_1_294' title='bbox 1131 2488 1255 2545; x_wconf 82' lang='lat' dir='ltr'><strong>Virg.</strong></span> <span class='ocrx_word' id='word_1_295' title='bbox 1278 2487 1439 2546; x_wconf 84' lang='lat' dir='ltr'><strong>Georg.</strong></span> <span class='ocrx_word' id='word_1_296' title='bbox 1458 2502 1492 2544; x_wconf 85' lang='lat'><strong>1,</strong></span> <span class='ocrx_word' id='word_1_297' title='bbox 1516 2491 1588 2546; x_wconf 79' lang='lat'><strong>147</strong></span> <span class='ocrx_word' id='word_1_298' title='bbox 1609 2490 1848 2534; x_wconf 78' lang='lat' dir='ltr'><strong>:Nostrum</strong></span> <span class='ocrx_word' id='word_1_299' title='bbox 1870 2491 1980 2534; x_wconf 88' lang='lat' dir='ltr'><strong>Met.</strong></span> 
     </span>
     <span class='ocr_line' id='line_1_54' title="bbox 1131 2556 1981 2615; baseline 0.004 -17"><span class='ocrx_word' id='word_1_300' title='bbox 1131 2569 1177 2610; x_wconf 86' lang='lat' dir='ltr'><strong>v,</strong></span> <span class='ocrx_word' id='word_1_301' title='bbox 1190 2556 1264 2611; x_wconf 75' lang='lat'><strong>341</strong></span> <span class='ocrx_word' id='word_1_302' title='bbox 1274 2589 1283 2597; x_wconf 91' lang='lat'>.</span> <span class='ocrx_word' id='word_1_303' title='bbox 1298 2556 1413 2599; x_wconf 85' lang='lat' dir='ltr'><strong>Fast.</strong></span> <span class='ocrx_word' id='word_1_304' title='bbox 1428 2570 1477 2600; x_wconf 85' lang='lat' dir='ltr'><strong>lv</strong></span> <span class='ocrx_word' id='word_1_305' title='bbox 1489 2590 1500 2611; x_wconf 88' lang='lat'><strong>,</strong></span> <span class='ocrx_word' id='word_1_306' title='bbox 1519 2559 1669 2611; x_wconf 77' lang='grc' dir='ltr'><strong>4οι.-</strong></span> <span class='ocrx_word' id='word_1_307' title='bbox 1676 2559 1845 2600; x_wconf 86' lang='lat' dir='ltr'><strong>Docuit.</strong></span> <span class='ocrx_word' id='word_1_308' title='bbox 1860 2559 1900 2599; x_wconf 85' lang='lat' dir='ltr'>V</span> <span class='ocrx_word' id='word_1_309' title='bbox 1905 2559 1981 2615; x_wconf 85' lang='lat' dir='ltr'><strong>irg.</strong></span> 
     </span>
     <span class='ocr_line' id='line_1_55' title="bbox 1131 2622 1982 2681; baseline 0.004 -17"><span class='ocrx_word' id='word_1_310' title='bbox 1131 2626 1315 2666; x_wconf 76' lang='lat' dir='ltr'><strong>instituit</strong></span> <span class='ocrx_word' id='word_1_311' title='bbox 1327 2657 1337 2673; x_wconf 90' lang='lat'>‚</span> <span class='ocrx_word' id='word_1_312' title='bbox 1353 2622 1433 2666; x_wconf 84' lang='lat' dir='ltr'><strong>loe.</strong></span> <span class='ocrx_word' id='word_1_313' title='bbox 1448 2623 1517 2667; x_wconf 87' lang='lat' dir='ltr'><strong>cit.</strong></span> <span class='ocrx_word' id='word_1_314' title='bbox 1535 2623 1632 2666; x_wconf 90' lang='lat' dir='ltr'><strong>eod.</strong></span> <span class='ocrx_word' id='word_1_315' title='bbox 1650 2640 1824 2681; x_wconf 87' lang='lat' dir='ltr'><strong>prorsus</strong></span> <span class='ocrx_word' id='word_1_316' title='bbox 1840 2641 1982 2668; x_wconf 83' lang='lat' dir='ltr'><strong>sensu.</strong></span> 
     </span>
     <span class='ocr_line' id='line_1_56' title="bbox 1135 2690 1981 2745; baseline 0.004 -14"><span class='ocrx_word' id='word_1_317' title='bbox 1135 2738 1140 2743; x_wconf 20' lang='grc' dir='ltr'><em>ῃ</em></span> <span class='ocrx_word' id='word_1_318' title='bbox 1193 2691 1253 2731; x_wconf 86' lang='grc' dir='ltr'><strong>ι5.</strong></span> <span class='ocrx_word' id='word_1_319' title='bbox 1285 2690 1436 2732; x_wconf 80' lang='lat' dir='ltr'><strong>Credit.</strong></span> <span class='ocrx_word' id='word_1_320' title='bbox 1457 2691 1598 2734; x_wconf 86' lang='lat' dir='ltr'><strong>Vetus</strong></span> <span class='ocrx_word' id='word_1_321' title='bbox 1617 2691 1743 2734; x_wconf 87' lang='lat' dir='ltr'><strong>lectio</strong></span> <span class='ocrx_word' id='word_1_322' title='bbox 1764 2700 1851 2745; x_wconf 86' lang='lat' dir='ltr'><strong>est,</strong></span> <span class='ocrx_word' id='word_1_323' title='bbox 1873 2693 1981 2734; x_wconf 86' lang='lat' dir='ltr'><strong>Cre-—</strong></span> 
     </span>
     <span class='ocr_line' id='line_1_57' title="bbox 1132 2756 1982 2814; baseline 0.004 -17"><span class='ocrx_word' id='word_1_324' title='bbox 1132 2757 1212 2798; x_wconf 85' lang='lat' dir='ltr'><strong>dat</strong></span> <span class='ocrx_word' id='word_1_325' title='bbox 1222 2772 1235 2797; x_wconf 88' lang='lat'><strong>.·</strong></span> <span class='ocrx_word' id='word_1_326' title='bbox 1248 2764 1294 2799; x_wconf 86' lang='lat' dir='ltr'><strong>et</strong></span> <span class='ocrx_word' id='word_1_327' title='bbox 1307 2756 1366 2799; x_wconf 86' lang='lat' dir='ltr'><strong>sic</strong></span> <span class='ocrx_word' id='word_1_328' title='bbox 1383 2757 1567 2800; x_wconf 90' lang='lat' dir='ltr'><strong>omnino</strong></span> <span class='ocrx_word' id='word_1_329' title='bbox 1587 2756 1821 2814; x_wconf 78' lang='lat' dir='ltr'><strong>legendum</strong></span> <span class='ocrx_word' id='word_1_330' title='bbox 1836 2790 1847 2810; x_wconf 90' lang='lat'><strong>,</strong></span> <span class='ocrx_word' id='word_1_331' title='bbox 1865 2766 1913 2799; x_wconf 87' lang='lat' dir='ltr'><strong>ut</strong></span> <span class='ocrx_word' id='word_1_332' title='bbox 1928 2757 1982 2800; x_wconf 88' lang='lat' dir='ltr'><strong>sit</strong></span> 
     </span>
     <span class='ocr_line' id='line_1_58' title="bbox 1132 2823 1984 2877; baseline 0 -11"><span class='ocrx_word' id='word_1_333' title='bbox 1132 2839 1282 2867; x_wconf 84' lang='lat' dir='ltr'><strong>sensus</strong></span> <span class='ocrx_word' id='word_1_334' title='bbox 1303 2840 1312 2867; x_wconf 90' lang='lat'>:</span> <span class='ocrx_word' id='word_1_335' title='bbox 1334 2823 1552 2866; x_wconf 86' lang='lat' dir='ltr'><strong>Credibile</strong></span> <span class='ocrx_word' id='word_1_336' title='bbox 1575 2839 1667 2866; x_wconf 91' lang='lat' dir='ltr'><strong>non</strong></span> <span class='ocrx_word' id='word_1_337' title='bbox 1688 2839 1776 2866; x_wconf 80' lang='lat' dir='ltr'><strong>esse</strong></span> <span class='ocrx_word' id='word_1_338' title='bbox 1793 2856 1805 2877; x_wconf 90' lang='lat'>‚</span> <span class='ocrx_word' id='word_1_339' title='bbox 1828 2832 1916 2866; x_wconf 88' lang='lat' dir='ltr'><strong>tam</strong></span> <span class='ocrx_word' id='word_1_340' title='bbox 1938 2823 1984 2866; x_wconf 89' lang='lat' dir='ltr'><strong>li·</strong></span> 
     </span>
     <span class='ocr_line' id='line_1_59' title="bbox 1132 2889 1985 2933; baseline 0 -1"><span class='ocrx_word' id='word_1_341' title='bbox 1132 2890 1326 2933; x_wconf 73' lang='lat' dir='ltr'><strong>bet-alem</strong></span> <span class='ocrx_word' id='word_1_342' title='bbox 1341 2899 1386 2933; x_wconf 86' lang='lat' dir='ltr'><strong>et</strong></span> <span class='ocrx_word' id='word_1_343' title='bbox 1401 2890 1555 2932; x_wconf 89' lang='lat' dir='ltr'><strong>mitem</strong></span> <span class='ocrx_word' id='word_1_344' title='bbox 1572 2889 1716 2931; x_wconf 90' lang='lat' dir='ltr'><strong>Deam</strong></span> <span class='ocrx_word' id='word_1_345' title='bbox 1735 2889 1870 2933; x_wconf 82' lang='lat' dir='ltr'><strong>laetari</strong></span> <span class='ocrx_word' id='word_1_346' title='bbox 1886 2906 1985 2933; x_wconf 88' lang='lat' dir='ltr'><strong>cru-</strong></span> 
     </span>
     <span class='ocr_line' id='line_1_60' title="bbox 1133 2954 1984 2998; baseline -0.002 0"><span class='ocrx_word' id='word_1_347' title='bbox 1133 2955 1314 2998; x_wconf 87' lang='lat' dir='ltr'><strong>ciatibus</strong></span> <span class='ocrx_word' id='word_1_348' title='bbox 1336 2963 1379 2998; x_wconf 88' lang='lat' dir='ltr'><strong>et</strong></span> <span class='ocrx_word' id='word_1_349' title='bbox 1400 2954 1629 2997; x_wconf 85' lang='lat' dir='ltr'><strong>tormentis</strong></span> <span class='ocrx_word' id='word_1_350' title='bbox 1657 2963 1895 2997; x_wconf 89' lang='lat' dir='ltr'><strong>amantum.</strong></span> <span class='ocrx_word' id='word_1_351' title='bbox 1917 2954 1984 2997; x_wconf 89' lang='grc' dir='ltr'><strong>Μ.</strong></span> 
     </span>
     <span class='ocr_line' id='line_1_61' title="bbox 1138 3017 1981 3074; baseline 0 -13"><span class='ocrx_word' id='word_1_352' title='bbox 1138 3020 1308 3068; x_wconf 80' lang='lat' dir='ltr'><strong>Credit,</strong></span> <span class='ocrx_word' id='word_1_353' title='bbox 1346 3017 1548 3061; x_wconf 89' lang='lat' dir='ltr'><strong>meliores</strong></span> <span class='ocrx_word' id='word_1_354' title='bbox 1576 3033 1678 3060; x_wconf 87' lang='lat' dir='ltr'><strong>cum</strong></span> <span class='ocrx_word' id='word_1_355' title='bbox 1704 3018 1844 3074; x_wconf 86' lang='lat' dir='ltr'><strong>prima</strong></span> <span class='ocrx_word' id='word_1_356' title='bbox 1877 3018 1981 3061; x_wconf 89' lang='lat' dir='ltr'><strong>edi-</strong></span> 
     </span>
     <span class='ocr_line' id='line_1_62' title="bbox 1133 3080 1862 3136; baseline 0.001 -11"><span class='ocrx_word' id='word_1_357' title='bbox 1133 3083 1266 3125; x_wconf 84' lang='lat' dir='ltr'><strong>tione.</strong></span> <span class='ocrx_word' id='word_1_358' title='bbox 1290 3083 1455 3125; x_wconf 71' lang='lat' dir='ltr'><strong>Hssms.</strong></span> <span class='ocrx_word' id='word_1_359' title='bbox 1481 3080 1700 3136; x_wconf 87' lang='lat' dir='ltr'><strong>Quidam,</strong></span> <span class='ocrx_word' id='word_1_360' title='bbox 1724 3085 1862 3126; x_wconf 79' lang='lat' dir='ltr'><strong>Ridet.</strong></span> 
     </span>
    </p>

    <p class='ocr_par' dir='ltr' id='par_1_21' title="bbox 1125 3143 1986 3470">
     <span class='ocr_line' id='line_1_63' title="bbox 1195 3143 1981 3205; baseline 0.005 -16"><span class='ocrx_word' id='word_1_361' title='bbox 1195 3163 1211 3189; x_wconf 91' lang='lat'>1</span> <span class='ocrx_word' id='word_1_362' title='bbox 1222 3164 1256 3202; x_wconf 90' lang='lat'><strong>7.</strong></span> <span class='ocrx_word' id='word_1_363' title='bbox 1276 3143 1462 3189; x_wconf 77' lang='lat' dir='ltr'><strong>Feracc&#39;s.</strong></span> <span class='ocrx_word' id='word_1_364' title='bbox 1486 3146 1694 3190; x_wconf 88' lang='lat' dir='ltr'><strong>Francius</strong></span> <span class='ocrx_word' id='word_1_365' title='bbox 1709 3148 1981 3205; x_wconf 84' lang='lat' dir='ltr'><strong>conjiciebat,</strong></span> 
     </span>
     <span class='ocr_line' id='line_1_64' title="bbox 1135 3213 1983 3273; baseline 0.004 -18"><span class='ocrx_word' id='word_1_366' title='bbox 1135 3215 1330 3261; x_wconf 84' lang='lat' dir='ltr'><strong>Femces,</strong></span> <span class='ocrx_word' id='word_1_367' title='bbox 1366 3221 1416 3255; x_wconf 87' lang='lat' dir='ltr'><strong>ut</strong></span> <span class='ocrx_word' id='word_1_368' title='bbox 1440 3213 1695 3259; x_wconf 81' lang='lat' dir='ltr'><strong>conveniret</strong></span> <span class='ocrx_word' id='word_1_369' title='bbox 1714 3224 1767 3273; x_wconf 74' lang='grc' dir='ltr'><strong>τῷ</strong></span> <span class='ocrx_word' id='word_1_370' title='bbox 1795 3221 1983 3259; x_wconf 76' lang='lat' dir='ltr'><strong>rustica:</strong></span> 
     </span>
     <span class='ocr_line' id='line_1_65' title="bbox 1135 3276 1986 3335; baseline 0.005 -15"><span class='ocrx_word' id='word_1_371' title='bbox 1135 3277 1211 3320; x_wconf 90' lang='lat' dir='ltr'><strong>sed</strong></span> <span class='ocrx_word' id='word_1_372' title='bbox 1227 3276 1335 3320; x_wconf 88' lang='lat' dir='ltr'><strong>nihil</strong></span> <span class='ocrx_word' id='word_1_373' title='bbox 1348 3292 1506 3320; x_wconf 88' lang='lat' dir='ltr'><strong>moveo</strong></span> <span class='ocrx_word' id='word_1_374' title='bbox 1517 3311 1528 3331; x_wconf 92' lang='lat'><strong>,</strong></span> <span class='ocrx_word' id='word_1_375' title='bbox 1539 3278 1622 3321; x_wconf 88' lang='lat' dir='ltr'><strong>nisi</strong></span> <span class='ocrx_word' id='word_1_376' title='bbox 1641 3280 1736 3335; x_wconf 87' lang='lat' dir='ltr'><strong>quis</strong></span> <span class='ocrx_word' id='word_1_377' title='bbox 1749 3297 1852 3323; x_wconf 91' lang='lat' dir='ltr'><strong>cum</strong></span> <span class='ocrx_word' id='word_1_378' title='bbox 1868 3281 1986 3324; x_wconf 86' lang='lat' dir='ltr'><strong>Scri-</strong></span> 
     </span>
     <span class='ocr_line' id='line_1_66' title="bbox 1137 3340 1985 3398; baseline 0.004 -13"><span class='ocrx_word' id='word_1_379' title='bbox 1137 3342 1243 3385; x_wconf 80' lang='lat' dir='ltr'><strong>verii</strong></span> <span class='ocrx_word' id='word_1_380' title='bbox 1262 3340 1409 3384; x_wconf 84' lang='lat' dir='ltr'><strong>codice</strong></span> <span class='ocrx_word' id='word_1_381' title='bbox 1430 3342 1604 3397; x_wconf 82' lang='lat' dir='ltr'><strong>mallet,</strong></span> <span class='ocrx_word' id='word_1_382' title='bbox 1626 3360 1749 3398; x_wconf 72' lang='lat' dir='ltr'><strong>agros</strong></span> <span class='ocrx_word' id='word_1_383' title='bbox 1767 3348 1883 3387; x_wconf 85' lang='lat' dir='ltr'><strong>colat</strong></span> <span class='ocrx_word' id='word_1_384' title='bbox 1905 3349 1985 3388; x_wconf 77' lang='lat' dir='ltr'><strong>illa</strong></span> 
     </span>
     <span class='ocr_line' id='line_1_67' title="bbox 1125 3407 1984 3470; baseline 0.007 -21"><span class='ocrx_word' id='word_1_385' title='bbox 1125 3407 1300 3464; x_wconf 70' lang='lat' dir='ltr'><strong>feraces</strong></span> <span class='ocrx_word' id='word_1_386' title='bbox 1319 3423 1331 3450; x_wconf 91' lang='lat'><strong>.·</strong></span> <span class='ocrx_word' id='word_1_387' title='bbox 1351 3407 1468 3463; x_wconf 87' lang='lat' dir='ltr'><strong>quod</strong></span> <span class='ocrx_word' id='word_1_388' title='bbox 1490 3408 1652 3464; x_wconf 86' lang='lat' dir='ltr'><strong>optime</strong></span> <span class='ocrx_word' id='word_1_389' title='bbox 1672 3409 1906 3467; x_wconf 83' lang='lat' dir='ltr'><strong>respondet</strong></span> <span class='ocrx_word' id='word_1_390' title='bbox 1930 3420 1984 3470; x_wconf 76' lang='grc' dir='ltr'><strong>τῷ</strong></span> 
     </span>
    </p>
   </div>
  </div>
 </body>
</html>
