2268 3776
263 290 363 326 100

728 272 791 327 P.
842 272 1139 331 OVIDII
1181 276 1557 337 NASONIS

259 415 289 441 «
319 385 570 465 Colligor
602 409 666 447 ex
695 388 822 472 ipso
855 388 1090 453 dominae
1116 392 1386 476 placuisse
1418 395 1696 480 sepulcro.¹

339 485 456 545 Ora
481 482 630 544 fuere
658 485 796 571 mihi
825 485 953 569 plus
983 510 1077 548 ave
1108 489 1271 551 (locta
1298 490 1472 574 loqui.
1512 520 1541 546 »

307 645 375 688 62.
401 647 586 701 Colligor
597 660 654 687 ex
671 649 765 701 ljoso
784 654 864 690 etc.
881 646 933 699 Id
953 655 1032 702 est,
1052 663 1103 690 ex

252 709 337 754 hoc
363 711 455 767 ipso
474 744 485 766 ,
518 726 651 767 quem
669 711 779 754 mihi
797 712 954 756 dicavit
976 747 988 768 ,
1021 722 1103 756 tu-

251 775 374 818 mulo
409 778 590 832 colligas
603 810 614 827 ,
646 775 850 832 conjicias
886 786 1102 833 quantum

252 840 443 884 dominae
462 840 712 898 placuerim.
732 863 788 872 -
809 843 896 884 Ora
902 845 1005 896 plus
1025 858 1104 885 ανσ

250 909 380 950 docta
396 910 535 964 loqui:
557 923 654 964 quae
671 923 801 952 sonos
828 908 963 953 edere
983 909 1102 952 didi-

1185 660 1335 695 cerant
1355 652 1547 698 hominis
1566 655 1708 712 potius
1723 687 1735 710 ‚
1769 670 1902 712 quam
1933 657 2031 700 avis.

1185 716 1468 760 Postremum
1488 719 1571 762 hoc
1591 719 1804 763 distichon
1821 721 1874 764 ab
1896 721 2034 764 aliena

1184 795 1322 823 manu
1339 782 1524 826 Heinsio
1540 783 1768 827 videbatur
1787 786 2007 829 intrusum
2022 805 2034 837 ;

1186 853 1230 888 et
1247 844 1379 889 habet
1397 846 1600 903 quidem,
1614 848 1732 892 unde
1753 849 1901 895 firmet
1920 850 2036 895 doc-

1186 909 1339 954 tissimi
1356 911 1438 954 viri
1455 912 1772 968 conjecturam.

824 1198 1239 1269 ELEGIA
1283 1200 1471 1270 VII.

1034 1343 1273 1353 0——1-—-

258 1487 320 1519 An
340 1485 591 1519 CORINNAM
608 1490 618 1518 :
638 1486 793 1519 NEGAT
815 1486 974 1519 ULLAM
997 1489 1087 1521 SIBI
1110 1490 1214 1521 CUM
1238 1490 1421 1524 CYPASSI
1442 1492 1604 1524 rmssn
1625 1491 2038 1525 consuss‘runmnm.

255 1613 481 1698 ERGO
508 1660 611 1714 ego
643 1635 913 1697 sufficiam
939 1660 1066 1698 reus
1094 1637 1156 1696 in
1181 1659 1328 1699 nova
1357 1639 1586 1700 crimina
1613 1639 1870 1723 semper?

333 1735 416 1793 Ut
442 1733 683 1805 vincam,
714 1733 881 1794 toties
908 1733 1221 1796 dimicuisse
1249 1735 1420 1818 piget.

256 1828 383 1889 Sive
409 1852 514 1906 ego
543 1829 835 1889 marmorei
864 1829 1081 1912 respexi
1108 1853 1320 1891 summa
1349 1830 1581 1904 theatri;

338 1923 517 2003 Eligis
543 1948 571 1985 e
601 1922 818 1999 multiS‚
848 1925 1216 1987 undedolere
1244 1924 1394 1986 velis.

263 2021 512 2083 Candida
541 2045 640 2082 seu
668 2022 837 2082 tacito
867 2047 954 2084 me
983 2022 1122 2083 vidit
1149 2021 1352 2083 femina
1377 2021 1567 2094 vultu;
2020 2038 2046 2082 5

340 2123 409 2181 In
438 2118 598 2180 vultu
628 2119 821 2180 tacitas
850 2120 1037 2199 arguis
1068 2143 1184 2180 esse
1214 2133 1392 2179 notaS.

259 2217 321 2276 Si
349 2241 514 2300 quam
539 2214 790 2290 laudavi,
825 2216 1058 2277 miseros
1085 2217 1229 2300 petis
1257 2239 1444 2295 ungue
1474 2213 1705 2298 capillos
1728 2239 1743 2275 ε

307 2393 325 2418 1
333 2409 343 2418 .
359 2378 472 2431 Ergo
479 2391 554 2431 ego
566 2383 647 2419 etc.
661 2374 972 2418 Exordium'ab
982 2380 1105 2427 indo,

259 2449 310 2484 ut
326 2457 455 2484 reum
476 2440 656 2484 decebat
677 2473 689 2495 ‚
730 2441 806 2497 qui
822 2441 1110 2484 innocentem

260 2504 412 2548 haberi
431 2520 475 2547 se
495 2504 770 2560 cupiebat.-
782 2505 1010 2562 Sufficiam.
1033 2505 1112 2549 So·

260 2571 388 2614 lusne
429 2584 510 2625 ego
552 2584 714 2610 novam
747 2585 922 2626 semper
964 2571 1113 2614 amicae

264 2635 516 2679 criminanti
533 2634 766 2677 materiem
786 2635 988 2691 praebebo
1007 2669 1019 2689 ‚
1041 2652 1115 2679 re-

265 2699 544 2743 nascentibus
556 2699 693 2756 poenis
705 2698 818 2741 male
832 2699 1081 2743 soecundam
1093 2700 1114 2742 ?

264 2765 329 2807 Ea
348 2764 470 2807 enim
489 2764 552 2806 vis
569 2796 581 2818 ,
605 2779 658 2806 eo
675 2779 804 2806 sensu
820 2796 831 2818 ‚
851 2763 971 2806 verbi
991 2763 1115 2819 suffi-

264 2845 370 2872 cere.
389 2829 566 2872 Servius
581 2861 594 2883 ,
616 2828 670 2871 ad
691 2827 851 2885 Georg.
875 2828 947 2871 lib}
959 2841 1038 2881 111,
1061 2830 1111 2882 4,

264 2893 511 2952 Eurysthea
523 2895 671 2936 durum
683 2892 925 2949 adpellavit,
941 2892 1014 2948 qui
1029 2907 1111 2948 po-

263 2959 347 3001 tuit
362 2958 414 3000 ad
426 2957 739 3014 complendum
748 2973 948 3000 novercae
960 2956 1113 3000 odium

263 3023 471 3079 sufficere.
673 3064 679 3072 ,

323 3106 360 3130 2.
393 3089 455 3129 Ut
472 3092 640 3131 vincam
670 3097 751 3132 etc.
792 3088 1113 3144 Interpretatur

263 3154 470 3212 Micyllus
486 3187 497 3209 ,
522 3163 565 3197 et
584 3163 700 3197 recte
717 3154 898 3210 quidem
916 3170 927 3196 ε
944 3153 1113 3196 etiamsi

264 3223 431 3261 vincam
480 3227 523 3261 et
558 3219 781 3261 obtineam
805 3253 815 3274 ,
851 3229 1000 3262 tamen
1038 3234 1111 3260 me

265 3282 402 3339 pudet
415 3284 542 3326 toties
553 3283 819 3326 contendere
832 3300 879 3326 ac
893 3283 1111 3326 dimicare.

319 3348 357 3390 3.
379 3349 472 3390 Sive
491 3364 567 3402 ego
592 3353 815 3391 marmorei
829 3358 908 3392 etc.
926 3350 1027 3391 Mos
1047 3355 1112 3390 cst

265 3419 314 3454 ut
332 3444 342 3466 ,
364 3412 437 3468 qui
451 3413 591 3468 culpae
611 3414 691 3457 sibi
712 3413 791 3469 ipsi
809 3415 1003 3458 conscius
1023 3422 1108 3468 est,

1191 2374 1365 2432 culpam
1379 2374 1427 2417 in
1442 2372 1546 2417 alios
1565 2381 1707 2417 tentet
1726 2374 2021 2418 transmittere
2037 2392 2048 2426 ;

1190 2440 1336 2496 sicque
1377 2437 1563 2483 Ovidius
1609 2438 1833 2498 zelotypiae
1873 2438 2046 2481 Corin—

1193 2520 1299 2547 nam
1319 2503 1461 2561 arguit
1480 2537 1492 2558 ,
1529 2504 1652 2558 cujus
1684 2503 1874 2560 amplam
1902 2512 2019 2547 certe
2033 2536 2045 2557 ,

1194 2585 1277 2613 nec
1294 2569 1526 2612 honestam
1546 2569 1662 2623 satis,
1678 2584 1852 2612 causam
1867 2567 1925 2610 illi
1940 2584 2047 2623 sup-

1195 2643 1376 2690 peteret.
1392 2633 1622 2675 —Summa
1638 2634 1805 2675 theatri,
1823 2632 1910 2674 Hic
1924 2632 2046 2674 enim

1195 2697 1404 2740 sedebant
1429 2696 1633 2739 mulieres
1654 2728 1667 2751 ,
1707 2695 1898 2739 scenicos
1917 2695 2043 2739 ludos

1195 2770 1463 2818 spectaturae.
1670 2768 1678 2775 ·

1251 2829 1288 2868 5.
1329 2828 1479 2869 Tacito
1509 2841 1574 2868 me
1598 2827 1709 2868 vidit
1715 2825 1886 2880 firmina
1914 2828 2046 2868 vultu.
2075 2835 2078 2841 “

1196 2890 1446 2935 Referenda
1468 2890 1559 2934 haec
1577 2894 1710 2933 tacito
1722 2893 1851 2941 vultu,
1865 2889 1917 2932 ad
1933 2889 2047 2933 Ovi-

1195 2957 1331 3000 dium.
1354 2957 1402 3000 Si
1422 2958 1550 3010 sorte,
1575 2956 1732 3013 inquit,
1753 2958 1939 2999 candida
1954 2972 2042 3009 me,

1192 3024 1382 3066 formosa
1402 3022 1562 3064 mulier
1583 3021 1769 3078 respexit
1783 3054 1794 3076 ,
1819 3019 1956 3076 (quod
1972 3021 2044 3062 in-

1194 3088 1284 3130 vito
1306 3095 1447 3144 potest
1468 3086 1674 3139 evenire)
1693 3086 1771 3129 etsi
1786 3090 1933 3128 taceat
1948 3084 2047 3126 vul-

1194 3161 1280 3207 tus,
1297 3153 1343 3194 in
1360 3152 1444 3195 hoc
1455 3152 1547 3208 ipso
1567 3151 1741 3194 silentio
1758 3157 1899 3202 notas,
1922 3151 2043 3207 signa

1194 3216 1502 3274 deprehendis,
1514 3233 1609 3274 quae
1620 3225 1828 3259 mutuum
1843 3230 2041 3258 amorem

1194 3299 1295 3325 cum
1317 3283 1398 3325 hac
1418 3283 1581 3325 semina
1603 3289 1800 3340 arguant.

1250 3366 1286 3405 7.
1308 3348 1495 3404 Siquam
1511 3350 1693 3391 laudavi.
1718 3345 1928 3390 Francius
1948 3362 2048 3388 nu-

1190 3414 1405 3458 mex-osius
1424 3414 1627 3471 putabat,
1650 3414 1834 3469 Siquam
1855 3429 1931 3467 ego
1950 3415 2045 3454 lau-
