2268 3776
496 287 760 346 ARTIS
802 287 1280 344 AMATORIAE
1322 291 1484 346 LIB.
1530 293 1662 348 ΙΙΙ.

1870 293 1976 347 365

190 405 254 467 Si
279 406 551 467 Venerem
584 406 737 467 Cous
759 428 1036 489 nusquam
1062 407 1348 489 posuisset
1376 407 1604 492 Apelles
1621 456 1636 482 ,

273 502 461 564 Mersa
483 501 590 564 sub
619 501 890 585 aequoreis
920 501 1015 563 illa
1045 500 1239 563 lateret
1265 504 1441 586 aquiS.

195 596 352 681 Quid
380 599 593 683 petitur
617 591 786 660 sacris
806 645 821 672 ,
851 598 960 659 nisi
988 613 1205 660 tantum
1230 599 1402 674 fama,
1432 603 1615 684 poetis
1638 603 1662 663 Ρ

274 697 399 756 Hoc
423 709 618 756 votum
645 695 824 755 nostri
852 719 1066 757 summa
1093 694 1302 758 laboris
1326 697 1511 759 habet.

195 793 343 854 Cura
377 789 579 852 ducum
601 789 828 852 suerunt
856 790 990 852 olim
1016 815 1319 877 regumque
1348 810 1527 877 poetae
1553 822 1566 870 ;
1902 814 1985 870 4⁰5

276 888 617 971 Praemiaque
651 888 867 971 antiqui
893 913 1092 969 magna
1123 890 1296 953 tulere
1326 892 1500 954 chori.

196 984 506 1068 Sanctaque
535 984 791 1067 majestas
809 1031 823 1059 ,
849 1000 904 1046 et
932 1001 1050 1047 erat
1076 987 1389 1050 venerabile
1413 1014 1617 1052 nomen

275 1080 518 1142 Vatibus
543 1105 556 1142 ε
586 1095 641 1142 et
670 1079 832 1161 largae
861 1105 1003 1165 saepe
1028 1082 1305 1146 dabantur
1333 1110 1484 1170 opes,

196 1178 415 1239 Ennius
445 1178 707 1251 emeruit,
740 1176 992 1240 Calabris
1020 1179 1081 1240 in
1106 1181 1398 1243 montibus
1426 1198 1614 1258 ortus,

280 1277 597 1356 Contiguus
626 1275 797 1361 poni,
825 1276 1013 1361 Scipio
1044 1301 1270 1358 magne,
1300 1279 1423 1340 tibi.

1907 1304 1990 1360 410

197 1372 362 1435 Nunc
395 1371 569 1434 ederae
599 1373 718 1435 sine
741 1371 959 1435 honore
987 1373 1206 1457 jacent;
1236 1392 1573 1463 operataque
1604 1378 1786 1442 doctis

202 1532 310 1589 5073
332 1538 378 1575 et
401 1528 658 1580 Comment.
677 1529 730 1575 ad
753 1529 940 1576 Sueton.
957 1531 1053 1577 Ne-

200 1612 298 1642 ron.
322 1613 414 1655 cap.
435 1610 506 1640 xx.

256 1665 312 1720 40
319 1680 335 1706 1
343 1694 354 1706 .
370 1663 492 1707 Cous.
505 1662 604 1706 Cois
612 1677 820 1719 nunquam
830 1661 919 1706 duo
931 1662 1056 1707 Bers-

202 1751 322 1781 man.
331 1745 376 1781 et
385 1752 499 1781 unus
509 1736 678 1780 Heins.=
686 1736 816 1781 etiam
827 1751 919 1780 non
930 1737 1057 1780 male.

202 1826 258 1839 —·
276 1807 498 1862 Nunquam
505 1807 725 1860 posuisset
741 1812 822 1847 etc.
840 1803 978 1848 Recte
1000 1803 1060 1847 sic

203 1868 274 1914 ed.
286 1870 415 1928 prim.
429 1885 531 1914 cum
544 1870 654 1927 Reg.
676 1868 847 1913 Sat-rav,
868 1877 949 1913 etc.
978 1883 1059 1925 pro

196 1939 422 1991 pinxisset.
442 1935 600 1979 Horat.
621 1934 694 1978 lib.
711 1934 779 1977 lv
797 1966 809 1989 ,
830 1932 919 1978 Od.
941 1933 989 1989 8,
1010 1950 1030 1992 7
1050 1949 1060 1977 ε

264 2010 334 2042 Ηίο
347 2020 424 2043 uxo
434 2033 446 2051 ‚
461 2009 598 2053 liquidi·
618 2009 675 2041 ille
691 2009 856 2041 coloribus

265 2072 372 2105 Soter·
383 2083 473 2104 nuno
484 2071 651 2104 honinem
665 2081 783 2113 ponere
796 2093 807 2110 ,
822 2082 908 2102 nunc
924 2072 1044 2104 Deum.

207 2133 357 2192 Atque
377 2134 437 2180 ita
458 2132 697 2179 Salmasius
718 2148 894 2190 quoque
914 2149 966 2176 ex
985 2149 1065 2175 ve-

193 2199 290 2249 teri
318 2198 467 2244 codice
496 2197 552 2242 ad
581 2200 768 2242 Pallium
799 2197 1064 2241 Tertulliani

206 2264 427 2322 reposuit:
446 2272 564 2308 recte
588 2263 738 2307 addito
758 2262 842 2306 hoc
857 2263 950 2319 ipso
971 2263 1064 2306 Ho-

207 2328 380 2373 ratiano
393 2328 491 2382 loco
503 2360 516 2383 ,
533 2327 608 2384 qui
627 2327 867 2373 Nasoniani
880 2327 963 2371 loci
979 2343 1066 2379 res-

209 2395 467 2439 titutionem
500 2393 673 2452 egregie
708 2392 946 2437 confirmat
969 2411 981 2447 ;
1015 2402 1066 2437 ut

209 2458 504 2505 dubitandum
526 2474 620 2502 non
641 2458 695 2502 sit
715 2457 771 2502 de
792 2458 920 2515 Regii
943 2458 1068 2501 codi-

210 2525 270 2571 cis
298 2526 525 2583 scriptura.
552 2526 713 2569 Poetas
747 2524 854 2567 olim
884 2522 1067 2568 ducibus

211 2606 326 2635 curae
346 2590 476 2635 fuisse
498 2589 735 2635 Pausanias
755 2588 883 2633 docet
903 2590 950 2632 in
972 2589 1068 2633 At-

211 2656 321 2712 ticis,
332 2655 532 2714 exemplo
542 2654 772 2700 Philoxeni
785 2663 830 2698 et
843 2654 981 2699 Arati.
995 2655 1069 2699 Sic

213 2721 449 2780 Euripides
464 2720 682 2765 Archelao
701 2719 978 2764 Macedoniae
995 2737 1070 2764 re-

204 2781 255 2845 'gi
273 2805 286 2841 ς
309 2786 544 2841 Anacreon
566 2785 786 2845 Polycrati
804 2785 956 2829 Samio
972 2804 983 2838 ;
1000 2786 1070 2829 Si-

214 2852 415 2897 monides
437 2883 450 2907 ‚
494 2851 715 2896 Pindarus
736 2884 749 2907 ‚
787 2851 1071 2910 Bacchylides

214 2916 408 2961 Hieroni
421 2915 576 2961 Siciliae
586 2926 778 2976 tyranno
792 2933 804 2960 a
818 2916 953 2960 iidem
967 2932 1071 2973 quo—

215 2998 302 3040 que
324 2982 559 3026 Anacreon
574 3014 588 3036 ,
615 2991 660 3026 et
680 2981 932 3026 Simonides
954 2983 1073 3040 Hip-

215 3046 379 3105 parcho
393 3047 607 3091 Pisistrati
615 3047 706 3090 filio
717 3047 924 3092 cai-issimi
935 3049 1072 3091 fuere.

218 3113 282 3157 At
311 3111 424 3156 Cato
445 3111 492 3155 in
523 3111 739 3157 Oratione
769 3114 835 3156 M.
855 3115 1073 3158 Nobiliori

218 3179 367 3236 objicit
379 3210 392 3233 ,
406 3179 522 3236 quod
544 3187 719 3236 poetam
735 3179 783 3223 in
803 3181 1074 3236 provinciam

221 3242 410 3286 duxisset
425 3275 438 3297 ‚
471 3243 546 3300 qui
565 3243 766 3287 Ennium
782 3259 841 3287 eo
862 3244 1044 3288 duxerat
1062 3261 1073 3288 :

222 3307 320 3352 vide
344 3305 488 3351 Cicer.
505 3307 575 3350 lib.
593 3307 737 3364 primo
753 3307 882 3352 Tusc.
904 3308 1073 3364 Quaest.

224 3374 450 3432 principio.
473 3374 640 3417 Hunis.

280 3443 375 3498 406.
395 3445 569 3499 Magna.
591 3443 732 3486 Multa
752 3451 839 3486 tres
851 3441 962 3486 libri.

1180 1536 1286 1596 409-
1295 1552 1310 1579 ι
1318 1552 1356 1579 o.
1367 1538 1534 1581 Ennius
1544 1543 1726 1589 emeruit,
1743 1540 1937 1583 Calabris
1945 1544 1991 1583 in

1135 1604 1346 1645 monlibus
1361 1607 1490 1654 ortus,
1510 1604 1742 1659 Contiguus
1751 1608 1870 1659 poni,
1890 1606 1994 1648 Sci-

1129 1669 1208 1721 pio
1222 1682 1373 1722 magne
1386 1700 1397 1719 ,
1415 1671 1506 1710 tibi.
1524 1668 1589 1711 Ita
1609 1669 1774 1725 optime
1792 1668 1912 1714 hunc
1931 1669 1994 1712 lo·

1138 1747 1238 1777 cum
1266 1733 1456 1778 restituit
1477 1734 1619 1778 Janus
1642 1734 1897 1779 Parrhasius
1914 1768 1926 1790 ,
1949 1746 1996 1780 et

1137 1797 1321 1843 feliciter
1331 1799 1644 1858 interpretatus
1653 1809 1733 1856 est,
1748 1800 1997 1844 Commen-

1140 1864 1250 1907 tario
1270 1863 1324 1907 ad
1341 1865 1535 1923 Raptum
1558 1868 1833 1925 Proserpinae
1853 1866 1991 1912 Clau-

1139 1928 1258 1973 diani
1274 1964 1286 1986 ,
1320 1931 1392 1975 lib.
1416 1932 1463 1987 Ι,
1491 1935 1542 1987 4²
1572 1948 1582 1976 ε
1603 1949 1740 1989 quum
1763 1934 1807 1977 in
1830 1935 1999 1992 scriptis

1140 1996 1346 2041 omnibus
1363 1997 1420 2041 sit
1435 2030 1447 2052 ,
1472 2000 1616 2042 hortos
1639 2032 1650 2050 ,
1685 1999 1753 2042 vet
1773 2006 1887 2043 ortos
1904 2014 1919 2052 ,⁶
1954 2009 2001 2043 et

1141 2062 1371 2119 posteriori
1386 2079 1513 2107 versu
1524 2098 1535 2115 ,
1554 2068 1773 2119 contiguos
1777 2081 1885 2120 pene
1897 2068 1997 2113 tibi,

1140 2128 1239 2179 vel,
1264 2135 1363 2173 tm‘s.
1385 2129 1549 2187 Regius
1563 2161 1575 2183 ,
1590 2134 1729 2184 poem‘s
1742 2147 1755 2172 :
1770 2134 1894 2185 poni.
1929 2148 2001 2174 se-

1145 2194 1283 2250 peliri.
1307 2195 1476 2238 Hiems.
1500 2194 1595 2251 Ego
1608 2199 1824 2249 pom’non
1847 2195 1902 2238 de
1919 2212 2000 2239 se-

1142 2258 1348 2314 pultura;
1370 2259 1451 2302 sed
1468 2292 1481 2314 ,
1509 2275 1611 2302 cum
1642 2259 1876 2303 Parrhasio
1893 2294 1907 2315 ,
1943 2260 1999 2303 de

1145 2324 1239 2379 ejus
1249 2332 1390 2367 statua
1400 2325 1538 2382 capio,
1551 2341 1648 2382 quae
1660 2342 1683 2368 e
1695 2341 1916 2369 marmore
1928 2342 2003 2383 po·

1145 2389 1227 2432 sita
1237 2390 1360 2433 estin
1379 2390 1609 2447 sepulchro
1623 2390 2003 2448 Scipionis—En-

1146 2459 1243 2498 nius
1260 2462 1433 2501 emerui!
1451 2466 1532 2501 ete.
1557 2459 1788 2514 Contiguus
1801 2464 2002 2515 ponietc.

1150 2519 1403 2566 Confirmat
1422 2531 1466 2566 et
1488 2522 1605 2566 Tull.
1625 2540 1706 2581 pro
1726 2523 1862 2567 Arch.
1888 2534 2004 2582 poet.

1148 2601 1219 2642 lx,
1243 2606 1294 2631 22
1312 2603 1325 2632 ε
1349 2607 1371 2626 «
1389 2587 1530 2633 Carus
1549 2589 1631 2633 suit
1646 2590 1857 2634 Africano
1876 2608 2004 2648 supc-

1147 2653 1254 2696 riori
1267 2663 1417 2698 noster
1433 2654 1606 2699 Ennius
1621 2674 1630 2708 ;
1647 2657 1793 2713 itaque
1808 2658 1941 2700 etiam
1959 2658 2005 2700 in

1147 2718 1379 2775 sepulchro
1389 2719 1647 2778 Scipionum
1661 2721 1799 2777 (quod
1810 2723 1878 2764 via
1890 2723 2004 2779 App.

1149 2786 1267 2830 intra
1287 2787 1480 2844 primum
1501 2788 1553 2830 ab
1574 2788 1681 2830 urbe
1698 2787 1911 2844 lapidem)
1924 2805 2006 2844 pu—

1150 2857 1267 2895 tatur
1283 2853 1316 2896 is
1338 2868 1427 2896 esse
1458 2853 1721 2896 constitutus
1746 2869 1770 2895 e
1800 2868 2006 2895 marmo-

1151 2935 1213 2962 re.
1234 2937 1255 2956 »
1285 2918 1431 2961 Livius
1450 2933 1556 2960 vero
1572 2950 1584 2972 ,
1611 2932 1762 2960 xxx111
1779 2951 1791 2973 ,
1822 2919 1901 2973 56,
1934 2936 2009 2962 re·—

1151 2985 1238 3028 sert
1258 2984 1305 3027 in
1322 2983 1582 3039 Scipionum
1602 2993 1899 3027 monumento
1917 2993 2006 3028 tres

1153 3066 1243 3094 esse
1275 3057 1436 3092 statuas
1451 3081 1462 3102 ,
1493 3064 1684 3104 quarum
1704 3048 1802 3091 duae
1822 3050 1873 3092 P.
1891 3057 1936 3092 et
1957 3049 2009 3091 L.

1155 3114 1413 3171 Scipionum
1426 3117 1623 3156 dr'cunlur
1633 3126 1742 3157 esse:
1759 3114 1886 3156 tertia
1900 3130 2009 3170 poe-

1155 3191 1216 3226 tae¹
1233 3181 1293 3237 Q.
1327 3179 1475 3222 Ennii.
1502 3202 1557 3213 —
1591 3181 1710 3222 Vere
1734 3189 1910 3236 poetam
1938 3181 2007 3224 hic

1156 3262 1359 3304 agnoscas
1374 3278 1386 3300 ,
1410 3245 1454 3288 in
1479 3254 1710 3302 poetarum
1731 3279 1743 3300 ,
1766 3254 1810 3288 et
1829 3261 2009 3302 poeseos

1155 3312 1305 3355 laudes
1326 3310 1550 3367 splendide
1578 3319 1898 3354 excurrentem.

1213 3378 1259 3430 41
1274 3394 1305 3418 ι.
1317 3377 1484 3418 lacent.
1495 3376 1673 3419 Manent
1684 3392 1797 3418 unus
1812 3376 2009 3429 Heinsiif,

1143 3457 1408 3498 ‚operosaque
1426 3440 1571 3497 idem,
1593 3457 1696 3486 eum
1716 3458 1789 3488 sex
1814 3442 1915 3485 aliis.
