2268 3776
583 345 973 403 AMORUM
1019 345 1104 399 ΙΙ.
1161 343 1406 399 ELEG.
1463 345 1550 399 11.
1708 403 1712 407 ὁ
1889 350 1950 398 81

187 461 459 524 Conscius
480 457 732 521 assiduos
755 456 1033 519 commissi
1057 454 1218 517 tollet
1240 454 1500 515 honores.

268 559 412 640 Quis
438 556 623 619 mi'nor
651 569 736 617 est
764 568 972 627 autem,
1007 575 1173 636 quam
1204 551 1467 623 tacuisse,
1499 548 1702 611 labor?

188 654 287 716 Ille
314 653 514 738 placet,
551 665 837 734 versatque
869 649 1095 710 domum
1112 695 1127 721 ,
1152 670 1333 731 neque
1363 646 1591 708 verbera
1620 648 1789 709 sentit
1814 672 1828 707 :

201 770 229 779 '‘
270 749 370 812 Ille
398 764 598 834 potens
630 773 643 809 ε
674 747 801 819 alii,
834 746 1057 808 sordida
1085 745 1277 816 turba,
1304 744 1502 826 jacent.
1915 764 1967 806 30

193 849 364 922 Huic,
393 871 532 910 verae
560 860 625 908 ut
651 844 858 906 lateant
884 866 1088 917 causae,
1115 841 1405 921 finguntur
1437 841 1659 902 inanes:

247 1011 313 1052 27.
327 993 551 1037 Asst‘duos.
571 990 837 1048 Perpetuos;
860 987 919 1032 ita
939 1002 1039 1030 om-

192 1058 302 1103 nino
322 1056 558 1116 legendum
582 1062 672 1111 est,
694 1070 787 1098 non
813 1054 1038 1096 assiduus:

194 1123 375 1168 inferius
395 1122 510 1166 dicet
527 1121 659 1165 etiam
673 1153 685 1175 ,
707 1123 773 1163 sic
786 1122 870 1163 tibi
882 1134 1046 1175 semper

193 1192 337 1234 honos.
351 1188 481 1231 ΜΔΕ.
495 1186 631 1230 Recte
645 1218 656 1241 ,
676 1184 775 1228 licet
788 1183 935 1242 priscae
944 1182 1041 1227 edi-

193 1255 350 1310 tiones,
363 1254 572 1297 assiduus.
590 1253 792 1295 Conscius
804 1252 1037 1301 commissi,

193 1319 241 1364 id
270 1327 335 1364 est
360 1322 566 1371 cn‘mim‘s,
590 1315 712 1361 tollet
731 1313 921 1360 assiduos
946 1313 1040 1357 ho-

197 1401 329 1429 nores
353 1396 364 1425 :
383 1392 448 1428 est
466 1397 572 1426 vero
593 1380 754 1425 locutio
774 1394 866 1422 non
887 1378 1012 1423 obvia
1026 1410 1039 1434 ,

197 1452 344 1494 tollere
362 1451 539 1493 honores
552 1481 564 1500 ,
586 1461 667 1504 pro
687 1460 840 1502 capere
856 1475 870 1499 ,
898 1444 1013 1487 serre
1029 1460 1042 1496 ς

200 1515 398 1559 desumta
422 1529 446 1557 a
478 1512 672 1570 frugibus
689 1543 701 1566 ,
736 1524 842 1566 quas
862 1523 913 1552 ex
934 1506 1044 1564 agris

200 1579 404 1624 tollimus.
421 1578 584 1622 Bunm.

255 1644 320 1688 28.
338 1646 443 1700 Quis
449 1645 657 1686 minares!
664 1644 819 1684 autem.
827 1640 914 1682 Est
922 1642 1050 1681 cauto

202 1709 366 1754 malim.
387 1708 460 1753 Sic
478 1707 550 1752 lib.
570 1720 608 1750 11
624 1738 636 1762 ,
659 1705 755 1749 Art.
777 1703 923 1747 Amat.
943 1701 1020 1761 196
1038 1712 1049 1740 Ξ

242 1779 336 1811 Artis
350 1783 446 1810 erunt
461 1783 556 1808 cauto
570 1775 679 1808 mollia
695 1776 787 1817 jussa
799 1783 888 1806 mee.

206 1840 266 1884 At
278 1841 419 1898 prima
430 1839 563 1883 editio
576 1852 679 1882 cum
690 1835 857 1892 scriptis
871 1833 1052 1891 quibus-

205 1906 334 1962 dam,
365 1921 545 1962 unquam
577 1918 658 1961 pro
689 1907 842 1945 autem.
870 1900 931 1944 H.
965 1901 1053 1942 Est

204 1974 377 2024 bomini,
401 1969 566 2014 Moreti
585 1986 609 2013 a
623 1983 760 2012 manu
774 1966 926 2025 prima.
947 1962 1050 2009 vid.

205 2037 271 2081 ad.
291 2051 351 2093 11,
375 2035 472 2080 Art.
497 2035 643 2079 Amat.
661 2033 756 2076 603.

254 2121 324 2164 ‚²9-
332 2104 413 2147 Ille
414 2105 562 2160 placet
568 2110 648 2146 etc.
662 2100 907 2143 Enumerat
917 2130 929 2153 ,
941 2110 1051 2154 quos

203 2170 296 2225 jam
313 2167 509 2226 praedixit
523 2199 537 2223 ,
558 2169 735 2211 honores
754 2165 952 2208 assaeiluos
971 2160 1051 2205 ad-

204 2234 322 2279 missi
337 2237 506 2278 conscae'o
519 2266 531 2285 ,
553 2232 589 2276 si
606 2229 800 2276 tacuerit.
813 2252 868 2262 —
885 2231 1054 2273 Versat-

180 2328 182 2330 -
203 2316 281 2356 que
301 2301 476 2343 domum.
503 2298 595 2342 Pro
624 2295 802 2340 arbitrio
823 2303 964 2339 totam
982 2294 1048 2336 fa-

204 2366 370 2410 miliam
382 2365 494 2424 regit
508 2382 519 2418 ;
533 2364 664 2422 agitat
675 2362 866 2419 reliquos
877 2375 1024 2405 servos
1037 2391 1050 2414 ,

205 2441 251 2476 et
265 2432 314 2476 iis
335 2432 533 2489 imperat.
555 2429 672 2474 Sunt
689 2428 763 2485 qui
774 2442 854 2485 pro
875 2425 1053 2470 arbitrio

204 2501 337 2542 volvit
346 2498 705 2553 interpretentur.
717 2492 958 2549 Singularis
975 2489 1054 2534 ad-

206 2562 392 2608 modum
410 2562 532 2606 verbi
558 2561 692 2618 hujus
709 2575 876 2604 versam
897 2556 1055 2600 effica-

205 2629 322 2673 citas.
342 2627 434 2672 Cic.
446 2643 529 2685 pro
549 2626 725 2671 Cluent.
746 2625 799 2668 26
816 2637 827 2664 ε
851 2642 872 2661 «
896 2622 1056 2679 Quum

206 2693 330 2738 domi
355 2709 444 2738 suae
473 2691 744 2736 miserrimus
772 2699 818 2734 et
845 2687 1056 2732 inanissi-

206 2775 307 2804 mus
326 2767 501 2804 tantum
517 2772 761 2802 mimorum
778 2755 969 2812 positum
987 2753 1057 2795 vi-

208 2825 335 2870 deret
349 2858 362 2882 ,
380 2823 435 2869 ad
452 2839 635 2867 omnem
654 2822 865 2866 malitiam
875 2829 920 2864 et
934 2821 1057 2877 frau-

208 2889 313 2949 dem
331 2905 499 2935 unam
515 2897 715 2933 mentem
733 2902 858 2931 suam
875 2885 1016 2942 coepit.
1031 2902 1055 2924 υ

210 2954 363 3013 Virgil.
383 2954 561 3001 AEneid.
588 2970 661 3011 lv,
687 2955 800 2998 630:

207 3031 320 3072 Atque
331 3030 478 3063 animun
491 3040 579 3064 nunc
590 3029 654 3062 huc
670 3030 819 3069 celerem,
835 3041 923 3061 nime
936 3028 1057 3061 dividit

330 3091 428 3131 illuc,

208 3155 249 3186 In
260 3160 433 3197 partesque
445 3153 530 3195 rapit
542 3156 661 3195 varias,
676 3165 798 3197 perque
813 3154 922 3186 omnia
935 3161 1057 3188 versat.

210 3224 363 3280 Idem,
386 3224 564 3268 AEneid.
585 3238 674 3269 v111
688 3258 700 3279 ,
722 3227 801 3284 617
825 3243 836 3269 t

206 3301 270 3333 Ille
285 3303 362 3334 Dea
373 3300 468 3332 donis
479 3307 512 3332 et
526 3307 616 3332 tento
624 3300 719 3333 taetus
730 3301 852 3332 honore

210 3363 346 3405 Expleri
361 3363 496 3405 nequit,
514 3368 576 3393 etc.
595 3384 603 3392 .
622 3384 631 3392 .
650 3384 658 3393 .
677 3384 685 3392 .
706 3384 714 3392 .

209 3425 418 3468 Miraturque
428 3448 440 3464 ‚
456 3424 604 3466 interque
616 3433 731 3455 manus
749 3429 779 3454 et
797 3423 924 3455 brachia
937 3432 1054 3457 versat.

213 3486 347 3531 Unde
368 3487 570 3543 Propert.
591 3499 671 3541 111,
704 3485 823 3543 Eleg.
844 3499 893 3530 xx
912 3519 923 3541 ‚
953 3504 968 3528 ι
992 3498 1002 3529 1

402 3581 444 3634 I
443 3581 479 3634 I
480 3622 491 3633 .

1119 994 1212 1039 Quid
1228 995 1367 1034 minre,
1395 1006 1499 1027 metm
1520 995 1548 1026 si
1568 1003 1680 1028 verm
1700 994 1821 1028 semin·
1844 996 1944 1029 vium
1960 999 1977 1029 ¹?

1123 1056 1267 1102 Cicer.
1282 1072 1364 1114 pro
1378 1055 1558 1100 Muren.
1579 1073 1626 1099 ια
1643 1089 1655 1111 ,
1671 1056 1715 1100 id
1732 1056 1823 1102 aliis
1835 1058 1978 1102 verbis

1120 1127 1318 1166 cuntem
1329 1155 1341 1174 ,
1362 1129 1407 1166 et
1418 1125 1464 1164 in
1483 1124 1676 1165 manibus
1678 1122 1854 1177 jactare
1866 1158 1876 1175 ,
1898 1139 1980 1167 vo-

1120 1187 1244 1231 cavit.

1176 1252 1243 1295 30.
1274 1253 1355 1295 Ille
1373 1254 1526 1308 placet
1550 1253 1728 1296 domine
1749 1267 1766 1306 ,·
1808 1255 1983 1296 sordida

1122 1317 1447 1372 1urba,jacent.
1465 1315 1533 1359 lta
1547 1316 1594 1359 in
1615 1315 1809 1373 quodam
1831 1317 1981 1362 codice

1122 1382 1311 1441 legitur:
1332 1381 1407 1427 sed
1437 1381 1546 1425 mihi
1571 1382 1708 1439 magis
1729 1382 1869 1440 placet
1895 1400 1982 1426 ve-

1123 1455 1239 1491 tusta
1254 1447 1381 1493 lectio
1398 1480 1410 1503 ,
1427 1449 1508 1490 Ille
1516 1453 1672 1503 polens
1688 1450 1867 1492 domine
1878 1483 1890 1501 ,
1909 1450 1983 1492 sci·

1126 1514 1226 1557 licet
1239 1519 1309 1557 cst
1327 1527 1339 1553 ,¹
1355 1513 1399 1556 id
1420 1522 1486 1557 est
1499 1546 1512 1567 ,
1535 1514 1608 1570 qui
1625 1514 1739 1571 apud
1754 1513 1981 1558 dominam

1128 1579 1316 1622 maxima
1320 1582 1519 1635 potentia
1537 1578 1678 1633 valet,
1702 1587 1751 1623 ut
1770 1579 1982 1636 quidquid

1130 1645 1318 1690 voluerit
1333 1677 1345 1701 ,
1369 1654 1495 1704 cogat
1514 1646 1652 1703 ipsam
1676 1646 1831 1690 facere.
1852 1647 1985 1690 MAn.

1130 1734 1186 1746 —
1221 1712 1473 1756 Puteaneus
1496 1743 1509 1766 ,
1560 1711 1859 1755 Mentelianus
1876 1746 1888 1767 ,
1941 1721 1986 1756 et

1129 1777 1345 1821 Arundel.
1366 1810 1379 1833 ,
1411 1780 1494 1820 Ille
1514 1782 1698 1833 potem-,⁶
1724 1777 1820 1831 alii,
1846 1781 1987 1821 sonii-

1130 1845 1189 1887 da
1209 1845 1353 1893 turba,
1365 1842 1536 1896 jacent.
1558 1840 1694 1898 Quod
1713 1857 1768 1885 eo
1786 1843 1987 1900 sequitur

1131 1908 1304 1963 Heins.,
1319 1907 1420 1965 quia
1427 1911 1578 1964 placet
1589 1909 1678 1964 jam
1697 1919 1987 1965 precesserat.

1129 1998 1185 2008 —
1200 1977 1353 2019 Cetem
1367 1976 1503 2027 turba,
1521 1973 1638 2031 quod
1657 1974 1787 2031 vulgo
1801 1974 1959 2033 legitur
1976 2009 1988 2030 ,

1048 2068 1049 2071 =
1132 2057 1183 2085 ex
1208 2039 1334 2084 obvia
1360 2039 1581 2083 locutione
1603 2039 1718 2096 apud
1741 2040 1954 2084 Nostrum
1975 2074 1988 2094 ,

1133 2122 1158 2149 a
1177 2105 1326 2150 scribis
1343 2105 1583 2161 repetitum
1604 2114 1682 2148 est.
1704 2104 1795 2148 Sed
1816 2108 1991 2148 sordida

1131 2171 1371 2228 opponitur
1386 2170 1542 2213 melius
1556 2174 1732 2225 potenti
1749 2186 1762 2211 :
1786 2169 1855 2211 cui
1871 2179 1989 2213 recte

1133 2238 1267 2282 etiam
1301 2237 1540 2294 opponitur
1562 2237 1715 2291 jacere
1730 2268 1743 2290 ‚
1783 2236 1902 2292 quod
1934 2237 1990 2279 de

1134 2303 1315 2347 homine
1332 2335 1345 2358 ,
1364 2302 1438 2359 qui
1453 2301 1689 2359 negligitur
1705 2334 1717 2355 ,
1737 2309 1782 2343 et
1799 2316 1892 2343 non
1908 2317 1992 2358 po-

1135 2377 1219 2413 test
1230 2368 1437 2424 consequi
1457 2366 1716 2424 dignitatem
1731 2399 1744 2420 ,
1766 2366 1990 2423 eleganter

1136 2434 1242 2478 dixit
1257 2432 1349 2477 Cic.
1368 2446 1429 2476 111
1442 2466 1453 2483 ‚
1471 2431 1527 2475 de
1548 2430 1641 2476 Off.
1662 2447 1740 2474 20:
1763 2449 1784 2468 «
1802 2429 1855 2474 C.
1876 2431 1988 2474 Ma-

1135 2502 1226 2544 rius
1251 2515 1391 2557 quum
1421 2515 1446 2542 a
1476 2514 1551 2555 spe
1578 2497 1827 2541 consulatus
1859 2497 1990 2555 longe

1138 2567 1303 2611 abesset
1319 2598 1331 2620 ,
1363 2573 1407 2608 et
1433 2566 1525 2622 jam
1547 2563 1786 2620 septimum
1820 2579 1988 2606 annum

1123 2633 1310 2688 jacent.
1335 2649 1358 2669 υ
1380 2631 1543 2674 Bmm.

1192 2699 1259 2741 31.
1278 2699 1410 2752 Huic,
1423 2713 1531 2739 vem
1549 2702 1600 2739 ut
1617 2699 1804 2746 lateant,
1827 2711 1986 2741 causoe.

1140 2763 1305 2808 Causas
1342 2767 1494 2806 thanes
1507 2796 1518 2813 ,
1542 2761 1586 2803 id
1608 2770 1673 2803 est
1694 2760 1817 2803 salsas
1834 2792 1846 2813 ,
1858 2763 1997 2816 fingit

1138 2829 1254 2888 apud
1268 2828 1479 2872 maritum
1499 2842 1666 2880 servus,
1687 2841 1745 2868 ne
1765 2841 1888 2868 veras
1902 2841 1994 2868 sus-

1138 2896 1308 2954 picetur
1322 2928 1335 2950 ,
1367 2893 1654 2951 quamobrem
1679 2905 1790 2933 uxor
1810 2889 1895 2934 hoc
1922 2891 1994 2934 vel

1091 2992 1098 2997 »
1137 2960 1245 3004 illud
1264 2960 1403 3018 egerit
1419 2976 1431 3010 3
1451 2958 1538 3001 huc
1551 2957 1680 2999 iverit
1694 2955 1882 2999 autilluc
1901 2971 1914 3000 :
1934 2956 1995 2999 ita

1139 3036 1189 3070 ut
1208 3026 1419 3070 ambobus
1449 3038 1572 3079 aeque
1606 3021 1845 3077 probetur,
1873 3022 1993 3078 quod

1138 3093 1217 3137 uni
1255 3099 1431 3135 tantum
1463 3087 1611 3130 secisse
1651 3085 1825 3144 placuit.
1869 3087 1992 3130 Hinc

1139 3166 1302 3216 quanta
1315 3157 1475 3212 Bagoae
1482 3153 1833 3209 bonorumseges
1846 3154 1854 3195 !
1874 3152 1991 3208 Quae

1138 3238 1244 3266 vero
1257 3219 1372 3277 apud
1383 3219 1548 3262 inferos
1566 3226 1751 3279 manent
1764 3217 1989 3274 supplicia,

1138 3289 1174 3333 si
1201 3285 1482 3331 commissam
1509 3283 1588 3326 sibi
1621 3281 1851 3325 dominam
1876 3297 1992 3338 pro-

1140 3351 1301 3398 diderit
1319 3351 1328 3393 !
1362 3350 1522 3406 Sicque
1544 3347 1681 3391 modo
1702 3364 1801 3405 spe,
1823 3356 1994 3391 terrore

1140 3417 1290 3471 modo,
1307 3415 1597 3468 dubitantem,
1614 3429 1702 3470 quo
1711 3413 1815 3456 velit
1827 3446 1839 3468 ,
1850 3421 1994 3456 tentat

1142 3485 1356 3535 adducere
1374 3492 1542 3527 astutus
1557 3481 1764 3538 nequitiae
1774 3481 1992 3537 magister.

1724 3575 1759 3629 6
