2268 3776
617 302 875 361 ARTIS
918 300 1392 356 AMATORIAE
1434 302 1594 356 LIB.
1641 302 1688 354 Ι.

1933 297 2039 375 247

349 423 544 486 Hostis
573 422 642 483 ab
672 419 845 481 invito
874 441 1043 496 regna
1070 430 1298 500 parente
1326 418 1487 500 rapit.

269 523 358 582 Tu
389 520 481 603 pia
513 516 615 579 tela
643 515 808 587 screa,
841 513 1127 575 sceleratas
1157 511 1250 574 ille
1278 514 1540 591 sagittas:

353 616 594 691 Stabunt
618 637 722 697 pro
754 612 927 691 signis
952 612 1152 695 jusque
1177 610 1442 695 piumque
1467 609 1593 669 tuiS.

1965 641 2046 670 200

272 714 586 774 Vincuntur
611 734 773 772 causa
802 710 994 772 Parthi
1017 735 1030 783 ς
1054 710 1344 770 vincantur
1371 722 1428 768 et
1452 706 1632 768 armis.

350 811 499 870 ans
528 808 687 869 Latio
717 808 829 869 dux
855 832 1010 870 meus
1035 806 1200 869 addat
1232 827 1383 890 opes.

272 907 533 988 Marsque
564 919 742 989 pater,
779 907 1069 989 Caesarque
1092 918 1276 989 pater,
1309 901 1431 963 date
1460 923 1667 962 numen
1695 898 1879 961 eunti!

348 1005 490 1063 Nam
520 1004 673 1064 Deus
706 1027 735 1064 e
764 1003 927 1064 vobis
956 1002 1095 1064 alter
1122 1026 1180 1064 es
1214 1028 1228 1063 :
1260 1000 1398 1063 alter
1423 1000 1546 1061 eris·

268 1103 534 1182 Auguror
558 1126 655 1175 en3
683 1102 894 1174 vinces3
918 1101 1210 1184 votivaque
1240 1098 1480 1161 carmina
1501 1097 1723 1159 reddam
1747 1145 1764 1171 ‚

1967 1117 2047 1159 205

348 1201 422 1260 Et
450 1212 652 1279 magno
679 1199 847 1260 nobis
876 1222 971 1259 ore
997 1196 1280 1259 sonandus
1308 1196 1431 1259 eris.

270 1296 580 1369 Consistes;
614 1297 893 1380 aciemque
919 1296 1056 1357 meis
1083 1294 1380 1356 hortabere
1410 1291 1610 1354 verbis.

351 1395 405 1454 O
435 1393 618 1455 desint
647 1395 845 1456 animis
874 1419 943 1456 ne
970 1418 1091 1455 mea
1119 1392 1286 1454 verba
1313 1390 1458 1452 tuis!

268 1498 558 1580 Tergaque
588 1496 919 1558 Parthorum
938 1543 954 1570 ‚
989 1499 1351 1579 Romanaque
1377 1507 1603 1578 pectora
1632 1492 1845 1564 dicam3

349 1598 593 1683 Telaque
612 1646 627 1673 ,
660 1600 730 1660 ab
760 1623 948 1660 averso
977 1623 1098 1683 quae
1122 1599 1253 1681 jacit
1273 1597 1455 1659 hostis
1483 1619 1647 1679 equo.

1970 1627 2052 1655 210

272 1703 390 1785 Qui
417 1703 593 1783 fugiS,
625 1719 690 1765 ut
721 1704 934 1777 vincas,
967 1704 1104 1787 quid
1130 1704 1299 1776 victo,
1329 1701 1558 1773 Parthe‚
1585 1698 1891 1783 relinquis?

330 1886 422 1946 198.
450 1886 603 1928 Hostis·
620 1887 674 1929 ab
688 1888 820 1929 1'1wito
833 1893 913 1928 etc.
931 1882 1120 1929 Parthus

269 1966 420 2008 regna,
443 1951 704 1996 Armeniam
732 1965 829 2009 quoe
857 1949 910 1994 ad
933 1949 1120 1995 Parthos

270 2015 489 2061 defecerat
503 2049 515 2072 ,
552 2021 666 2073 rapit
680 2033 710 2059 a
722 2021 918 2072 parente,
943 2015 995 2058 ab
1025 2014 1121 2059 Au-

268 2089 394 2140 gusto
421 2081 580 2126 scilieet
598 2099 608 2134 ;
624 2085 704 2137 pia
734 2081 868 2140 igitur
888 2095 985 2137 quae
1001 2080 1120 2136 fieres

268 2145 369 2202 tela,
382 2147 451 2204 ius
464 2156 702 2206 paternum
716 2146 989 2190 defensurus.
1002 2146 1121 2189 Sunt

269 2220 421 2258 tamen
450 2213 526 2270 qui
558 2212 612 2257 de
640 2212 830 2257 Phraate
863 2226 913 2255 ιν
938 2211 1120 2256 'intelli-

270 2284 376 2335 g'ant
393 2310 405 2333 ,
428 2278 504 2336 qui
522 2311 534 2334 ,
554 2278 782 2322 exturbato
812 2294 836 2322 e
867 2277 976 2322 solio
997 2286 1119 2334 patre

273 2342 429 2387 Orode
439 2376 450 2394 ‚
463 2357 616 2401 regem
629 2359 674 2387 se
686 2343 799 2386 illius
814 2343 859 2386 in
878 2342 1025 2386 locum
1038 2344 1123 2386 sus-

271 2407 385 2452 secit.
417 2407 508 2452 Sed
538 2407 710 2465 planior
739 2409 880 2452 multo
898 2441 910 2464 ,
944 2424 1040 2466 quae
1066 2408 1122 2451 ad

271 2471 524 2530 Augustum
542 2474 736 2517 refertur
750 2473 1067 2531 interpretatio.

329 2552 427 2580 200.
442 2537 626 2582 Stabunt
635 2555 715 2594 pm
732 2543 868 2596 signis
880 2547 960 2583 etc.
984 2539 1123 2582 lnce—

271 2600 381 2646 dent
411 2611 513 2648 ante
542 2603 664 2662 signa
680 2637 692 2660 ‚
716 2614 761 2649 et
782 2605 902 2662 quasi
931 2605 1048 2648 viam
1067 2604 1122 2647 ad

267 2667 496 2714 victoriam
515 2670 772 2729 adaperient
797 2672 941 2715 Pietas
959 2679 1003 2714 et
1023 2672 1054 2714 J
1058 2688 1123 2715 us-

268 2735 387 2791 titia,
408 2753 516 2794 pro,
543 2752 642 2795 quae
667 2738 863 2795 praeferri
894 2738 1092 2782 solebant
1107 2772 1120 2795 ‚

273 2800 598 2859 Imperatorum
618 2803 892 2862 imaginibus.

328 2882 424 2910 202.
435 2870 577 2913 Latio.
589 2867 705 2925 Conj
711 2879 856 2914 ecerat
867 2870 972 2914 olim
985 2871 1123 2915 Hein-

272 2931 359 2976 sius
374 2964 387 2988 ‚
409 2934 552 2977 latiis
566 2949 581 2977 .·
598 2943 650 2979 ut
670 2935 805 2993 Epist.
827 2949 884 2980 111
903 2970 915 2991 ,
936 2953 975 2980 v.
997 2937 1077 2980 86:

311 3003 404 3044 Quid
416 3003 534 3035 lacerat
546 3005 675 3036 Danu·
690 3004 827 3048 impiger
840 3008 965 3039 Hector
978 3019 1055 3050 opes
1065 3009 1084 3040 ?

329 3063 425 3107 203.
448 3063 568 3108 Date
580 3081 740 3110 namen.
763 3067 884 3112 Alios
899 3067 1043 3127 legere
1057 3073 1129 3112 Iu-

279 3144 394 3179 men,
419 3130 589 3174 notavit
607 3130 774 3174 Douza.

331 3195 426 3248 204.
458 3196 568 3239 Nam
589 3196 709 3238 Deus
736 3212 760 3239 e
780 3200 903 3240 vobis·
931 3199 1043 3240 alter
1056 3214 1127 3242 es:

275 3260 386 3301 alter
402 3264 498 3300 eric.
521 3258 730 3316 Intelligit
759 3268 907 3304 autem
932 3261 1128 3305 Martem

277 3331 323 3366 et
340 3323 589 3381 Augustum
604 3356 615 3380 ,
629 3323 683 3368 de
697 3324 853 3382 quibus
866 3325 1129 3383 praecedenti

280 3405 410 3433 versu
429 3390 600 3433 mentio
614 3390 686 3434 fit:
704 3407 894 3448 quorum
907 3392 1032 3446 alter,
1047 3392 1131 3437 hoc

281 3464 346 3499 est
366 3457 488 3501 Mars
502 3490 514 3512 ‚
530 3457 621 3513 jam
638 3457 761 3503 Deus
780 3467 898 3504 erat:
913 3458 1023 3503 alter
1042 3475 1130 3503 au-

1203 1892 1293 1928 tem
1307 1916 1319 1938 ,
1335 1881 1556 1941 Augustus
1569 1880 1749 1934 scilicet,
1760 1881 1933 1924 futurus
1947 1888 2054 1924 erat.

1203 1950 1255 1995 ld
1276 1948 1394 2008 quod
1409 1964 1460 1992 ex
1474 1964 1527 1992 eo
1537 1947 1763 2005 colligebat
1774 1955 1918 2004 poeta,
1933 1946 2052 2003 quod

1202 2015 1334 2061 etiam
1357 2023 1453 2058 tum
1473 2014 1573 2056 vivo
1593 2012 1729 2056 divini
1752 2011 1943 2055 honores
1963 2010 2052 2055 de-

1202 2080 1509 2124 cernebantur.
1546 2078 1649 2122 Non
1683 2085 1832 2120 autem
1865 2076 1919 2119 de
1943 2075 2055 2119 Caio

1204 2145 1437 2188 Tiberiove
1471 2141 1807 2201 intelligendum
1830 2158 1841 2185 :
1861 2157 2053 2198 quorum

1203 2208 1375 2263 neutri,
1390 2225 1535 2266 neque
1551 2209 1651 2251 vivo
1662 2240 1674 2262 ,
1688 2222 1833 2264 neque
1848 2215 2028 2250 mortuo
2039 2239 2052 2260 ,

1203 2274 1340 2319 divini
1359 2274 1552 2319 honores
1570 2274 1793 2318 constituti
1814 2274 1950 2317 suere.
1967 2274 2034 2316 M.

1260 2357 1354 2398 ²07·
1387 2343 1613 2384 consertes.
1644 2341 1698 2383 In
1720 2339 1809 2383 acie
1839 2338 2055 2383 accinctus

1203 2407 1366 2463 praelio.
1383 2406 1486 2451 Vid.
1506 2406 1559 2450 ad
1576 2408 1757 2451 Petron.
1783 2422 1833 2465 ¹9
1849 2437 1861 2458 ,
1880 2413 1924 2448 et
1935 2420 2054 2462 supr.

1206 2473 1342 2531 Epist.
1370 2488 1475 2527 xxt,
1503 2491 1592 2532 ¹¹7·
1620 2473 1740 2516 Male
1770 2471 1945 2516 Merula
1963 2504 1978 2525 ,
2009 2474 2057 2513 ia

1203 2538 1403 2583 eoncione
1412 2540 1550 2581 stabis
1566 2554 1579 2580 .·
1592 2542 1799 2581 consistes
1811 2543 1855 2580 et
1862 2551 2057 2593 quemque

1203 2613 1402 2661 excerpta
1438 2603 1651 2647 Vossiana
1681 2618 1691 2646 ε
1719 2607 1925 2658 etiamque
1951 2605 2057 2643 neit

1205 2667 1294 2712 duo
1309 2669 1378 2712 alii
1395 2686 1404 2713 :
1419 2673 1614 2726 aciesque
1627 2668 1822 2726 quinque
1840 2670 1949 2710 :tuis
1961 2683 2059 2709 ven-

1205 2738 1271 2778 bis
1291 2735 1424 2779 etiam
1446 2744 1545 2778 tres.
1567 2735 1729 2778 Bunu.

1262 2803 1356 2845 208.
1395 2804 1434 2845 0
1452 2804 1604 2845 desint.
1635 2803 1726 2844 Fac
1745 2802 1912 2853 desint,
1944 2813 2058 2842 unus

1206 2869 1455 2913 Vaticanus.

1263 2950 1310 2977 αι
1323 2952 1355 2977 1.
1403 2937 1491 2989 Qui
1504 2933 1632 2988 sugis·
1656 2966 1667 2982 ,
1710 2937 1760 2975 ut
1788 2935 1943 2974 vincas
1975 2939 2057 2974 etc.

1207 2999 1310 3044 Non
1344 3008 1409 3042 est
1439 2997 1557 3041 unde
1593 2996 1695 3054 quid
1732 2997 1780 3039 in
1814 2996 1899 3039 hoc
1927 3013 2057 3040 versu

1207 3080 1408 3117 moveas,
1435 3078 1569 3119 quem
1602 3071 1750 3106 tamen
1769 3077 1848 3104 suo
1862 3094 1875 3116 ,
1897 3070 1947 3104 ut
1967 3061 2057 3115 ait,

1201 3133 1412 3186 periculo,
1439 3128 1523 3185 legi
1539 3128 1600 3172 sic
1621 3128 1830 3172 Heinsius
1847 3127 2042 3171 volebat:

1208 3202 1276 3242 Qui
1283 3201 1370 3241 fugis
1378 3206 1413 3231 ut
1421 3199 1631 3241 vinens‚quid
1637 3198 1870 3238 vieto,Parthe,
1878 3199 2062 3241 relinques?

1211 3264 1414 3306 Primum
1447 3261 1568 3304 enim
1595 3261 1649 3305 ad
1678 3261 1856 3305 solitum
1886 3260 2061 3304 Parthis

1211 3344 1385 3372 morem
1406 3326 1574 3371 adludit
1592 3336 1720 3385 poeta
1736 3361 1748 3382 ‚
1773 3327 1848 3384 qui
1868 3327 2061 3371 victoriae

1210 3412 1333 3453 spem
1355 3403 1398 3437 et
1420 3392 1627 3438 fiduciam
1640 3394 1687 3436 iu
1702 3395 1803 3451 suga
1820 3394 2060 3451 ponebant,

1214 3463 1513 3519 (fidentemque
1525 3460 1647 3518 suga
1666 3462 1866 3504 Parthum
1878 3493 1891 3514 ‚
1911 3458 2068 3516 Virgil-
