2268 3776
574 298 834 355 ARTIS
875 296 1352 355 AMATORIAE
1395 297 1559 352 LIB.
1604 300 1692 352 ΙΙ.
1902 299 2006 352 325

323 418 437 478 Nec
467 439 592 476 cava
619 414 829 475 vesanis
858 413 1061 474 ictibus
1090 436 1195 474 aera
1224 428 1452 474 sonant:

1930 431 2013 473 6ιο

243 513 498 573 Attamen
524 511 668 572 inter
693 533 795 571 nos
823 510 1004 571 medio
1032 523 1319 571 versantur
1344 510 1402 569 in
1427 533 1567 582 usu;

326 607 433 668 Sed
462 607 569 679 sic,
602 607 745 667 inter
773 630 874 667 nos
904 621 969 667 ut
996 606 1219 668 latuisse
1248 605 1434 667 velint.

242 703 369 785 Ipsa
403 705 585 764 Venus
609 704 841 788 pubem,
874 704 1090 788 quoties
1119 702 1386 764 velamina
1417 701 1611 784 ponit,

323 799 637 878 Protegitur
666 799 793 860 laeva
823 800 1184 860 semireducta
1210 822 1391 860 manu.

240 895 308 955 In
337 896 518 957 medio
547 898 861 981 passimque
891 902 1005 957 co'it
1032 920 1234 981 pecus;
1259 895 1368 955 hoc
1397 917 1624 977 quoque
1651 893 1769 954 viso
1795 939 1810 965 ,

1933 909 2015 952 615

320 994 537 1053 Avertit
560 994 746 1056 vultus
777 1019 919 1079 saepe
947 994 1133 1078 puella
1159 1017 1307 1055 suos.

243 1090 593 1152 Conveniunt
620 1091 842 1153 thalami
870 1091 1033 1152 furtis
1065 1105 1119 1151 et
1143 1091 1310 1173 janua
1338 1088 1576 1149 nostris:

321 1187 564 1271 Parsque
599 1188 703 1248 sub
737 1188 934 1270 injecta
960 1202 1109 1249 veste
1139 1186 1398 1271 pudenda
1426 1185 1574 1247 latet.

240 1285 316 1344 Et
342 1285 389 1345 si
417 1309 530 1345 non
560 1284 836 1359 tenebras,
863 1301 920 1348 at
950 1285 1213 1369 quiddam
1241 1284 1411 1345 nubis
1435 1305 1618 1366 opacae

322 1381 663 1461 Quaerimus3
693 1397 857 1466 atque
885 1382 1091 1465 aliquid
1120 1381 1241 1441 luce
1269 1394 1490 1463 patente
1519 1377 1719 1437 minus.

1935 1394 2019 1436 620

243 1477 402 1536 Tunc
422 1499 668 1559 quoque,
685 1501 857 1560 quum
876 1476 1047 1538 solem
1067 1476 1316 1537 nondum
1333 1475 1670 1560 prohibebat
1691 1487 1748 1533 et
1766 1472 1996 1532 imbrem

321 1573 565 1653 Tegula,
595 1575 692 1636 sed
724 1599 957 1658 quercus
988 1589 1131 1636 tecta
1160 1575 1456 1657 cibumque
1485 1573 1679 1643 dabat;

244 1677 308 1736 In
335 1700 556 1738 nemore
584 1692 747 1760 atque
776 1677 949 1738 antris
966 1724 981 1750 ,
1011 1701 1125 1737 non
1155 1676 1260 1738 sub
1288 1678 1451 1748 Jove,
1476 1677 1662 1757 juncta
1686 1674 1953 1758 voluptas.

323 1779 500 1839 Tanta
524 1778 649 1838 rudi
677 1778 892 1862 populo
925 1802 1053 1839 cura
1081 1777 1313 1862 pudoris
1343 1779 1489 1838 erat!

242 1879 320 1941 At
346 1904 494 1941 nunc
520 1880 806 1941 nocturnis
837 1879 1032 1942 titulos
1062 1879 1402 1963 imponimus
1432 1879 1596 1940 actis:

1939 1895 2022 1938 625

320 1983 508 2067 Atque
533 1985 733 2045 emitur
760 2009 960 2063 magno
989 1984 1097 2057 nil,
1126 1984 1236 2045 nisi
1263 2008 1427 2068 posse
1455 1983 1627 2066 loqui.

226 2083 462 2147 -Scilicet
488 2086 729 2148 excuties
757 2110 945 2147 omnes
973 2086 1310 2170 ubicumque
1339 2084 1577 2170 puellaS,

242 2262 318 2308 uhi
335 2263 478 2321 inquit
492 2296 504 2319 ,
525 2266 589 2309 Et
604 2269 786 2324 mystt‘m
805 2280 969 2308 vannus
991 2267 1094 2308 Iac-

242 2330 326 2372 chi.
354 2330 464 2374 Hac
490 2331 612 2374 enim
642 2331 891 2389 purgationi
916 2331 1093 2388 signifi—

245 2392 395 2438 candae
417 2393 703 2439 adhibebatur
718 2429 730 2450 ‚
754 2404 804 2438 ut
822 2395 982 2439 eodem
998 2395 1093 2440 loco

246 2459 440 2516 pluribus
458 2460 638 2518 explicat
655 2461 845 2505 Servius.

300 2523 395 2568 611.
426 2525 630 2568 Attamen
651 2529 762 2569 inter
775 2541 854 2570 nos
874 2535 953 2571 etc.
986 2526 1094 2570 Sen-

245 2606 318 2634 sus
345 2599 410 2635 est
429 2607 438 2634 :
457 2591 493 2635 si
513 2591 701 2635 Veneris
731 2608 850 2636 sacra
871 2607 964 2635 non
990 2601 1094 2636 sunt

246 2664 338 2699 tam
358 2656 543 2711 occulta,
558 2665 633 2700 aut
652 2659 773 2701 tanta
791 2658 998 2717 mysteria
1014 2691 1026 2712 ‚
1044 2666 1095 2700 ut

252 2719 427 2765 Cereris
450 2730 494 2765 et
514 2721 698 2765 aliorum
719 2722 957 2765 numinum
971 2755 982 2776 ,
1001 2738 1094 2765 non

249 2785 382 2830 etiam
395 2786 455 2830 ita
470 2795 617 2844 aperta
629 2786 794 2831 debent
809 2803 898 2830 esse
909 2822 920 2839 ,
937 2796 987 2830 ut
1001 2786 1095 2846 Cy-

249 2852 390 2909 beles,
411 2853 487 2898 ubi
512 2870 673 2899 vesano
694 2855 886 2899 tumultu
906 2863 951 2899 et
968 2872 1095 2915 cym-

249 2915 354 2964 halis
381 2933 451 2961 res
477 2918 644 2975 agitur;
665 2919 742 2963 sed
760 2919 924 2963 habent
943 2918 1094 2976 quod—

254 2979 357 3023 dam
373 2981 571 3027 medium
585 3015 597 3037 ,
619 2991 664 3026 et
682 2984 742 3027 ita
760 2983 877 3028 inter
894 2999 976 3027 nos
993 3000 1096 3028 ver-

253 3053 404 3088 santur
423 3046 550 3089 obvio
569 3063 651 3090 usu
663 3080 675 3102 ,
699 3057 743 3093 et
768 3049 971 3092 omnibus
988 3049 1095 3091 vul-

255 3116 354 3166 gato
367 3141 379 3164 ,
395 3118 445 3152 ut
459 3118 607 3154 tamen
626 3112 763 3155 velint
781 3113 1005 3167 intereos,
1021 3113 1096 3169 qui

253 3174 382 3218 sacris
399 3173 469 3218 his
487 3183 727 3231 operantur
745 3208 757 3230 ,
780 3176 914 3220 latere
932 3209 944 3231 ,
961 3185 1005 3220 et
1024 3193 1096 3221 se-

255 3246 426 3282 cretum
440 3239 522 3283 hoc
540 3240 746 3285 horribile
765 3242 922 3299 perire.
943 3243 997 3286 In
1013 3243 1097 3288 hoe

254 3320 383 3347 versu
429 3305 564 3348 modo
610 3306 969 3364 subintelligenda
1015 3324 1098 3351 vox

253 3374 397 3422 etiam,
422 3371 489 3413 vel
509 3376 661 3414 tamen.
680 3374 838 3415 Ictibus
856 3389 939 3415 oera
952 3379 1102 3416 soncn’t

257 3444 348 3479 erat
368 3437 414 3479 in
437 3436 604 3482 Moreti
623 3446 667 3482 et
686 3437 878 3495 quinque
899 3437 1003 3482 aliis.
1018 3438 1071 3482 B.

1230 2266 1325 2309 613.
1354 2268 1455 2321 Ipsa
1475 2267 1612 2308 Venus
1625 2267 1776 2318 pubem
1791 2272 1870 2307 etc.
1893 2264 2023 2319 Quis,

1175 2331 1311 2375 semel
1331 2330 1465 2373 modo
1486 2328 1671 2382 viderit,
1694 2344 1786 2371 non
1808 2328 1949 2372 adhuc
1967 2328 2025 2371 vi·

1176 2396 1280 2439 dere
1297 2412 1341 2439 se
1363 2395 1578 2439 existimet
1598 2394 1800 2437 eximiam
1813 2395 2026 2447 pudibun-

1175 2466 1239 2506 dae
1256 2465 1302 2507 V
1292 2466 1426 2506 meris
1436 2461 1693 2518 imaginem,
1702 2475 1852 2503 versus
1863 2460 2006 2515 legens
2016 2492 2026 2510 ,

1177 2529 1254 2584 qui
1266 2527 1411 2571 Deam
1425 2528 1559 2584 ipsam
1573 2559 1585 2579 ,
1598 2541 1652 2569 eo
1664 2541 1752 2582 quo
1766 2524 1949 2581 praebuit
1962 2540 2025 2567 ar·

1146 2601 1155 2609 ⁶
1176 2595 1279 2638 tifex
1313 2593 1506 2650 corporis
1538 2592 1622 2635 situ
1646 2624 1658 2646 ,
1694 2589 1877 2633 mirifice
1916 2588 2024 2632 adeo

1176 2656 1458 2714 exprimunt?

1230 2721 1324 2765 616.
1338 2723 1514 2764 Avertit.
1535 2721 1703 2764 Averta‘s
1716 2719 1879 2775 Regius
1892 2733 2027 2760 unus:

1175 2784 1252 2829 sed
1272 2794 1378 2830 tunc
1397 2792 1492 2829 tuos
1506 2784 1756 2842 legendum.

1231 2851 1327 2910 619.
1356 2853 1505 2894 Nubis.
1537 2851 1687 2892 Abelis
1717 2847 1806 2890 duo
1833 2845 1959 2900 libri,
1977 2850 2029 2888 bt

1176 2926 1387 2975 praeterea
1405 2949 1418 2970 ,
1441 2921 1566 2971 atque
1589 2916 1714 2956 aliud
1730 2916 1824 2955 luce
1848 2911 2028 2955 Vatica-

1176 3000 1260 3027 nus
1273 3016 1285 3037 ,
1306 2999 1409 3027 cum
1425 2981 1567 3037 prima
1589 2978 1795 3022 editione.

1231 3050 1327 3092 622.
1356 3049 1516 3090 Dabat.
1537 3047 1718 3089 Dabunt
1731 3043 1967 3088 patavinus
1982 3052 2027 3086 et

1179 3111 1567 3158 Francosurtensis.

1232 3179 1327 3235 627.
1356 3179 1529 3220 Scilt'cet
1551 3178 1750 3219 excuties.
1778 3174 1915 3217 Hunc
1934 3189 2026 3216 ver·

1177 3260 1276 3289 sum
1290 3253 1335 3287 et
1347 3251 1579 3300 sequentes
1596 3251 1684 3286 tres
1700 3239 2026 3297 interrogative,

1178 3320 1309 3367 atque
1343 3314 1542 3371 aponum<
1576 3308 1674 3365 lego
1691 3341 1702 3362 ,
1737 3304 2029 3363 exprobrandi

1178 3375 1266 3418 sive
1297 3372 1552 3431 increpandi
1572 3373 1724 3429 figura.
1758 3370 1899 3427 Quasi
1919 3386 2027 3412 mo-

1179 3448 1283 3483 neat
1303 3447 1431 3496 poeta
1451 3438 1636 3482 minime
1658 3437 1741 3482 hoc
1762 3452 1852 3482 esse
1874 3435 2031 3479 sacien-
