2268 3776
532 291 926 349 AMORUM
987 293 1075 347 ΙΙ.
1125 293 1369 349 ELEG.
1415 295 1631 352 XVII.

1865 268 1981 372 ε139

717 568 1123 639 ELEGIA
1190 568 1444 638 XVII.

966 734 1210 749 —

196 927 254 959 DE
276 925 484 959 connum
502 926 767 970 quanl'rmt,
788 927 978 958 mmmm
1000 927 1057 959 OB
1078 926 1258 959 FORUAE
1279 924 1627 959 PRAESTARUAM
1649 927 1981 961 summumne.

194 1061 284 1149 SI
318 1090 442 1173 quis
471 1086 602 1162 erit,
636 1087 734 1171 qui
765 1101 928 1171 turpe
960 1101 1123 1172 putet
1151 1088 1354 1150 servire
1385 1086 1613 1172 puellae,

273 1182 378 1245 Illo
405 1185 700 1246 convincar
722 1184 908 1267 judice
941 1185 1122 1270 turpis
1153 1209 1274 1264 ego.

191 1283 309 1344 Sim
338 1281 468 1345 licet
497 1282 745 1357 infami8‚
778 1282 912 1344 dum
942 1307 1029 1344 me
1059 1282 1399 1345 moderatius
1426 1299 1578 1357 urat,

271 1380 414 1461 Quae
441 1379 711 1463 Paphon,
742 1394 798 1441 et
825 1379 999 1441 fluctu
1035 1378 1199 1464 pulsa
1230 1379 1471 1463 Cythera
1502 1395 1667 1442 tenet.

189 1478 378 1560 Atque
404 1477 619 1539 utinam
646 1477 882 1537 dominae
910 1476 1063 1537 mitis
1093 1501 1318 1560 quoque
1346 1477 1533 1560 praeda
1561 1477 1824 1549 fuissem3
1958 1497 1981 1537 5

270 1576 551 1635 Formosae
579 1574 846 1658 quoniam
871 1573 1058 1657 praeda
1083 1573 1306 1636 futurus
1335 1577 1509 1636 eram!

189 1672 304 1734 Dat
331 1671 496 1734 facies
527 1672 740 1733 animos
761 1696 774 1745 ;
798 1671 934 1733 faeie
964 1670 1207 1733 violenta
1238 1671 1486 1732 Corinna
1513 1686 1626 1744 est3

269 1768 365 1828 Me
394 1767 685 1829 miserum!
716 1792 816 1829 cur
844 1781 928 1829 est
955 1782 1067 1828 tam
1093 1768 1236 1830 bene
1264 1782 1400 1829 nota
1426 1767 1580 1829 sih-i?

239 1949 278 1992 3.
307 1949 394 1994 Se'm
413 1951 515 1993 lt'cet
530 1948 720 2006 infamis.
744 1948 866 1992 Male
888 1947 1038 1992 audire

185 2029 279 2058 non
310 2022 512 2059 recusat:
534 2016 804 2071 iamdudum
832 2023 987 2058 notam
1016 2030 1041 2057 a

183 2097 230 2126 se
270 2096 364 2125 nou
397 2089 573 2125 amovet
588 2112 601 2135 ,
638 2078 884 2124 dummodo
914 2079 1039 2123 illum

185 2161 312 2189 amor
329 2152 428 2190 um!
443 2145 636 2203 parcius,
658 2145 703 2189 id
725 2153 814 2201 est,
836 2149 1039 2189 mitiorem

183 2210 415 2256 dominam
447 2211 620 2256 efficiat.
647 2233 703 2243 —
727 2211 923 2266 Infamelr.
956 2210 1037 2254 In-

185 2284 454 2334 terpretatur
483 2277 666 2321 Robert.
686 2276 897 2334 Stephan.
918 2276 1040 2332 quasi

184 2341 403 2398 sinefama
411 2359 424 2386 .·
435 2342 611 2396 rectius,
621 2357 724 2385 meo
736 2341 915 2398 quidem
929 2340 1040 2397 judi-

184 2406 269 2461 cio,
290 2407 324 2451 si
335 2407 710 2464 quemadmodum
713 2408 884 2464 famam
897 2423 921 2449 a
933 2407 1039 2462 fan-

185 2473 257 2523 do,
274 2471 334 2516 sic
353 2472 406 2516 ab
426 2472 606 2529 infando
622 2473 835 2516 infamem
857 2471 1037 2515 deriva-

186 2545 284 2580 tum
303 2536 487 2582 dixisset.
507 2539 611 2583 Non
632 2538 752 2582 enim
779 2538 814 2581 is
839 2537 1036 2594 infhmrlt,

186 2602 242 2646 de
264 2619 352 2660 quo
371 2618 529 2647 rumor
549 2604 735 2647 omnino
755 2603 929 2656 nullus;
961 2601 1039 2646 sed

184 2667 254 2712 ille
277 2668 449 2725 quince
460 2669 718 2713 nominatur
732 2669 929 2727 quidem,
949 2685 1039 2727 proe

183 2733 555 2794 pudore.—·Dum
575 2751 640 2779 me
658 2738 913 2779 moderatius
927 2742 1037 2779 urat.

187 2797 261 2843 Sic
297 2815 400 2844 cum
438 2800 694 2845 melioribus
739 2800 1036 2846 scribendum.

187 2862 428 2922 Pei-peram
445 2868 729 2910 moderantius
748 2867 924 2925 vulgati.
949 2868 1009 2911 H.

241 2928 280 2981 4.
316 2930 452 2973 Pulsa
494 2932 687 2988 Cythera.
731 2934 885 2976 Cincta
921 2948 1046 2976 unus*

189 2990 374 3036 Heinsii.
404 2996 556 3038 Μαι-1η
584 2999 701 3038 culta
713 3030 724 3047 ‚
754 3005 924 3054 septem
953 2997 1035 3040 alii.

187 3057 366 3100 Mucius
383 3062 498 3102 culta
511 3059 785 3104 Francosurt.
806 3062 973 3106 Moreti
992 3071 1038 3106 et

188 3131 378 3178 quatuor
388 3122 470 3166 alii.
485 3126 531 3166 E
530 3127 666 3180 fluctu
680 3132 784 3169 nata
798 3127 1036 3172 Vaticanus

187 3195 232 3230 et
257 3187 399 3244 prima
432 3187 578 3232 editio.
609 3192 673 3232 Et
689 3193 851 3245 fluctus
879 3208 1036 3248 equore

187 3258 312 3303 nata,
331 3252 496 3295 Moreti
511 3255 677 3297 tertius.
693 3256 872 3313 Cythera
886 3265 1033 3300 autem

189 3316 342 3373 plurali
354 3334 543 3361 numero
554 3318 703 3362 dixisse
716 3319 843 3364 docet
857 3321 1034 3366 Servius

189 3381 243 3424 ad
263 3381 333 3425 lib.
350 3395 392 3437 1,
416 3383 714 3438 AEneid.680;
735 3394 846 3440 etX,
870 3388 934 3430 51.
955 3386 1006 3430 B.
1025 3417 1039 3439 a

250 3448 288 3489 5.
325 3448 464 3504 Atque
501 3454 661 3493 ulmam
698 3452 873 3494 domz'nae
907 3456 1033 3495 mittr-

1123 1946 1482 2005 mrielegantius
1498 1963 1615 1991 unus
1628 1947 1796 1991 Moreti
1812 1956 1857 1991 et
1873 1949 1981 1993 Sar-

1122 2012 1325 2057 ravianus
1346 2028 1450 2056 cum
1471 2012 1608 2056 tribus
1630 2012 1746 2056 aliis:
1768 2022 1819 2057 ut
1845 2014 1980 2058 Trist.

1123 2090 1163 2120 11
1180 2110 1193 2133 ,
1221 2078 1299 2121 106
1317 2094 1327 2121 :

1161 2147 1273 2179 Prodn
1290 2146 1355 2178 fuit
1371 2147 1508 2179 canibus
1525 2158 1605 2179 num
1622 2148 1731 2179 mium
1749 2148 1806 2179 ine
1819 2148 1888 2179 sni·
1899 2148 1917 2179 ?

1179 2225 1214 2265 7.
1242 2212 1373 2252 Facie
1394 2211 1582 2251 violeum
1597 2210 1781 2251 Corinna
1800 2215 1876 2252 est.
1890 2212 1979 2252 Fa-

1122 2280 1212 2319 cies
1240 2279 1430 2319 violenta
1451 2278 1642 2319 Corirmae
1671 2281 1740 2318 est
1756 2293 1769 2319 τ
1789 2276 1981 2334 optimus

1123 2339 1347 2384 Palatinus
1364 2374 1375 2395 ,
1399 2341 1654 2384 Puteaneus
1684 2348 1729 2384 et
1762 2348 1850 2384 tres
1880 2341 1948 2384 alii
1969 2358 1977 2383 ;

1121 2421 1237 2449 unus
1252 2405 1375 2449 Med.
1390 2408 1433 2451 τὶ
1445 2412 1514 2449 est
1528 2421 1622 2449 non
1640 2405 1786 2450 habet.
1801 2405 1977 2449 Scribe:

1369 2502 1409 2512 ...
1430 2481 1545 2512 Facies
1564 2481 1708 2511 violenta
1724 2480 1872 2512 Corinn-

1123 2541 1907 2583 (Memiserumi)c=uestumbenenotuibi
1927 2542 1947 2572 7

1122 2602 1212 2647 Sed
1234 2603 1270 2647 si
1289 2603 1350 2646 ita
1368 2601 1484 2660 legas
1500 2635 1512 2656 ,
1527 2605 1619 2645 sibi
1633 2618 1716 2659 pro
1733 2605 1808 2645 e'lle'
1819 2611 1885 2647 est
1901 2620 1975 2647 ca-

1120 2666 1333 2724 piendum
1346 2699 1358 2721 ,
1376 2665 1495 2723 quod
1509 2665 1605 2710 fieri
1619 2667 1759 2710 solere
1779 2682 1873 2709 non
1890 2682 1974 2709 ne—

1121 2748 1177 2790 go
1191 2750 1202 2786 ;
1217 2732 1294 2776 sed
1314 2732 1416 2775 huic
1432 2732 1527 2775 loco
1546 2732 1615 2774 vix
1633 2732 1848 2788 congruit.
1862 2732 1974 2776 Res-

1119 2797 1237 2853 pexit
1263 2798 1377 2841 sorte
1407 2796 1618 2841 Heinsius
1645 2796 1702 2840 ad
1731 2797 1803 2840 illa
1835 2797 1971 2854 Epist.

1120 2875 1222 2905 xvu
1239 2896 1252 2918 ‚
1274 2864 1325 2921 37
1344 2879 1355 2906 ε

1160 2932 1233 2964 Aut
1247 2944 1318 2964 mea
1333 2933 1375 2964 sit
1379 2934 1492 2977 facies
1502 2944 1567 2964 non
1585 2933 1668 2964 bene
1684 2940 1766 2964 nota
1779 2933 1875 2964 milti.

1119 2994 1210 3039 Sed
1230 2995 1290 3038 ibi
1317 3011 1386 3038 res
1414 3003 1480 3038 est
1500 2994 1750 3051 perspicua;
1773 2994 1844 3038 hic
1863 3010 1971 3038 vero

1119 3060 1273 3103 dubito
1288 3061 1422 3102 etiam
1435 3076 1492 3102 an
1494 3060 1643 3115 fhcies
1655 3063 1842 3102 violenta
1855 3070 1974 3104 recte

1118 3125 1288 3168 dicatur
1299 3141 1451 3181 :quare
1462 3141 1544 3183 ego
1555 3134 1754 3168 veterem
1767 3126 1973 3168 omnium

1117 3191 1340 3234 editorum
1355 3191 1590 3235 lectionem
1603 3191 1757 3235 reduxi
1768 3225 1781 3245 ‚
1797 3200 1842 3235 et
1858 3208 1973 3248 pen-

1117 3265 1358 3300 tametrum
1372 3273 1453 3314 per
1464 3256 1747 3314 parenthesin
1761 3258 1972 3312 interjec-

1118 3331 1215 3366 tum
1236 3321 1595 3379 distinguendum
1618 3331 1738 3379 puto.
1775 3325 1971 3366 Violenta

1116 3387 1326 3443 estfacie,
1344 3387 1391 3430 id
1410 3396 1490 3440 est,
1508 3396 1690 3444 propter
1700 3388 1891 3431 sormam
1906 3396 1973 3430 est

1118 3468 1349 3509 arrogans,
1371 3452 1602 3509 impotens.
1623 3453 1787 3497 BURM.
