<?xml version="1.0" encoding="UTF-8"?>
<!DOCTYPE html PUBLIC "-//W3C//DTD XHTML 1.0 Transitional//EN"
    "http://www.w3.org/TR/xhtml1/DTD/xhtml1-transitional.dtd">
<html xmlns="http://www.w3.org/1999/xhtml" xml:lang="en" lang="en">
 <head>
  <title>
</title>
<meta http-equiv="Content-Type" content="text/html;charset=utf-8" />
  <meta name='ocr-system' content='tesseract 3.04.00' />
  <meta name='ocr-capabilities' content='ocr_page ocr_carea ocr_par ocr_line ocrx_word'/>
</head>
<body>
  <div class='ocr_page' id='page_1' title='image "./quaeextantomniao02oviduoft_0212.png"; bbox 0 0 2268 3776; ppageno 0'>
   <div class='ocr_carea' id='block_1_1' title="bbox 339 306 440 379">
    <p class='ocr_par' dir='ltr' id='par_1_1' title="bbox 339 306 440 379">
     <span class='ocr_line' id='line_1_1' title="bbox 339 306 440 379; baseline 0.01 -22"><span class='ocrx_word' id='word_1_1' title='bbox 339 306 440 379; x_wconf 84' lang='lat'><strong>198</strong></span> 
     </span>
    </p>
   </div>
   <div class='ocr_carea' id='block_1_2' title="bbox 785 302 1650 360">
    <p class='ocr_par' dir='ltr' id='par_1_2' title="bbox 785 302 1650 360">
     <span class='ocr_line' id='line_1_2' title="bbox 785 302 1650 360; baseline 0.003 -5"><span class='ocrx_word' id='word_1_2' title='bbox 785 303 850 355; x_wconf 91' lang='lat' dir='ltr'><strong>P.</strong></span> <span class='ocrx_word' id='word_1_3' title='bbox 899 303 1207 359; x_wconf 89' lang='lat' dir='ltr'><strong>OVIDII</strong></span> <span class='ocrx_word' id='word_1_4' title='bbox 1258 302 1650 360; x_wconf 88' lang='lat' dir='ltr'><strong>NASONIS</strong></span> 
     </span>
    </p>
   </div>
   <div class='ocr_carea' id='block_1_3' title="bbox 324 417 2110 984">
    <p class='ocr_par' dir='ltr' id='par_1_3' title="bbox 326 417 1715 597">
     <span class='ocr_line' id='line_1_3' title="bbox 326 417 1715 499; baseline -0.001 -20"><span class='ocrx_word' id='word_1_5' title='bbox 326 419 404 479; x_wconf 85' lang='lat' dir='ltr'><strong>At</strong></span> <span class='ocrx_word' id='word_1_6' title='bbox 429 440 577 477; x_wconf 90' lang='lat' dir='ltr'><strong>nunc</strong></span> <span class='ocrx_word' id='word_1_7' title='bbox 595 463 609 488; x_wconf 83' lang='lat'><strong>‚</strong></span> <span class='ocrx_word' id='word_1_8' title='bbox 643 431 889 499; x_wconf 82' lang='lat' dir='ltr'>exaequet</span> <span class='ocrx_word' id='word_1_9' title='bbox 919 418 1138 478; x_wconf 84' lang='lat' dir='ltr'><strong>tetricas</strong></span> <span class='ocrx_word' id='word_1_10' title='bbox 1168 417 1296 478; x_wconf 86' lang='lat' dir='ltr'><strong>licet</strong></span> <span class='ocrx_word' id='word_1_11' title='bbox 1323 418 1420 478; x_wconf 88' lang='lat' dir='ltr'><strong>illa</strong></span> <span class='ocrx_word' id='word_1_12' title='bbox 1447 419 1682 478; x_wconf 83' lang='lat' dir='ltr'><strong>Sabinas</strong></span> <span class='ocrx_word' id='word_1_13' title='bbox 1699 464 1715 490; x_wconf 84' lang='grc'><strong>.,</strong></span> 
     </span>
     <span class='ocr_line' id='line_1_4' title="bbox 407 513 1685 597; baseline -0.001 -24"><span class='ocrx_word' id='word_1_14' title='bbox 407 517 649 596; x_wconf 80' lang='lat' dir='ltr'><strong>Imperat</strong></span> <span class='ocrx_word' id='word_1_15' title='bbox 673 528 738 573; x_wconf 86' lang='lat' dir='ltr'><strong>ut</strong></span> <span class='ocrx_word' id='word_1_16' title='bbox 768 529 938 597; x_wconf 85' lang='lat' dir='ltr'><strong>captae</strong></span> <span class='ocrx_word' id='word_1_17' title='bbox 955 560 970 588; x_wconf 90' lang='lat'>,</span> <span class='ocrx_word' id='word_1_18' title='bbox 998 514 1094 597; x_wconf 89' lang='lat' dir='ltr'><strong>qui</strong></span> <span class='ocrx_word' id='word_1_19' title='bbox 1124 514 1252 574; x_wconf 90' lang='lat' dir='ltr'><strong>dare</strong></span> <span class='ocrx_word' id='word_1_20' title='bbox 1280 513 1455 574; x_wconf 82' lang='lat' dir='ltr'><strong>multa</strong></span> <span class='ocrx_word' id='word_1_21' title='bbox 1482 528 1685 596; x_wconf 86' lang='lat' dir='ltr'><strong>potest.</strong></span> 
     </span>
    </p>

    <p class='ocr_par' dir='ltr' id='par_1_4' title="bbox 324 608 1772 789">
     <span class='ocr_line' id='line_1_5' title="bbox 324 608 1772 692; baseline -0.001 -22"><span class='ocrx_word' id='word_1_22' title='bbox 324 611 420 670; x_wconf 87' lang='lat' dir='ltr'><strong>Me</strong></span> <span class='ocrx_word' id='word_1_23' title='bbox 450 609 716 692; x_wconf 88' lang='lat' dir='ltr'><strong>prohibet</strong></span> <span class='ocrx_word' id='word_1_24' title='bbox 744 625 931 671; x_wconf 85' lang='lat' dir='ltr'><strong>custos</strong></span> <span class='ocrx_word' id='word_1_25' title='bbox 954 635 965 670; x_wconf 75' lang='grc' dir='ltr'><strong><em>ε</em></strong></span> <span class='ocrx_word' id='word_1_26' title='bbox 991 611 1051 669; x_wconf 89' lang='lat' dir='ltr'><strong>in</strong></span> <span class='ocrx_word' id='word_1_27' title='bbox 1075 633 1161 670; x_wconf 90' lang='lat' dir='ltr'><strong>me</strong></span> <span class='ocrx_word' id='word_1_28' title='bbox 1192 609 1348 670; x_wconf 85' lang='lat' dir='ltr'><strong>timet</strong></span> <span class='ocrx_word' id='word_1_29' title='bbox 1374 608 1470 668; x_wconf 87' lang='lat' dir='ltr'><strong>illa</strong></span> <span class='ocrx_word' id='word_1_30' title='bbox 1498 609 1772 670; x_wconf 84' lang='lat' dir='ltr'><strong>maritum.</strong></span> 
     </span>
     <span class='ocr_line' id='line_1_6' title="bbox 409 705 1572 789; baseline -0.001 -23"><span class='ocrx_word' id='word_1_31' title='bbox 409 707 468 766; x_wconf 89' lang='lat' dir='ltr'><strong>Si</strong></span> <span class='ocrx_word' id='word_1_32' title='bbox 500 707 768 781; x_wconf 81' lang='lat' dir='ltr'><strong>dederim,</strong></span> <span class='ocrx_word' id='word_1_33' title='bbox 796 723 915 768; x_wconf 85' lang='lat' dir='ltr'><strong>tota</strong></span> <span class='ocrx_word' id='word_1_34' title='bbox 943 708 1100 768; x_wconf 85' lang='lat' dir='ltr'><strong>cedet</strong></span> <span class='ocrx_word' id='word_1_35' title='bbox 1124 721 1356 789; x_wconf 86' lang='lat' dir='ltr'><strong>uterque</strong></span> <span class='ocrx_word' id='word_1_36' title='bbox 1389 705 1572 766; x_wconf 75' lang='lat' dir='ltr'><strong>domo,</strong></span> 
     </span>
    </p>

    <p class='ocr_par' dir='ltr' id='par_1_5' title="bbox 331 802 2110 984">
     <span class='ocr_line' id='line_1_7' title="bbox 331 802 2110 888; baseline -0.001 -23"><span class='ocrx_word' id='word_1_37' title='bbox 331 807 411 879; x_wconf 85' lang='lat' dir='ltr'><strong>O,</strong></span> <span class='ocrx_word' id='word_1_38' title='bbox 442 805 489 864; x_wconf 91' lang='lat' dir='ltr'><strong>si</strong></span> <span class='ocrx_word' id='word_1_39' title='bbox 518 804 755 883; x_wconf 83' lang='lat' dir='ltr'><strong>neglecti</strong></span> <span class='ocrx_word' id='word_1_40' title='bbox 784 805 1076 888; x_wconf 88' lang='lat' dir='ltr'><strong>quisquam</strong></span> <span class='ocrx_word' id='word_1_41' title='bbox 1106 806 1259 865; x_wconf 91' lang='lat' dir='ltr'><strong>Deus</strong></span> <span class='ocrx_word' id='word_1_42' title='bbox 1289 802 1442 863; x_wconf 85' lang='lat' dir='ltr'><strong>ultor</strong></span> <span class='ocrx_word' id='word_1_43' title='bbox 1470 803 1730 876; x_wconf 82' lang='lat' dir='ltr'><strong>amantis,</strong></span> <span class='ocrx_word' id='word_1_44' title='bbox 2055 822 2110 864; x_wconf 84' lang='lat'><strong>65</strong></span> 
     </span>
     <span class='ocr_line' id='line_1_8' title="bbox 411 899 1647 984; baseline -0.002 -24"><span class='ocrx_word' id='word_1_45' title='bbox 411 902 550 960; x_wconf 86' lang='lat' dir='ltr'><strong>Tam</strong></span> <span class='ocrx_word' id='word_1_46' title='bbox 575 899 714 960; x_wconf 86' lang='lat' dir='ltr'><strong>male</strong></span> <span class='ocrx_word' id='word_1_47' title='bbox 742 901 995 983; x_wconf 81' lang='lat' dir='ltr'><strong>quaesitas</strong></span> <span class='ocrx_word' id='word_1_48' title='bbox 1024 899 1248 984; x_wconf 85' lang='lat' dir='ltr'><strong>pulvere</strong></span> <span class='ocrx_word' id='word_1_49' title='bbox 1270 913 1448 960; x_wconf 85' lang='lat' dir='ltr'><strong>mutet</strong></span> <span class='ocrx_word' id='word_1_50' title='bbox 1477 901 1647 982; x_wconf 86' lang='lat' dir='ltr'><strong>opes!</strong></span> 
     </span>
    </p>
   </div>
   <div class='ocr_carea' id='block_1_4' title="bbox 331 1057 1194 1825">
    <p class='ocr_par' dir='ltr' id='par_1_6' title="bbox 331 1057 1194 1825">
     <span class='ocr_line' id='line_1_9' title="bbox 331 1057 1190 1115; baseline -0.002 -13"><span class='ocrx_word' id='word_1_51' title='bbox 331 1068 427 1102; x_wconf 77' lang='lat' dir='ltr'><strong>tum</strong></span> <span class='ocrx_word' id='word_1_52' title='bbox 464 1057 627 1101; x_wconf 85' lang='lat' dir='ltr'><strong>habent</strong></span> <span class='ocrx_word' id='word_1_53' title='bbox 657 1061 860 1115; x_wconf 83' lang='lat' dir='ltr'><strong>aliquam,</strong></span> <span class='ocrx_word' id='word_1_54' title='bbox 886 1058 1048 1102; x_wconf 84' lang='lat' dir='ltr'><strong>scilicet</strong></span> <span class='ocrx_word' id='word_1_55' title='bbox 1069 1057 1190 1114; x_wconf 90' lang='lat' dir='ltr'><strong>puel-</strong></span> 
     </span>
     <span class='ocr_line' id='line_1_10' title="bbox 333 1123 1190 1179; baseline -0.004 -13"><span class='ocrx_word' id='word_1_56' title='bbox 333 1123 435 1166; x_wconf 83' lang='lat' dir='ltr'><strong>lam.</strong></span> <span class='ocrx_word' id='word_1_57' title='bbox 473 1123 603 1165; x_wconf 64' lang='grc' dir='ltr'>ΜΔΕ.</span> <span class='ocrx_word' id='word_1_58' title='bbox 642 1124 822 1179; x_wconf 76' lang='lat' dir='ltr'><em>Aliquid</em></span> <span class='ocrx_word' id='word_1_59' title='bbox 847 1123 943 1166; x_wconf 88' lang='lat' dir='ltr'>libri</span> <span class='ocrx_word' id='word_1_60' title='bbox 976 1123 1190 1166; x_wconf 89' lang='lat' dir='ltr'><strong>meliores.</strong></span> 
     </span>
     <span class='ocr_line' id='line_1_11' title="bbox 388 1188 1191 1231; baseline 0.001 -2"><span class='ocrx_word' id='word_1_61' title='bbox 388 1188 455 1230; x_wconf 80' lang='lat'><strong>51.</strong></span> <span class='ocrx_word' id='word_1_62' title='bbox 479 1189 669 1230; x_wconf 75' lang='lat' dir='ltr'><strong>Tetricos</strong></span> <span class='ocrx_word' id='word_1_63' title='bbox 685 1192 786 1231; x_wconf 83' lang='lat' dir='ltr'><strong>licet</strong></span> <span class='ocrx_word' id='word_1_64' title='bbox 803 1191 883 1231; x_wconf 89' lang='lat' dir='ltr'><em>illa</em></span> <span class='ocrx_word' id='word_1_65' title='bbox 900 1190 1093 1231; x_wconf 82' lang='lat' dir='ltr'><strong>Sabinas.</strong></span> <span class='ocrx_word' id='word_1_66' title='bbox 1110 1190 1191 1230; x_wconf 81' lang='lat' dir='ltr'><strong>Bi-</strong></span> 
     </span>
     <span class='ocr_line' id='line_1_12' title="bbox 331 1253 1189 1308; baseline 0.001 -13"><span class='ocrx_word' id='word_1_67' title='bbox 331 1256 459 1308; x_wconf 74' lang='lat' dir='ltr'><em>gidas</em></span> <span class='ocrx_word' id='word_1_68' title='bbox 472 1269 588 1297; x_wconf 91' lang='lat' dir='ltr'><strong>unus</strong></span> <span class='ocrx_word' id='word_1_69' title='bbox 602 1253 830 1297; x_wconf 85' lang='lat' dir='ltr'><strong>Medieeus</strong></span> <span class='ocrx_word' id='word_1_70' title='bbox 843 1270 852 1297; x_wconf 81' lang='lat'>2</span> <span class='ocrx_word' id='word_1_71' title='bbox 867 1262 914 1297; x_wconf 93' lang='lat' dir='ltr'><strong>ut</strong></span> <span class='ocrx_word' id='word_1_72' title='bbox 924 1254 995 1296; x_wconf 89' lang='lat' dir='ltr'><strong>lib.</strong></span> <span class='ocrx_word' id='word_1_73' title='bbox 1012 1268 1070 1308; x_wconf 89' lang='lat'><strong>11,</strong></span> <span class='ocrx_word' id='word_1_74' title='bbox 1090 1253 1189 1296; x_wconf 89' lang='lat' dir='ltr'><strong>Am.</strong></span> 
     </span>
     <span class='ocr_line' id='line_1_13' title="bbox 335 1318 762 1374; baseline 0 -13"><span class='ocrx_word' id='word_1_75' title='bbox 335 1318 490 1374; x_wconf 82' lang='lat' dir='ltr'><strong>Elegia</strong></span> <span class='ocrx_word' id='word_1_76' title='bbox 511 1332 561 1360; x_wconf 86' lang='lat' dir='ltr'><strong>1v</strong></span> <span class='ocrx_word' id='word_1_77' title='bbox 580 1351 591 1372; x_wconf 91' lang='lat'>‚</span> <span class='ocrx_word' id='word_1_78' title='bbox 617 1334 657 1359; x_wconf 85' lang='lat' dir='ltr'><strong>v.</strong></span> <span class='ocrx_word' id='word_1_79' title='bbox 684 1320 732 1361; x_wconf 91' lang='lat'><strong>15</strong></span> <span class='ocrx_word' id='word_1_80' title='bbox 753 1334 762 1360; x_wconf 90' lang='lat'>:</span> 
     </span>
     <span class='ocr_line' id='line_1_14' title="bbox 337 1384 1187 1427; baseline 0 -11"><span class='ocrx_word' id='word_1_81' title='bbox 337 1384 466 1425; x_wconf 61' lang='lat' dir='ltr'><strong>Aspera</strong></span> <span class='ocrx_word' id='word_1_82' title='bbox 483 1386 510 1415; x_wconf 83' lang='lat' dir='ltr'><strong>si</strong></span> <span class='ocrx_word' id='word_1_83' title='bbox 530 1385 600 1415; x_wconf 81' lang='lat' dir='ltr'><strong>visa</strong></span> <span class='ocrx_word' id='word_1_84' title='bbox 615 1391 684 1424; x_wconf 85' lang='lat' dir='ltr'><strong>est,</strong></span> <span class='ocrx_word' id='word_1_85' title='bbox 702 1385 887 1427; x_wconf 78' lang='lat' dir='ltr'><strong>rigidasque</strong></span> <span class='ocrx_word' id='word_1_86' title='bbox 902 1386 1025 1416; x_wconf 80' lang='lat' dir='ltr'><strong>imitata</strong></span> <span class='ocrx_word' id='word_1_87' title='bbox 1042 1385 1187 1416; x_wconf 77' lang='lat' dir='ltr'><strong>sabinas.</strong></span> 
     </span>
     <span class='ocr_line' id='line_1_15' title="bbox 338 1445 1190 1502; baseline 0.001 -14"><span class='ocrx_word' id='word_1_88' title='bbox 338 1445 425 1489; x_wconf 81' lang='lat' dir='ltr'><strong>Alii</strong></span> <span class='ocrx_word' id='word_1_89' title='bbox 457 1445 626 1489; x_wconf 85' lang='lat' dir='ltr'><strong>codices</strong></span> <span class='ocrx_word' id='word_1_90' title='bbox 642 1478 654 1500; x_wconf 89' lang='lat'>,</span> <span class='ocrx_word' id='word_1_91' title='bbox 676 1448 805 1488; x_wconf 83' lang='lat' dir='ltr'><strong>duras</strong></span> <span class='ocrx_word' id='word_1_92' title='bbox 819 1479 830 1498; x_wconf 90' lang='lat'><strong><em>,</em></strong></span> <span class='ocrx_word' id='word_1_93' title='bbox 850 1446 1010 1502; x_wconf 80' lang='lat' dir='ltr'><strong>fortes,</strong></span> <span class='ocrx_word' id='word_1_94' title='bbox 1036 1452 1190 1490; x_wconf 77' lang='lat' dir='ltr'><strong>tetras:</strong></span> 
     </span>
     <span class='ocr_line' id='line_1_16' title="bbox 339 1510 1191 1565; baseline 0.002 -13"><span class='ocrx_word' id='word_1_95' title='bbox 339 1526 455 1554; x_wconf 91' lang='lat' dir='ltr'><strong>unus</strong></span> <span class='ocrx_word' id='word_1_96' title='bbox 477 1510 769 1554; x_wconf 86' lang='lat' dir='ltr'><strong>Farnesianus</strong></span> <span class='ocrx_word' id='word_1_97' title='bbox 785 1543 797 1565; x_wconf 84' lang='lat'>,</span> <span class='ocrx_word' id='word_1_98' title='bbox 822 1516 980 1554; x_wconf 81' lang='lat' dir='ltr'><strong>tacitas</strong></span> <span class='ocrx_word' id='word_1_99' title='bbox 998 1513 1191 1554; x_wconf 76' lang='lat' dir='ltr'><strong>Sabinas.</strong></span> 
     </span>
     <span class='ocr_line' id='line_1_17' title="bbox 342 1575 873 1629; baseline -0.004 -10"><span class='ocrx_word' id='word_1_100' title='bbox 342 1576 487 1629; x_wconf 82' lang='lat' dir='ltr'><strong>Puto,</strong></span> <span class='ocrx_word' id='word_1_101' title='bbox 518 1578 682 1618; x_wconf 78' lang='lat' dir='ltr'><strong>Tatius.</strong></span> <span class='ocrx_word' id='word_1_102' title='bbox 706 1575 873 1619; x_wconf 79' lang='lat' dir='ltr'><strong>HEINS.</strong></span> 
     </span>
     <span class='ocr_line' id='line_1_18' title="bbox 394 1643 1194 1698; baseline -0.001 -13"><span class='ocrx_word' id='word_1_103' title='bbox 394 1643 461 1697; x_wconf 85' lang='grc'><strong>64.</strong></span> <span class='ocrx_word' id='word_1_104' title='bbox 491 1644 542 1685; x_wconf 87' lang='lat' dir='ltr'><strong>Si</strong></span> <span class='ocrx_word' id='word_1_105' title='bbox 556 1645 758 1691; x_wconf 80' lang='lat' dir='ltr'><strong>dederim,</strong></span> <span class='ocrx_word' id='word_1_106' title='bbox 780 1648 870 1686; x_wconf 79' lang='lat' dir='ltr'><strong>lota</strong></span> <span class='ocrx_word' id='word_1_107' title='bbox 894 1645 1014 1686; x_wconf 81' lang='lat' dir='ltr'><strong>cedet</strong></span> <span class='ocrx_word' id='word_1_108' title='bbox 1028 1648 1194 1698; x_wconf 76' lang='lat' dir='ltr'><strong>uterque</strong></span> 
     </span>
     <span class='ocr_line' id='line_1_19' title="bbox 339 1707 1189 1761; baseline 0 -12"><span class='ocrx_word' id='word_1_109' title='bbox 339 1709 473 1749; x_wconf 85' lang='lat' dir='ltr'><strong>domo.</strong></span> <span class='ocrx_word' id='word_1_110' title='bbox 509 1708 700 1750; x_wconf 82' lang='lat' dir='ltr'><strong>Munera</strong></span> <span class='ocrx_word' id='word_1_111' title='bbox 723 1724 827 1750; x_wconf 88' lang='lat' dir='ltr'><strong>vero</strong></span> <span class='ocrx_word' id='word_1_112' title='bbox 860 1708 895 1751; x_wconf 86' lang='lat' dir='ltr'><strong>si</strong></span> <span class='ocrx_word' id='word_1_113' title='bbox 930 1707 1162 1751; x_wconf 82' lang='lat' dir='ltr'><strong>adtulerirn</strong></span> <span class='ocrx_word' id='word_1_114' title='bbox 1177 1740 1189 1761; x_wconf 93' lang='lat'>,</span> 
     </span>
     <span class='ocr_line' id='line_1_20' title="bbox 341 1773 1189 1825; baseline 0.004 -12"><span class='ocrx_word' id='word_1_115' title='bbox 341 1787 425 1814; x_wconf 87' lang='lat' dir='ltr'><strong>nec</strong></span> <span class='ocrx_word' id='word_1_116' title='bbox 443 1778 586 1815; x_wconf 79' lang='lat' dir='ltr'><strong>custos</strong></span> <span class='ocrx_word' id='word_1_117' title='bbox 600 1806 611 1825; x_wconf 86' lang='grc'>,</span> <span class='ocrx_word' id='word_1_118' title='bbox 636 1789 719 1816; x_wconf 90' lang='lat' dir='ltr'><strong>nec</strong></span> <span class='ocrx_word' id='word_1_119' title='bbox 737 1777 912 1815; x_wconf 78' lang='lat' dir='ltr'><strong>maritus</strong></span> <span class='ocrx_word' id='word_1_120' title='bbox 928 1773 1162 1816; x_wconf 79' lang='lat' dir='ltr'><strong>obstabunt</strong></span> <span class='ocrx_word' id='word_1_121' title='bbox 1177 1803 1189 1825; x_wconf 88' lang='lat'>‚</span> 
     </span>
    </p>
   </div>
   <div class='ocr_carea' id='block_1_5' title="bbox 1272 1054 2115 1179">
    <p class='ocr_par' dir='ltr' id='par_1_7' title="bbox 1272 1054 2115 1179">
     <span class='ocr_line' id='line_1_21' title="bbox 1272 1054 2115 1113; baseline 0.001 -14"><span class='ocrx_word' id='word_1_122' title='bbox 1272 1072 1359 1113; x_wconf 90' lang='lat' dir='ltr'><strong>quo</strong></span> <span class='ocrx_word' id='word_1_123' title='bbox 1382 1055 1528 1100; x_wconf 85' lang='lat' dir='ltr'><strong>minus</strong></span> <span class='ocrx_word' id='word_1_124' title='bbox 1548 1055 1685 1099; x_wconf 87' lang='lat' dir='ltr'><strong>amica</strong></span> <span class='ocrx_word' id='word_1_125' title='bbox 1696 1054 1944 1113; x_wconf 66' lang='lat' dir='ltr'><strong>potiar-‘Sic</strong></span> <span class='ocrx_word' id='word_1_126' title='bbox 1955 1055 2115 1100; x_wconf 88' lang='lat' dir='ltr'><strong>Tibull.</strong></span> 
     </span>
     <span class='ocr_line' id='line_1_22' title="bbox 1272 1121 1672 1179; baseline -0.003 -15"><span class='ocrx_word' id='word_1_127' title='bbox 1272 1136 1332 1176; x_wconf 86' lang='lat'><strong>11,</strong></span> <span class='ocrx_word' id='word_1_128' title='bbox 1357 1122 1478 1179; x_wconf 85' lang='lat' dir='ltr'><strong>Eleg.</strong></span> <span class='ocrx_word' id='word_1_129' title='bbox 1497 1134 1570 1175; x_wconf 78' lang='lat' dir='ltr'><strong>IV,</strong></span> <span class='ocrx_word' id='word_1_130' title='bbox 1593 1121 1672 1164; x_wconf 81' lang='lat'><strong>33:</strong></span> 
     </span>
    </p>
   </div>
   <div class='ocr_carea' id='block_1_6' title="bbox 1244 1195 2119 1238">
    <p class='ocr_par' dir='ltr' id='par_1_8' title="bbox 1244 1195 2119 1238">
     <span class='ocr_line' id='line_1_23' title="bbox 1244 1195 2119 1238; baseline 0 -10"><span class='ocrx_word' id='word_1_131' title='bbox 1244 1202 1250 1209; x_wconf 68' lang='lat'>¹</span> <span class='ocrx_word' id='word_1_132' title='bbox 1272 1197 1334 1228; x_wconf 87' lang='lat' dir='ltr'><strong>Sed</strong></span> <span class='ocrx_word' id='word_1_133' title='bbox 1349 1196 1489 1238; x_wconf 84' lang='lat' dir='ltr'><strong>pretium</strong></span> <span class='ocrx_word' id='word_1_134' title='bbox 1501 1196 1527 1226; x_wconf 84' lang='lat' dir='ltr'><strong>si</strong></span> <span class='ocrx_word' id='word_1_135' title='bbox 1541 1195 1658 1236; x_wconf 80' lang='lat' dir='ltr'><strong>grande</strong></span> <span class='ocrx_word' id='word_1_136' title='bbox 1670 1195 1770 1235; x_wconf 73' lang='lat' dir='ltr'><strong>feras,</strong></span> <span class='ocrx_word' id='word_1_137' title='bbox 1784 1196 1931 1228; x_wconf 78' lang='lat' dir='ltr'><strong>custodia</strong></span> <span class='ocrx_word' id='word_1_138' title='bbox 1946 1197 2033 1228; x_wconf 81' lang='lat' dir='ltr'><strong>victa</strong></span> <span class='ocrx_word' id='word_1_139' title='bbox 2047 1203 2096 1228; x_wconf 82' lang='lat' dir='ltr'><strong>est</strong></span> <span class='ocrx_word' id='word_1_140' title='bbox 2109 1207 2119 1237; x_wconf 75' lang='lat'>3</span> 
     </span>
    </p>
   </div>
   <div class='ocr_carea' id='block_1_7' title="bbox 1310 1254 2045 1298">
    <p class='ocr_par' dir='ltr' id='par_1_9' title="bbox 1310 1254 2045 1298">
     <span class='ocr_line' id='line_1_24' title="bbox 1310 1254 2045 1298; baseline -0.001 -10"><span class='ocrx_word' id='word_1_141' title='bbox 1310 1256 1380 1288; x_wconf 85' lang='lat' dir='ltr'><strong>Nec</strong></span> <span class='ocrx_word' id='word_1_142' title='bbox 1395 1254 1565 1297; x_wconf 82' lang='lat' dir='ltr'><strong>prohibent</strong></span> <span class='ocrx_word' id='word_1_143' title='bbox 1581 1256 1688 1287; x_wconf 78' lang='lat' dir='ltr'><strong>claves</strong></span> <span class='ocrx_word' id='word_1_144' title='bbox 1698 1279 1709 1295; x_wconf 82' lang='lat'>‚</span> <span class='ocrx_word' id='word_1_145' title='bbox 1724 1262 1756 1286; x_wconf 82' lang='lat' dir='ltr'><strong>et</strong></span> <span class='ocrx_word' id='word_1_146' title='bbox 1766 1256 1854 1287; x_wconf 82' lang='lat' dir='ltr'><strong>canis</strong></span> <span class='ocrx_word' id='word_1_147' title='bbox 1868 1256 1937 1298; x_wconf 80' lang='lat' dir='ltr'><strong>ipse</strong></span> <span class='ocrx_word' id='word_1_148' title='bbox 1950 1263 2045 1288; x_wconf 75' lang='lat' dir='ltr'><strong>tacet.</strong></span> 
     </span>
    </p>
   </div>
   <div class='ocr_carea' id='block_1_8' title="bbox 1273 1317 2128 1631">
    <p class='ocr_par' dir='ltr' id='par_1_10' title="bbox 1273 1317 2128 1631">
     <span class='ocr_line' id='line_1_25' title="bbox 1326 1317 2121 1373; baseline 0.001 -13"><span class='ocrx_word' id='word_1_149' title='bbox 1326 1317 1394 1360; x_wconf 78' lang='lat'><strong>65.</strong></span> <span class='ocrx_word' id='word_1_150' title='bbox 1418 1319 1468 1360; x_wconf 84' lang='lat' dir='ltr'><strong>Si</strong></span> <span class='ocrx_word' id='word_1_151' title='bbox 1475 1319 1668 1373; x_wconf 73' lang='lat' dir='ltr'><strong>neglecti.</strong></span> <span class='ocrx_word' id='word_1_152' title='bbox 1683 1318 1814 1361; x_wconf 80' lang='lat' dir='ltr'><strong>Forte</strong></span> <span class='ocrx_word' id='word_1_153' title='bbox 1826 1350 1837 1372; x_wconf 96' lang='lat'>,</span> <span class='ocrx_word' id='word_1_154' title='bbox 1849 1318 2005 1373; x_wconf 72' lang='lat' dir='ltr'><strong>rejecti.</strong></span> <span class='ocrx_word' id='word_1_155' title='bbox 2019 1317 2121 1361; x_wconf 89' lang='lat' dir='ltr'><strong>Vid.</strong></span> 
     </span>
     <span class='ocr_line' id='line_1_26' title="bbox 1274 1381 2122 1435; baseline 0 -11"><span class='ocrx_word' id='word_1_156' title='bbox 1274 1381 1328 1424; x_wconf 88' lang='lat' dir='ltr'><strong>ad</strong></span> <span class='ocrx_word' id='word_1_157' title='bbox 1352 1395 1398 1423; x_wconf 82' lang='lat' dir='ltr'><strong>1x</strong></span> <span class='ocrx_word' id='word_1_158' title='bbox 1414 1413 1426 1435; x_wconf 91' lang='lat'>‚</span> <span class='ocrx_word' id='word_1_159' title='bbox 1450 1382 1562 1424; x_wconf 84' lang='lat' dir='ltr'><strong>Met.</strong></span> <span class='ocrx_word' id='word_1_160' title='bbox 1586 1385 1678 1426; x_wconf 84' lang='lat'><strong>512.</strong></span> <span class='ocrx_word' id='word_1_161' title='bbox 1701 1383 1867 1426; x_wconf 77' lang='lat' dir='ltr'><strong>HEms.</strong></span> <span class='ocrx_word' id='word_1_162' title='bbox 1897 1382 1983 1426; x_wconf 86' lang='lat' dir='ltr'><strong>Sed</strong></span> <span class='ocrx_word' id='word_1_163' title='bbox 2013 1382 2122 1425; x_wconf 87' lang='lat' dir='ltr'><strong>nihil</strong></span> 
     </span>
     <span class='ocr_line' id='line_1_27' title="bbox 1274 1447 2123 1505; baseline 0.001 -17"><span class='ocrx_word' id='word_1_164' title='bbox 1274 1449 1694 1502; x_wconf 73' lang='lat' dir='ltr'><strong>muta.Negligunlur</strong></span> <span class='ocrx_word' id='word_1_165' title='bbox 1704 1447 1824 1490; x_wconf 87' lang='lat' dir='ltr'><strong>enim</strong></span> <span class='ocrx_word' id='word_1_166' title='bbox 1838 1447 2010 1505; x_wconf 84' lang='lat' dir='ltr'><strong>proprie</strong></span> <span class='ocrx_word' id='word_1_167' title='bbox 2023 1463 2123 1504; x_wconf 86' lang='lat' dir='ltr'><strong>pau·</strong></span> 
     </span>
     <span class='ocr_line' id='line_1_28' title="bbox 1274 1510 2036 1569; baseline 0.001 -16"><span class='ocrx_word' id='word_1_168' title='bbox 1274 1526 1398 1567; x_wconf 87' lang='lat' dir='ltr'><strong>peres</strong></span> <span class='ocrx_word' id='word_1_169' title='bbox 1419 1527 1443 1554; x_wconf 87' lang='lat' dir='ltr'><strong>a</strong></span> <span class='ocrx_word' id='word_1_170' title='bbox 1461 1510 1674 1556; x_wconf 84' lang='lat' dir='ltr'><strong>divitibus.</strong></span> <span class='ocrx_word' id='word_1_171' title='bbox 1700 1511 1832 1569; x_wconf 90' lang='lat' dir='ltr'><strong>Apud</strong></span> <span class='ocrx_word' id='word_1_172' title='bbox 1855 1512 2036 1555; x_wconf 87' lang='lat' dir='ltr'><strong>Terent.</strong></span> 
     </span>
     <span class='ocr_line' id='line_1_29' title="bbox 1273 1589 2128 1631; baseline 0.002 -12"><span class='ocrx_word' id='word_1_173' title='bbox 1273 1589 1410 1630; x_wconf 82' lang='lat' dir='ltr'><strong>Propter</strong></span> <span class='ocrx_word' id='word_1_174' title='bbox 1430 1600 1522 1620; x_wconf 78' lang='lat' dir='ltr'><strong>suam</strong></span> <span class='ocrx_word' id='word_1_175' title='bbox 1544 1589 1767 1631; x_wconf 75' lang='lat' dir='ltr'><strong>impolentiam</strong></span> <span class='ocrx_word' id='word_1_176' title='bbox 1785 1601 1819 1620; x_wconf 79' lang='lat' dir='ltr'><strong>se</strong></span> <span class='ocrx_word' id='word_1_177' title='bbox 1840 1600 1967 1631; x_wconf 61' lang='lat' dir='ltr'><strong>nemper</strong></span> <span class='ocrx_word' id='word_1_178' title='bbox 1989 1589 2128 1622; x_wconf 82' lang='lat' dir='ltr'><strong>credunt</strong></span> 
     </span>
    </p>
   </div>
   <div class='ocr_carea' id='block_1_9' title="bbox 1368 1649 2102 1692">
    <p class='ocr_par' dir='ltr' id='par_1_11' title="bbox 1368 1649 2102 1692">
     <span class='ocr_line' id='line_1_30' title="bbox 1368 1649 2102 1692; baseline 0.001 -12"><span class='ocrx_word' id='word_1_179' title='bbox 1368 1649 1502 1692; x_wconf 72' lang='lat' dir='ltr'><strong>negligi.</strong></span> <span class='ocrx_word' id='word_1_180' title='bbox 1627 1650 1795 1682; x_wconf 68' lang='lat' dir='ltr'><strong>Anum-11.</strong></span> <span class='ocrx_word' id='word_1_181' title='bbox 1811 1659 1871 1690; x_wconf 84' lang='lat' dir='ltr'><strong>nr,</strong></span> <span class='ocrx_word' id='word_1_182' title='bbox 1893 1652 1944 1681; x_wconf 84' lang='lat' dir='ltr'><strong>sc.</strong></span> <span class='ocrx_word' id='word_1_183' title='bbox 1967 1659 2037 1688; x_wconf 88' lang='lat'><em>111,</em></span> <span class='ocrx_word' id='word_1_184' title='bbox 2052 1653 2102 1683; x_wconf 82' lang='lat'><strong>16.</strong></span> 
     </span>
    </p>
   </div>
   <div class='ocr_carea' id='block_1_10' title="bbox 1277 1710 2125 1832">
    <p class='ocr_par' dir='ltr' id='par_1_12' title="bbox 1277 1710 2125 1832">
     <span class='ocr_line' id='line_1_31' title="bbox 1277 1710 2125 1816; baseline 0.001 -63"><span class='ocrx_word' id='word_1_185' title='bbox 1277 1773 1316 1816; x_wconf 44' lang='lat' dir='ltr'><strong>d·</strong></span> <span class='ocrx_word' id='word_1_186' title='bbox 1328 1710 1396 1754; x_wconf 79' lang='lat'><strong>66.</strong></span> <span class='ocrx_word' id='word_1_187' title='bbox 1424 1713 1597 1755; x_wconf 69' lang='lat' dir='ltr'><strong>Pulvere</strong></span> <span class='ocrx_word' id='word_1_188' title='bbox 1610 1717 1750 1755; x_wconf 79' lang='lat' dir='ltr'><strong>mutet.</strong></span> <span class='ocrx_word' id='word_1_189' title='bbox 1768 1711 1839 1756; x_wconf 91' lang='lat' dir='ltr'><strong>Ad</strong></span> <span class='ocrx_word' id='word_1_190' title='bbox 1852 1711 2039 1755; x_wconf 87' lang='lat' dir='ltr'><strong>nihilum</strong></span> <span class='ocrx_word' id='word_1_191' title='bbox 2053 1727 2125 1755; x_wconf 90' lang='lat' dir='ltr'><strong>re-</strong></span> 
     </span>
     <span class='ocr_line' id='line_1_32' title="bbox 1307 1783 1407 1832; baseline 0 -16"><span class='ocrx_word' id='word_1_192' title='bbox 1307 1783 1407 1832; x_wconf 78' lang='lat' dir='ltr'><strong>lgat.</strong></span> 
     </span>
    </p>
   </div>
   <div class='ocr_carea' id='block_1_11' title="bbox 361 1937 2134 1965">
    <p class='ocr_par' dir='ltr' id='par_1_13' title="bbox 361 1937 2134 1965">
     <span class='ocr_line' id='line_1_33' title="bbox 361 1937 2134 1965; baseline 0 1811"><span class='ocrx_word' id='word_1_193' title='bbox 361 1937 2134 1965; x_wconf 95' lang='lat' dir='ltr'><strong> </strong></span> 
     </span>
    </p>
   </div>
   <div class='ocr_carea' id='block_1_12' title="bbox 950 2071 1522 2143">
    <p class='ocr_par' dir='ltr' id='par_1_14' title="bbox 950 2071 1522 2143">
     <span class='ocr_line' id='line_1_34' title="bbox 950 2071 1522 2143; baseline 0.005 -3"><span class='ocrx_word' id='word_1_194' title='bbox 950 2071 1341 2140; x_wconf 87' lang='lat' dir='ltr'><strong>ELEGIA</strong></span> <span class='ocrx_word' id='word_1_195' title='bbox 1392 2073 1522 2143; x_wconf 89' lang='lat' dir='ltr'><strong>IX.</strong></span> 
     </span>
    </p>
   </div>
   <div class='ocr_carea' id='block_1_13' title="bbox 1135 2216 1374 2227">
    <p class='ocr_par' dir='ltr' id='par_1_15' title="bbox 1135 2216 1374 2227">
     <span class='ocr_line' id='line_1_35' title="bbox 1135 2216 1374 2227; baseline 0 1549"><span class='ocrx_word' id='word_1_196' title='bbox 1135 2216 1374 2227; x_wconf 95' lang='lat' dir='ltr'><strong> </strong></span> 
     </span>
    </p>
   </div>
   <div class='ocr_carea' id='block_1_14' title="bbox 979 2404 1496 2437">
    <p class='ocr_par' dir='ltr' id='par_1_16' title="bbox 979 2404 1496 2437">
     <span class='ocr_line' id='line_1_36' title="bbox 979 2404 1496 2437; baseline 0.008 -4"><span class='ocrx_word' id='word_1_197' title='bbox 979 2404 1031 2433; x_wconf 81' lang='lat' dir='ltr'><strong>IN</strong></span> <span class='ocrx_word' id='word_1_198' title='bbox 1060 2405 1171 2436; x_wconf 86' lang='lat' dir='ltr'>TIBU</span> <span class='ocrx_word' id='word_1_199' title='bbox 1179 2406 1247 2435; x_wconf 79' lang='lat' dir='ltr'><strong>Lu</strong></span> <span class='ocrx_word' id='word_1_200' title='bbox 1277 2405 1496 2437; x_wconf 78' lang='lat' dir='ltr'><strong>MORTEM.</strong></span> 
     </span>
    </p>
   </div>
   <div class='ocr_carea' id='block_1_15' title="bbox 299 2518 1836 2913">
    <p class='ocr_par' dir='ltr' id='par_1_17' title="bbox 351 2518 1836 2720">
     <span class='ocr_line' id='line_1_37' title="bbox 351 2518 1836 2629; baseline 0.001 -23"><span class='ocrx_word' id='word_1_201' title='bbox 351 2518 733 2606; x_wconf 82' lang='lat' dir='ltr'><strong>MEMNONA</strong></span> <span class='ocrx_word' id='word_1_202' title='bbox 765 2545 812 2604; x_wconf 90' lang='lat' dir='ltr'><strong>si</strong></span> <span class='ocrx_word' id='word_1_203' title='bbox 840 2560 1038 2619; x_wconf 84' lang='lat' dir='ltr'><strong>mater,</strong></span> <span class='ocrx_word' id='word_1_204' title='bbox 1063 2561 1237 2607; x_wconf 83' lang='lat' dir='ltr'><strong>mater</strong></span> <span class='ocrx_word' id='word_1_205' title='bbox 1264 2546 1505 2629; x_wconf 86' lang='lat' dir='ltr'><strong>ploravit</strong></span> <span class='ocrx_word' id='word_1_206' title='bbox 1533 2544 1836 2620; x_wconf 82' lang='lat' dir='ltr'><strong>Achillem,</strong></span> 
     </span>
     <span class='ocr_line' id='line_1_38' title="bbox 429 2642 1587 2720; baseline 0.001 -18"><span class='ocrx_word' id='word_1_207' title='bbox 429 2644 508 2702; x_wconf 85' lang='lat' dir='ltr'><strong>Et</strong></span> <span class='ocrx_word' id='word_1_208' title='bbox 535 2655 773 2718; x_wconf 83' lang='lat' dir='ltr'><strong>tangunt</strong></span> <span class='ocrx_word' id='word_1_209' title='bbox 801 2664 1026 2720; x_wconf 87' lang='lat' dir='ltr'><strong>magnas</strong></span> <span class='ocrx_word' id='word_1_210' title='bbox 1057 2642 1237 2702; x_wconf 85' lang='lat' dir='ltr'><strong>tristia</strong></span> <span class='ocrx_word' id='word_1_211' title='bbox 1263 2643 1376 2703; x_wconf 85' lang='lat' dir='ltr'><strong>fata</strong></span> <span class='ocrx_word' id='word_1_212' title='bbox 1407 2644 1587 2714; x_wconf 82' lang='lat' dir='ltr'><strong>Deas3</strong></span> 
     </span>
    </p>

    <p class='ocr_par' dir='ltr' id='par_1_18' title="bbox 299 2736 1639 2822">
     <span class='ocr_line' id='line_1_39' title="bbox 299 2736 1639 2822; baseline -0.001 -22"><span class='ocrx_word' id='word_1_213' title='bbox 299 2776 301 2778; x_wconf 95' lang='lat'>·</span> <span class='ocrx_word' id='word_1_214' title='bbox 351 2737 581 2800; x_wconf 86' lang='lat' dir='ltr'><strong>Flebilis</strong></span> <span class='ocrx_word' id='word_1_215' title='bbox 609 2736 899 2815; x_wconf 84' lang='lat' dir='ltr'><strong>indignos,</strong></span> <span class='ocrx_word' id='word_1_216' title='bbox 930 2738 1185 2817; x_wconf 68' lang='lat' dir='ltr'><strong>Elegeia,</strong></span> <span class='ocrx_word' id='word_1_217' title='bbox 1211 2738 1361 2800; x_wconf 87' lang='lat' dir='ltr'><strong>solve</strong></span> <span class='ocrx_word' id='word_1_218' title='bbox 1392 2739 1639 2822; x_wconf 56' lang='lat' dir='ltr'><strong>capillo&amp;</strong></span> 
     </span>
    </p>

    <p class='ocr_par' dir='ltr' id='par_1_19' title="bbox 431 2832 1763 2913">
     <span class='ocr_line' id='line_1_40' title="bbox 431 2832 1763 2913; baseline -0.001 -17"><span class='ocrx_word' id='word_1_219' title='bbox 431 2836 554 2896; x_wconf 80' lang='lat' dir='ltr'><strong>Ah!</strong></span> <span class='ocrx_word' id='word_1_220' title='bbox 588 2832 752 2895; x_wconf 88' lang='lat' dir='ltr'><strong>nimis</strong></span> <span class='ocrx_word' id='word_1_221' title='bbox 783 2859 847 2895; x_wconf 88' lang='lat' dir='ltr'><strong>ex</strong></span> <span class='ocrx_word' id='word_1_222' title='bbox 877 2859 1005 2894; x_wconf 89' lang='lat' dir='ltr'><strong>vero</strong></span> <span class='ocrx_word' id='word_1_223' title='bbox 1035 2858 1183 2895; x_wconf 86' lang='lat' dir='ltr'><strong>nunc</strong></span> <span class='ocrx_word' id='word_1_224' title='bbox 1215 2836 1320 2895; x_wconf 84' lang='lat' dir='ltr'><strong>tibi</strong></span> <span class='ocrx_word' id='word_1_225' title='bbox 1350 2859 1554 2897; x_wconf 90' lang='lat' dir='ltr'><strong>nomen</strong></span> <span class='ocrx_word' id='word_1_226' title='bbox 1584 2835 1720 2896; x_wconf 88' lang='lat' dir='ltr'><strong>erit!</strong></span> <span class='ocrx_word' id='word_1_227' title='bbox 1760 2910 1763 2913; x_wconf 19' lang='grc' dir='ltr'>Ι</span> 
     </span>
    </p>
   </div>
   <div class='ocr_carea' id='block_1_16' title="bbox 351 2997 1210 3509">
    <p class='ocr_par' dir='ltr' id='par_1_20' title="bbox 351 2997 1210 3509">
     <span class='ocr_line' id='line_1_41' title="bbox 417 2997 1209 3055; baseline -0.001 -12"><span class='ocrx_word' id='word_1_228' title='bbox 417 3018 451 3043; x_wconf 91' lang='lat'><strong>1.</strong></span> <span class='ocrx_word' id='word_1_229' title='bbox 468 3001 699 3042; x_wconf 85' lang='lat' dir='ltr'><strong>Memnona</strong></span> <span class='ocrx_word' id='word_1_230' title='bbox 709 3001 892 3041; x_wconf 78' lang='lat' dir='ltr'><strong>simulet</strong></span> <span class='ocrx_word' id='word_1_231' title='bbox 904 3006 985 3041; x_wconf 78' lang='lat' dir='ltr'><strong>etc.</strong></span> <span class='ocrx_word' id='word_1_232' title='bbox 999 2997 1086 3041; x_wconf 92' lang='lat' dir='ltr'><strong>Vel</strong></span> <span class='ocrx_word' id='word_1_233' title='bbox 1100 2998 1209 3055; x_wconf 86' lang='lat' dir='ltr'><strong>ipsas</strong></span> 
     </span>
     <span class='ocr_line' id='line_1_42' title="bbox 351 3063 1207 3121; baseline -0.001 -14"><span class='ocrx_word' id='word_1_234' title='bbox 351 3066 473 3107; x_wconf 82' lang='lat' dir='ltr'><strong>Deas</strong></span> <span class='ocrx_word' id='word_1_235' title='bbox 482 3096 491 3114; x_wconf 89' lang='lat'><strong><em>‚</em></strong></span> <span class='ocrx_word' id='word_1_236' title='bbox 510 3073 875 3121; x_wconf 75' lang='lat' dir='ltr'><strong>quantaecumque</strong></span> <span class='ocrx_word' id='word_1_237' title='bbox 889 3063 978 3107; x_wconf 85' lang='lat' dir='ltr'><strong>sint</strong></span> <span class='ocrx_word' id='word_1_238' title='bbox 990 3094 1002 3117; x_wconf 88' lang='lat'>,</span> <span class='ocrx_word' id='word_1_239' title='bbox 1014 3069 1207 3118; x_wconf 72' lang='lat' dir='ltr'><strong>tangunt,</strong></span> 
     </span>
     <span class='ocr_line' id='line_1_43' title="bbox 353 3127 1210 3184; baseline -0.001 -13"><span class='ocrx_word' id='word_1_240' title='bbox 353 3138 535 3171; x_wconf 82' lang='lat' dir='ltr'><strong>movent</strong></span> <span class='ocrx_word' id='word_1_241' title='bbox 556 3128 695 3172; x_wconf 83' lang='lat' dir='ltr'><strong>tristia</strong></span> <span class='ocrx_word' id='word_1_242' title='bbox 717 3129 804 3171; x_wconf 84' lang='lat' dir='ltr'><strong>sata</strong></span> <span class='ocrx_word' id='word_1_243' title='bbox 821 3146 830 3181; x_wconf 92' lang='lat'>;</span> <span class='ocrx_word' id='word_1_244' title='bbox 846 3137 889 3171; x_wconf 85' lang='lat' dir='ltr'><strong>et</strong></span> <span class='ocrx_word' id='word_1_245' title='bbox 900 3127 1054 3184; x_wconf 80' lang='lat' dir='ltr'><strong>probat</strong></span> <span class='ocrx_word' id='word_1_246' title='bbox 1069 3144 1210 3170; x_wconf 85' lang='lat' dir='ltr'><strong>exem-</strong></span> 
     </span>
     <span class='ocr_line' id='line_1_44' title="bbox 355 3191 1209 3252; baseline 0 -17"><span class='ocrx_word' id='word_1_247' title='bbox 355 3193 428 3250; x_wconf 89' lang='lat' dir='ltr'><strong>plo</strong></span> <span class='ocrx_word' id='word_1_248' title='bbox 451 3194 637 3252; x_wconf 82' lang='lat' dir='ltr'><strong>Aurorae</strong></span> <span class='ocrx_word' id='word_1_249' title='bbox 660 3226 671 3247; x_wconf 93' lang='lat'>‚</span> <span class='ocrx_word' id='word_1_250' title='bbox 716 3207 812 3250; x_wconf 83' lang='lat' dir='ltr'><strong>quae</strong></span> <span class='ocrx_word' id='word_1_251' title='bbox 850 3191 1104 3236; x_wconf 83' lang='lat' dir='ltr'><strong>Memnonis</strong></span> <span class='ocrx_word' id='word_1_252' title='bbox 1133 3192 1209 3235; x_wconf 87' lang='lat' dir='ltr'><strong>filii</strong></span> 
     </span>
     <span class='ocr_line' id='line_1_45' title="bbox 358 3257 1210 3317; baseline -0.001 -16"><span class='ocrx_word' id='word_1_253' title='bbox 358 3267 551 3301; x_wconf 79' lang='lat' dir='ltr'><strong>mortem</strong></span> <span class='ocrx_word' id='word_1_254' title='bbox 572 3258 750 3302; x_wconf 84' lang='lat' dir='ltr'><strong>deflevit</strong></span> <span class='ocrx_word' id='word_1_255' title='bbox 763 3277 772 3312; x_wconf 92' lang='lat'>;</span> <span class='ocrx_word' id='word_1_256' title='bbox 786 3267 831 3302; x_wconf 83' lang='lat' dir='ltr'><strong>et</strong></span> <span class='ocrx_word' id='word_1_257' title='bbox 845 3257 1071 3317; x_wconf 85' lang='lat' dir='ltr'><strong>Thetydos</strong></span> <span class='ocrx_word' id='word_1_258' title='bbox 1085 3290 1096 3313; x_wconf 89' lang='lat'>,</span> <span class='ocrx_word' id='word_1_259' title='bbox 1114 3273 1210 3314; x_wconf 85' lang='lat' dir='ltr'><strong>quae</strong></span> 
     </span>
     <span class='ocr_line' id='line_1_46' title="bbox 353 3322 1208 3379; baseline -0.004 -12"><span class='ocrx_word' id='word_1_260' title='bbox 353 3323 552 3367; x_wconf 80' lang='lat' dir='ltr'><strong>Achillis.</strong></span> <span class='ocrx_word' id='word_1_261' title='bbox 568 3348 623 3356; x_wconf 92' lang='lat'><strong>—-</strong></span> <span class='ocrx_word' id='word_1_262' title='bbox 638 3325 781 3366; x_wconf 77' lang='lat' dir='ltr'><strong>Mater</strong></span> <span class='ocrx_word' id='word_1_263' title='bbox 797 3326 993 3378; x_wconf 74' lang='lat' dir='ltr'><strong>ploravit.</strong></span> <span class='ocrx_word' id='word_1_264' title='bbox 1021 3322 1208 3379; x_wconf 86' lang='lat' dir='ltr'><strong>Elegans</strong></span> 
     </span>
     <span class='ocr_line' id='line_1_47' title="bbox 352 3387 1208 3432; baseline -0.001 -2"><span class='ocrx_word' id='word_1_265' title='bbox 352 3387 481 3431; x_wconf 84' lang='lat' dir='ltr'><strong>lectio</strong></span> <span class='ocrx_word' id='word_1_266' title='bbox 504 3388 718 3432; x_wconf 83' lang='lat' dir='ltr'><strong>Puteanei</strong></span> <span class='ocrx_word' id='word_1_267' title='bbox 739 3388 915 3430; x_wconf 84' lang='lat' dir='ltr'><strong>alterius</strong></span> <span class='ocrx_word' id='word_1_268' title='bbox 944 3397 987 3430; x_wconf 90' lang='lat' dir='ltr'><strong>et</strong></span> <span class='ocrx_word' id='word_1_269' title='bbox 1015 3387 1208 3429; x_wconf 83' lang='lat' dir='ltr'><strong>Mente—</strong></span> 
     </span>
     <span class='ocr_line' id='line_1_48' title="bbox 365 3451 1203 3509; baseline 0.001 -15"><span class='ocrx_word' id='word_1_270' title='bbox 365 3453 455 3496; x_wconf 83' lang='lat' dir='ltr'><strong>iani</strong></span> <span class='ocrx_word' id='word_1_271' title='bbox 474 3468 485 3496; x_wconf 78' lang='lat' dir='ltr'><strong><em>z</em></strong></span> <span class='ocrx_word' id='word_1_272' title='bbox 506 3455 557 3497; x_wconf 87' lang='lat' dir='ltr'><strong>Si</strong></span> <span class='ocrx_word' id='word_1_273' title='bbox 567 3459 700 3498; x_wconf 79' lang='lat' dir='ltr'><strong>maier</strong></span> <span class='ocrx_word' id='word_1_274' title='bbox 705 3456 829 3509; x_wconf 74' lang='lat' dir='ltr'><em>flevit</em></span> <span class='ocrx_word' id='word_1_275' title='bbox 846 3454 1071 3497; x_wconf 79' lang='lat' dir='ltr'><strong>Achillem.</strong></span> <span class='ocrx_word' id='word_1_276' title='bbox 1097 3451 1203 3507; x_wconf 85' lang='lat' dir='ltr'><strong>Quo</strong></span> 
     </span>
    </p>
   </div>
   <div class='ocr_carea' id='block_1_17' title="bbox 1287 2987 2150 3505">
    <p class='ocr_par' dir='ltr' id='par_1_21' title="bbox 1287 2987 2150 3372">
     <span class='ocr_line' id='line_1_49' title="bbox 1291 2987 2139 3045; baseline -0.001 -13"><span class='ocrx_word' id='word_1_277' title='bbox 1291 2988 1507 3034; x_wconf 81' lang='lat' dir='ltr'><strong>adludunt</strong></span> <span class='ocrx_word' id='word_1_278' title='bbox 1524 2997 1612 3033; x_wconf 77' lang='lat' dir='ltr'><strong>tres</strong></span> <span class='ocrx_word' id='word_1_279' title='bbox 1625 2989 1694 3032; x_wconf 85' lang='lat' dir='ltr'><strong>alii</strong></span> <span class='ocrx_word' id='word_1_280' title='bbox 1709 2990 1826 3034; x_wconf 84' lang='lat' dir='ltr'><strong>inter</strong></span> <span class='ocrx_word' id='word_1_281' title='bbox 1841 2987 2139 3045; x_wconf 50' lang='lat' dir='ltr'><strong>melioresqui</strong></span> 
     </span>
     <span class='ocr_line' id='line_1_50' title="bbox 1290 3055 2142 3113; baseline -0.004 -13"><span class='ocrx_word' id='word_1_282' title='bbox 1290 3056 1476 3112; x_wconf 87' lang='lat' dir='ltr'><strong>habent,</strong></span> <span class='ocrx_word' id='word_1_283' title='bbox 1492 3061 1556 3101; x_wconf 88' lang='lat' dir='ltr'><strong>sic</strong></span> <span class='ocrx_word' id='word_1_284' title='bbox 1577 3059 1839 3113; x_wconf 70' lang='lat' dir='ltr'><strong>malet-flevit</strong></span> <span class='ocrx_word' id='word_1_285' title='bbox 1850 3073 1863 3099; x_wconf 86' lang='lat'><strong>.·</strong></span> <span class='ocrx_word' id='word_1_286' title='bbox 1879 3064 1924 3098; x_wconf 83' lang='lat' dir='ltr'><strong>et</strong></span> <span class='ocrx_word' id='word_1_287' title='bbox 1942 3055 2142 3112; x_wconf 83' lang='lat' dir='ltr'><strong>sequenti</strong></span> 
     </span>
     <span class='ocr_line' id='line_1_51' title="bbox 1291 3120 2150 3181; baseline -0.006 -14"><span class='ocrx_word' id='word_1_288' title='bbox 1291 3140 1464 3181; x_wconf 88' lang='lat' dir='ltr'><strong>quoque</strong></span> <span class='ocrx_word' id='word_1_289' title='bbox 1501 3140 1629 3168; x_wconf 85' lang='lat' dir='ltr'><strong>versu</strong></span> <span class='ocrx_word' id='word_1_290' title='bbox 1664 3123 1871 3167; x_wconf 87' lang='lat' dir='ltr'><strong>Politiani</strong></span> <span class='ocrx_word' id='word_1_291' title='bbox 1907 3120 2041 3165; x_wconf 86' lang='lat' dir='ltr'><strong>codex</strong></span> <span class='ocrx_word' id='word_1_292' title='bbox 2056 3153 2067 3174; x_wconf 92' lang='lat'><em>,</em></span> <span class='ocrx_word' id='word_1_293' title='bbox 2103 3124 2150 3162; x_wconf 83' lang='lat' dir='ltr'><strong>si</strong></span> 
     </span>
     <span class='ocr_line' id='line_1_52' title="bbox 1290 3184 2142 3245; baseline -0.008 -14"><span class='ocrx_word' id='word_1_294' title='bbox 1290 3194 1478 3244; x_wconf 74' lang='lat' dir='ltr'><strong>tangunt.</strong></span> <span class='ocrx_word' id='word_1_295' title='bbox 1511 3187 1584 3232; x_wconf 88' lang='lat' dir='ltr'><strong>Sic</strong></span> <span class='ocrx_word' id='word_1_296' title='bbox 1609 3187 1768 3245; x_wconf 81' lang='lat' dir='ltr'><strong>repetit</strong></span> <span class='ocrx_word' id='word_1_297' title='bbox 1797 3187 1913 3230; x_wconf 89' lang='lat' dir='ltr'><strong>hanc</strong></span> <span class='ocrx_word' id='word_1_298' title='bbox 1941 3184 2142 3227; x_wconf 87' lang='lat' dir='ltr'><strong>voculam</strong></span> 
     </span>
     <span class='ocr_line' id='line_1_53' title="bbox 1287 3247 2143 3310; baseline -0.007 -14"><span class='ocrx_word' id='word_1_299' title='bbox 1287 3263 1356 3296; x_wconf 82' lang='lat' dir='ltr'><strong>ter</strong></span> <span class='ocrx_word' id='word_1_300' title='bbox 1373 3259 1613 3310; x_wconf 82' lang='lat' dir='ltr'><strong>quaterque</strong></span> <span class='ocrx_word' id='word_1_301' title='bbox 1637 3251 1907 3296; x_wconf 82' lang='lat' dir='ltr'><strong>Claudianus</strong></span> <span class='ocrx_word' id='word_1_302' title='bbox 1924 3249 2032 3292; x_wconf 87' lang='lat' dir='ltr'><strong>Bell.</strong></span> <span class='ocrx_word' id='word_1_303' title='bbox 2046 3247 2143 3291; x_wconf 88' lang='lat' dir='ltr'><strong>Gil-</strong></span> 
     </span>
     <span class='ocr_line' id='line_1_54' title="bbox 1298 3316 1945 3372; baseline -0.008 -11"><span class='ocrx_word' id='word_1_304' title='bbox 1298 3320 1400 3362; x_wconf 86' lang='lat' dir='ltr'><strong>don.</strong></span> <span class='ocrx_word' id='word_1_305' title='bbox 1422 3319 1528 3372; x_wconf 86' lang='grc'><strong><em>404,</em></strong></span> <span class='ocrx_word' id='word_1_306' title='bbox 1552 3334 1603 3360; x_wconf 82' lang='lat' dir='ltr'><strong>ex</strong></span> <span class='ocrx_word' id='word_1_307' title='bbox 1624 3316 1759 3360; x_wconf 86' lang='lat' dir='ltr'><strong>MSS.</strong></span> <span class='ocrx_word' id='word_1_308' title='bbox 1780 3316 1945 3358; x_wconf 76' lang='lat' dir='ltr'><strong>BURM.</strong></span> 
     </span>
    </p>

    <p class='ocr_par' dir='ltr' id='par_1_22' title="bbox 1290 3381 2139 3505">
     <span class='ocr_line' id='line_1_55' title="bbox 1343 3381 2138 3439; baseline -0.011 -12"><span class='ocrx_word' id='word_1_309' title='bbox 1343 3387 1381 3439; x_wconf 90' lang='grc'><strong>4.</strong></span> <span class='ocrx_word' id='word_1_310' title='bbox 1412 3387 1484 3427; x_wconf 75' lang='lat' dir='ltr'><strong>Ex</strong></span> <span class='ocrx_word' id='word_1_311' title='bbox 1511 3400 1609 3426; x_wconf 81' lang='lat' dir='ltr'><strong>vem</strong></span> <span class='ocrx_word' id='word_1_312' title='bbox 1637 3398 1747 3425; x_wconf 86' lang='lat' dir='ltr'><strong>nunc</strong></span> <span class='ocrx_word' id='word_1_313' title='bbox 1775 3384 1859 3424; x_wconf 78' lang='lat' dir='ltr'><em>libi</em></span> <span class='ocrx_word' id='word_1_314' title='bbox 1881 3393 2027 3422; x_wconf 84' lang='lat' dir='ltr'><strong>nomen</strong></span> <span class='ocrx_word' id='word_1_315' title='bbox 2050 3381 2138 3419; x_wconf 81' lang='lat' dir='ltr'><strong>erit.</strong></span> 
     </span>
     <span class='ocr_line' id='line_1_56' title="bbox 1290 3442 2139 3505; baseline -0.012 -13"><span class='ocrx_word' id='word_1_316' title='bbox 1290 3449 1404 3492; x_wconf 88' lang='lat' dir='ltr'><strong>Vide</strong></span> <span class='ocrx_word' id='word_1_317' title='bbox 1427 3463 1523 3505; x_wconf 84' lang='lat' dir='ltr'><strong>quae</strong></span> <span class='ocrx_word' id='word_1_318' title='bbox 1541 3448 1594 3491; x_wconf 82' lang='lat' dir='ltr'><strong>ad</strong></span> <span class='ocrx_word' id='word_1_319' title='bbox 1620 3446 1753 3502; x_wconf 82' lang='lat' dir='ltr'><strong>hujus</strong></span> <span class='ocrx_word' id='word_1_320' title='bbox 1773 3444 1867 3488; x_wconf 84' lang='lat' dir='ltr'><strong>libri</strong></span> <span class='ocrx_word' id='word_1_321' title='bbox 1889 3442 2085 3499; x_wconf 85' lang='lat' dir='ltr'><strong>Elegiam</strong></span> <span class='ocrx_word' id='word_1_322' title='bbox 2106 3453 2139 3493; x_wconf 74' lang='grc' dir='ltr'><strong>Ι,</strong></span> 
     </span>
    </p>
   </div>
  </div>
 </body>
</html>
