2268 3776
311 319 412 389 164

765 315 830 369 P.
891 298 1184 369 oV1D11
1228 306 1606 366 NASONIS

376 436 564 500 Tende
595 455 792 518 precor
820 429 1000 491 valida
1024 427 1145 490 lora
1176 427 1398 488 sinistra
1427 450 1609 487 manu.

297 535 551 598 Favimus
582 530 781 608 ignavo
809 551 820 587 ε
848 524 945 586 sed
969 524 1114 586 enim
1144 537 1393 585 revocate
1412 570 1426 595 ‚
1454 522 1737 603 Quirites;

378 634 452 692 Et
479 629 600 688 date
628 623 842 707 jactatis
869 621 1116 704 undique
1153 619 1312 698 signa
1339 618 1496 698 togis.

296 732 385 790 En
413 737 702 787 revocant:
730 735 812 793 at,
835 744 905 781 ne
935 719 1123 780 turbet
1152 732 1281 795 toga
1307 730 1461 777 mota
1489 712 1745 798 capiIIOS‚
2034 732 2086 788 75

379 828 445 885 In
475 836 699 882 nostros
731 818 902 878 abdas
933 831 986 878 te
1014 815 1144 875 licet
1171 837 1348 896 usque
1373 812 1545 873 sinus.

292 928 527 1005 Jamque
554 932 773 1003 patent,
799 916 1000 976 iterum
1022 926 1265 974 reserato
1298 933 1538 982 carcere,
1567 922 1775 992 postes.

373 1020 575 1082 Evolat
602 1014 854 1077 admissis
883 1011 1126 1073 discolor
1151 1032 1349 1088 agmen
1379 1007 1553 1091 equis.

292 1122 455 1179 Nunc
482 1115 675 1178 saltem
706 1134 932 1195 supera,
959 1107 1250 1191 spatioque
1281 1106 1507 1183 insurge
1537 1104 1766 1187 patenti.

330 1227 333 1230 ’
377 1215 503 1275 Sint
531 1235 676 1284 mea,
707 1209 820 1269 sint
847 1204 1084 1265 dominae
1107 1202 1192 1262 sac
1221 1216 1340 1262 rata
1363 1214 1491 1260 vota
1521 1223 1668 1260 meae.
2034 1217 2087 1259 80

296 1315 440 1374 Sunt
462 1309 699 1370 dominae
727 1317 846 1365 rata
872 1316 1160 1365 votaffmeae
1187 1324 1198 1358 ε
1223 1321 1343 1359 mea
1369 1311 1497 1357 vota
1531 1310 1845 1380 supersunt.

374 1407 472 1469 Ille
507 1419 656 1468 tenet
683 1400 955 1486 palmam:
980 1396 1162 1481 palma
1191 1394 1430 1479 petenda
1456 1393 1595 1454 mihi
1626 1407 1726 1455 est.

294 1507 468 1577 Risit,
497 1519 552 1566 et
576 1500 785 1581 argutis
815 1495 1077 1581 quiddam
1107 1491 1364 1577 promisit
1389 1488 1595 1551 ocellis.

375 1605 499 1664 Hoc
529 1601 660 1662 satis
688 1598 779 1659 hic
807 1620 818 1657 ε
849 1593 957 1655 alio
988 1607 1167 1654 cetera
1192 1586 1358 1650 redde
1389 1585 1534 1647 loco.

349 1787 413 1826 72.
452 1767 591 1811 Tende
612 1779 762 1822 precor
789 1762 938 1804 valida
965 1761 1057 1801 lora
1075 1761 1148 1800 si-

252 1824 255 1828 *
293 1838 429 1877 m'slr'a
449 1847 588 1875 manu.
607 1828 784 1887 ¹Clamat
800 1840 904 1882 ergo
926 1830 1077 1881 poeta,
1099 1828 1149 1863 ut

296 1898 349 1942 ad
369 1897 589 1942 sinistram
606 1927 618 1949 ‚
656 1908 791 1952 prope
826 1899 991 1934 metam
1013 1902 1148 1943 equos

294 1963 491 2007 flecteret
510 1994 522 2016 ,
561 1960 660 2018 qui,
686 1959 872 2017 spatioso
894 1953 1023 2000 nimis
1041 1953 1147 1997 orbe

294 2030 430 2081 sacto,
456 2044 480 2071 a
497 2035 616 2070 meta
638 2025 810 2082 longius
831 2023 1019 2070 abibant.

340 2094 415 2152 ¹73·
454 2094 540 2137 Sed
563 2095 684 2135 enim.
719 2089 912 2147 Respicit
940 2102 1114 2131 morem
1133 2118 1144 2140 ,

294 2174 382 2215 quo
396 2158 441 2201 in
461 2155 740 2200 Circensibus
753 2189 764 2209 ,
781 2155 815 2199 si
831 2153 991 2198 lentiet
1004 2151 1148 2211 ignavi

296 2224 479 2268 fuissent
492 2237 647 2267 currus
658 2266 667 2277 ⁶
692 2219 796 2263 alios
810 2219 1056 2275 poscebant.
1076 2217 1149 2261 Sic

294 2289 415 2332 hunc
434 2288 693 2346 agitatorem
716 2292 970 2328 revocatum
993 2283 1120 2338 fingit
1134 2313 1147 2335 ,

294 2354 369 2399 sed
384 2387 395 2409 ,
422 2362 470 2398 ut
491 2360 620 2411 puto,
647 2366 785 2395 novos
806 2363 941 2405 equos
962 2346 1150 2404 agitatu-

297 2435 399 2462 rum
422 2434 431 2461 ε
455 2417 584 2474 primi
603 2416 723 2460 enim
746 2423 790 2459 et
814 2413 910 2457 sessi
936 2420 983 2455 et
1016 2411 1149 2469 igna-

295 2485 437 2528 viores
455 2483 531 2527 visi
549 2491 676 2526 erant
695 2479 1020 2540 spectatoribus.
1045 2478 1150 2521 Hu-

296 2552 365 2608 jus
407 2548 543 2593 moris
575 2547 806 2604 vestigium
842 2542 1148 2603 deprehendas

295 2614 411 2673 apud
428 2612 647 2659 Plutarch.
667 2612 712 2655 in
731 2612 850 2671 Sylla
870 2612 945 2655 ubi
962 2611 1017 2655 de
1035 2625 1150 2668 prae-

297 2681 356 2724 lio
378 2679 510 2723 Sullae
540 2693 642 2723 cum
666 2676 881 2720 Archelao
908 2692 1038 2733 agens
1065 2676 1150 2719 aitt

298 2752 380 2790 Καὶ
399 2747 447 2790 τὰ
467 2751 596 2807 πρῶτος
621 2749 695 2787 τῶν
720 2742 899 2806 ἁρμάτων
923 2743 1045 2802 ἀργῶς
1078 2742 1153 2795 ἷξε·

298 2814 513 2867 >acumine-loc
528 2810 787 2871 σ’κκροῦσαντις
809 2812 844 2852 οἱ
865 2816 1038 2863 Ρωμαῖοι
1053 2809 1152 2862 μετὰ

294 2881 422 2940 κρίτου
441 2882 506 2920 καὶ
525 2877 682 2931 γίλωτος
697 2905 710 2928 ,
742 2875 838 2917 ἄλλα
859 2878 970 2934 ᾔτουν
986 2904 998 2927 ,
1031 2875 1152 2934 ὥσπερ

302 2945 480 2987 εἰώθασιν
496 2943 531 2984 ἓν
545 2950 628 2988 ταῖς
648 2947 856 2996 θεατρικαῖς
875 2943 1151 3000 ἱπποδρομίαις.

357 3008 420 3063 78.
434 3008 637 3049 Discolor
646 3020 806 3059 agmen.
824 3003 878 3046 In
888 3019 1039 3060 greges
1051 3018 1154 3059 qua·

298 3079 399 3113 tuor
431 3079 506 3114 aut
525 3071 761 3124 sactiones,
794 3068 1154 3113 discernebantur

301 3135 485 3193 aurigae,
529 3151 663 3192 quem
697 3150 799 3179 suus
837 3134 992 3191 cuique
1034 3134 1153 3177 color

296 3199 548 3259 designabat
565 3217 574 3245 :
591 3204 715 3246 albus
729 3201 915 3255 scilicet,
936 3205 1150 3252 russatus,

991 3365 1039 3373 ...-

1230 1777 1404 1817 venetus
1431 1778 1475 1814 et
1497 1771 1731 1827 pras1’nus;
1766 1768 1922 1826 quibus
1955 1783 2083 1812 aura-

1231 1847 1329 1882 tum
1342 1844 1386 1882 et
1401 1851 1673 1894 purpureum
1690 1834 1856 1879 addidit
1872 1833 2084 1878 Domitia-

1229 1919 1343 1955 nus;
1375 1901 1449 1959 qui
1478 1916 1574 1945 mos
1600 1915 1693 1943 non
1720 1899 1795 1943 diu
1827 1900 2051 1957 praevaluit
2069 1933 2081 1955 ,

1231 1984 1315 2012 nec
1352 1983 1375 2010 a
1404 1964 1715 2023 posterioribus
1747 1964 1958 2021 repetitus
1987 1965 2082 2007 suit.

1231 2057 1286 2066 —
1321 2034 1496 2087 Agmen.
1533 2029 1715 2087 Proprie
1745 2045 1756 2073 ι
1792 2045 1897 2073 nam
1934 2030 2085 2086 Quin-

1231 2107 1301 2142 tus
1327 2096 1453 2141 Curt.
1475 2096 1545 2140 lib.
1567 2109 1633 2151 IV,
1665 2095 1725 2139 13.
1746 2097 1799 2138 In
1820 2096 1988 2147 dextro,
2013 2095 2086 2137 in·-

1232 2163 1349 2222 quit,
1370 2178 1497 2207 cornu
1511 2164 1758 2205 locatisunt
1772 2165 1934 2218 eque‘tes
1947 2194 1957 2212 ‚
1982 2176 2086 2217 quos

1232 2228 1407 2287 agmina
1434 2221 1662 2284 bppellant.
1708 2224 1900 2269 Antores
1935 2233 2086 2269 tamen

1230 2308 1537 2352 saepenumero
1545 2291 1838 2337 confundunt.
1863 2293 1988 2337 Nunc
2002 2294 2087 2335 sal-

1231 2363 1313 2401 tem
1327 2392 1337 2410 ‚
1358 2374 1397 2415 q.
1420 2356 1510 2401 d.si
1532 2365 1660 2400 antea
1675 2357 1857 2414 ignavus
1874 2355 2004 2400 suisti.
2020 2356 2085 2399 Μ.

1287 2425 1353 2468 82.
1372 2423 1562 2467 petenda
1581 2438 1674 2465 mea
1692 2427 1768 2464 est.
1789 2423 1909 2464 Mihi
1920 2427 1989 2464 est
2004 2421 2086 2478 pri-

1231 2502 1304 2531 ma
1319 2485 1477 2541 editio,
1501 2483 1854 2540 Arundelianus,
1875 2493 1921 2528 et
1937 2484 2084 2529 Sarra-

1230 2553 1408 2606 vlanus,
1434 2566 1536 2595 cum
1559 2565 1631 2594 sex
1655 2549 1758 2594 aliis.
1779 2550 1947 2594 Hiems.

1287 2618 1354 2662 83.
1388 2618 1535 2668 Rt'st‘t,
1574 2621 1619 2660 et
1647 2618 1810 2672 argutis
1839 2624 1919 2658 etc.
1959 2613 2081 2671 Quid

1232 2682 1374 2740 puella
1393 2680 1645 2739 promiserit
1661 2713 1672 2735 ,
1705 2695 1756 2723 ex
1777 2682 1864 2722 risu
1891 2678 2011 2722 facile
2039 2688 2084 2721 et

1233 2750 1395 2803 argutis
1409 2747 1556 2788 ocellis
1571 2744 1788 2800 conjicias.
1809 2743 1972 2788 Pudice
1993 2745 2083 2801 qui·

1236 2811 1338 2854 dem
1360 2811 1477 2854 Naso
1492 2810 1688 2866 quiddam
1704 2822 1719 2862 ‚⁸
1738 2807 1814 2852 sed
1831 2823 1932 2851 mox
1947 2814 2084 2851 cetera

1239 2876 1343 2920 satis
1365 2875 1590 2932 explicant.

1288 2942 1354 2994 84.
1363 2941 1459 2983 Hoc
1471 2944 1581 2983 sattlr
1589 2944 1665 2982 est.
1678 2937 1893 2996 Excerpta
1902 2937 2083 2991 Douzae,

1233 3004 1332 3049 Hoc
1349 3010 1459 3050 salis
1471 3007 1568 3048 he'c:
1589 3003 1704 3062 quod
1728 3012 1771 3047 et
1784 3004 2028 3062 Naugerius
2041 3004 2087 3045 in

1233 3071 1319 3114 suis
1339 3071 1569 3114 invenerat
1588 3086 1597 3113 ε
1620 3083 1793 3127 sequor.
1815 3069 1920 3112 Duo
1944 3068 2011 3112 alii
2037 3083 2088 3110 ex

1234 3136 1395 3179 nostris
1412 3169 1423 3191 ,
1454 3139 1560 3179 Haec
1578 3140 1688 3180 satis
1709 3137 1780 3179 hic
1800 3150 1812 3178 .·
1835 3135 1968 3179 etiam
1997 3148 2090 3177 non

1234 3201 1361 3245 male.
1388 3202 1557 3245 Hnms.
