2268 3776
278 275 380 343 154

719 278 806 330 Ῥ.
857 277 1149 334 OVIDII
1183 279 1556 336 NASONIS

266 389 502 450 Materia
530 390 732 472 premis
762 392 1072 470 ingenium3
1099 418 1228 455 cane
1259 395 1401 456 facta
1425 396 1706 458 virorum!
1982 418 2036 458 25

349 486 479 544 Haec
510 485 718 557 anim0,
746 485 917 560 diceS‚
949 512 1069 549 area
1099 489 1263 568 digna
1290 515 1412 551 meo
1443 507 1542 553 est.

269 580 440 660 Quod
469 595 666 642 tenerae
696 598 942 657 cantent,
972 584 1106 644 lusit
1134 599 1228 646 tua
1257 588 1448 661 Musa,
1482 586 1706 671 puellae;

349 677 640 759 Primaque
669 703 770 762 per
798 705 1055 741 numeros
1080 697 1198 742 acta
1214 683 1440 764 juventa
1468 708 1617 745 suos.

266 773 428 833 Nunc
458 775 690 835 habeam
720 800 819 859 per
849 793 900 837 te
933 781 1186 839 Romana
1211 781 1503 858 Tragoedia
1531 804 1750 866 nonpn.

348 870 611 952 Implebit
639 871 787 951 leges
817 876 1044 957 spiritus
1072 877 1174 936 iste
1196 901 1360 937 meas.
1387 905 1416 930 »
1985 895 2038 936 30

270 967 553 1029 Hactenus
579 995 590 1029 ε
619 985 674 1031 et
699 972 874 1031 movit
901 973 1065 1055 pictis
1092 973 1281 1034 innixa
1308 974 1597 1035 cothurnis

351 1065 601 1126 Densum
631 1069 844 1129 caesarie
874 1084 1064 1152 terque
1097 1086 1405 1154 quaterque,
1427 1086 1619 1154 caput..

271 1157 485 1233 Altera,
521 1163 567 1221 si
592 1165 840 1239 memini,
872 1165 1018 1227 limis
1049 1167 1282 1227 subrisit
1306 1165 1510 1227 ocellis.

352 1257 562 1332 Fallor,
593 1285 662 1321 an
690 1263 748 1321 in
777 1263 968 1324 dextra
994 1278 1203 1346 myrtea
1223 1264 1376 1342 virga
1403 1263 1558 1341 fuit?

221 1385 249 1411 «
273 1358 427 1438 Quid
455 1363 714 1439 gravibus
742 1366 951 1437 verbis,
985 1366 1233 1425 animosa
1259 1365 1581 1444 Tragoedia,
1615 1365 1785 1437 dixit,
1986 1382 2039 1423 35

350 1464 445 1523 Me
473 1466 717 1547 premis?
745 1490 815 1526 an
843 1492 1130 1551 nunquam
1159 1491 1276 1527 non
1307 1468 1486 1546 gravis
1517 1490 1634 1528 esse
1660 1467 1860 1550 potes?

267 1560 580 1642 Imparibus
612 1578 794 1624 tamen
825 1589 881 1626 es
910 1565 1154 1626 numeris
1183 1565 1407 1644 dignata
1429 1565 1652 1626 moveri.

348 1659 416 1716 In
442 1682 528 1719 me
550 1661 812 1742 pugnasti
835 1662 1087 1722 versibus
1112 1685 1212 1722 usa
1237 1663 1388 1722 meis,

267 1753 399 1813 Non
428 1778 531 1832 ego
560 1755 888 1825 contulerim
917 1755 1178 1817 sublimia
1206 1756 1446 1817 carmina
1472 1757 1714 1829 nostris3

271 1927 531 1973 argumento
565 1918 713 1962 leviori
738 1953 749 1975 ,
781 1921 1008 1965 amatorio,
1028 1921 1114 1964 scil.

272 1984 387 2040 quod
409 1995 559 2029 noster
576 1986 719 2037 ,adhuc
741 1996 1010 2030 tractaverat.

323 2051 389 2091 25.
410 2053 547 2093 Facta
558 2055 748 2094 virorum.
769 2051 863 2094 Cur
877 2052 1008 2094 etiam
1020 2067 1113 2094 non

182 2122 193 2126 ²
271 2115 428 2158 veteris
449 2116 526 2158 aevi
546 2117 812 2159 seminarum
826 2151 836 2168 ‚
874 2133 970 2173 quae
991 2133 1114 2173 aeque

272 2179 602 2235 Tragoediarum
629 2191 731 2224 sunt
752 2191 1037 2239 argumenta,
1067 2198 1115 2225 ac

272 2244 376 2287 viri?
394 2245 578 2302 Egregie
596 2262 699 2303 ergo
713 2247 1052 2290 Barberinianus
1072 2255 1116 2290 et

277 2311 316 2355 F
317 2313 656 2357 rancosurtensis
669 2319 866 2368 priorum.
887 2317 1021 2356 Facta
1034 2329 1118 2369 po-

272 2382 426 2419 tentum
447 2378 633 2422 habebat
653 2379 963 2422 Scriverianus.
985 2379 1035 2421 B.

312 2442 486 2483 26.Haec
492 2448 645 2495 animo,
650 2446 776 2494 dices,
782 2460 881 2486 area
891 2446 1020 2499 dl‘gna
1028 2459 1116 2485 meo

273 2512 347 2550 est.
361 2507 530 2550 Eadem
541 2509 797 2565 metaphora
813 2510 885 2552 lib.
899 2523 964 2563 lv,
981 2509 1117 2552 Fast.:

314 2575 412 2607 Nunc
428 2576 544 2607 teritur
558 2578 677 2607 nostris
691 2588 764 2608 area
779 2579 883 2619 major
898 2578 1003 2619 equis-

274 2636 422 2693 Elegia
444 2636 596 2680 ultima
616 2637 745 2694 hujus
764 2639 884 2693 libri,
907 2653 951 2682 1:

312 2705 473 2736 Pulsanda
491 2713 539 2736 est
551 2707 674 2746 magnis
688 2717 762 2737 area
777 2708 881 2747 major
896 2708 999 2749 equiS.
1015 2709 1052 2740 C.

287 2809 290 2812 Α
327 2766 394 2809 28.
404 2768 625 2822 Primaque
630 2783 708 2822 per
715 2767 912 2810 numeros.
923 2768 1117 2824 AEquam

274 2831 387 2874 aetati
408 2839 493 2873 tuae
509 2830 737 2874 materiam
758 2831 899 2875 adhuc
913 2832 1116 2886 sumsisti,

275 2905 320 2940 et
349 2913 446 2953 quae
479 2898 604 2940 annis
633 2898 892 2954 juvenilibus
923 2899 1117 2955 apprime

276 2964 563 3007 conveniebat
578 2981 587 3007 ε
605 2973 778 3020 tempus
792 2979 912 3007 nunc
926 2963 979 3006 ad
995 2980 1119 3021 gran-

275 3027 398 3070 diora
426 3044 646 3086 assurgere
664 3062 675 3083 ,
706 3037 750 3071 et
771 3029 903 3084 facta
942 3032 1118 3071 virorum

277 3092 444 3147 dicere,
466 3109 557 3135 non
580 3110 675 3149 quae
696 3100 868 3137 cantent
875 3096 1037 3149 puella.

295 3200 299 3204 .
331 3177 398 3219 29.
427 3161 549 3203 Nunc
567 3163 742 3203 habeam
756 3177 834 3216 per
850 3167 890 3204 le
910 3169 989 3204 etc.
1006 3160 1120 3210 Tra-

279 3225 436 3281 goedias
448 3224 625 3281 quidem
646 3226 735 3281 jam
754 3226 1011 3282 scripserant
1024 3225 1120 3267 En-

278 3291 399 3345 nius,
424 3291 636 3335 Pacuvius
653 3325 664 3347 ,
689 3292 868 3346 Accius,
893 3293 1051 3335 Varius
1075 3300 1119 3335 et

279 3357 367 3406 alii;
385 3357 459 3401 sed
480 3374 568 3401 non
594 3360 682 3402 ausi
703 3363 882 3415 vestzgria
899 3375 1033 3414 ἔναρα
1047 3361 1120 3401 de-

278 3437 421 3466 serere.
440 3424 470 3467 J
475 3441 548 3469 ure
579 3426 710 3483 igitur
730 3435 901 3483 exoptat
918 3459 929 3480 ,
952 3435 999 3469 ut
1020 3427 1119 3471 Na-

1195 1920 1311 1965 sonis
1327 1935 1408 1977 ope
1422 1952 1434 1974 ,
1447 1922 1674 1963 domestica
1677 1919 1810 1975 facta
1821 1917 2038 1962 celebran-

1196 1987 1249 2030 tis
1260 2019 1272 2041 ‚
1287 2002 1524 2029 romanum
1535 2003 1681 2030 nomen
1692 2019 1703 2041 ‚
1717 1985 1939 2043 propriam
1951 1985 2037 2028 scil.

1195 2049 1394 2106 laudem,
1418 2060 1653 2108 comparet.

1250 2116 1316 2158 30.
1344 2119 1546 2172 Implebit.
1565 2116 1697 2160 Forte
1709 2149 1720 2170 ,
1737 2113 2036 2171 1'mpler1'l:vel,

1195 2184 1368 2237 impleat
1383 2188 1428 2224 et
1450 2185 1574 2237 leges.
1595 2182 1762 2224 Hmzs.
1792 2180 1865 2224 Nil
1893 2189 2038 2223 muta:

1196 2246 1383 2303 spondet
1413 2247 1534 2290 enim
1568 2245 1797 2303 Tragoedia
1823 2246 2040 2289 suffectu—

1195 2328 1295 2355 rum
1337 2312 1521 2356 Nasonis
1559 2311 1762 2369 spiritum
1795 2310 1917 2367 operi
1949 2319 2038 2354 tam

1198 2377 1364 2435 grandi.
1386 2378 1548 2420 BURM.

1218 2491 1220 2493 ¹
1266 2442 1332 2485 31.
1373 2444 1531 2484 Inntlza
1563 2443 1785 2485 cothurnis.
1815 2440 1934 2484 Male
1966 2442 2040 2497 qui

1194 2512 1362 2563 innexa.
1397 2508 1554 2550 Horat.
1588 2505 1642 2550 de
1673 2505 1880 2565 AEschylo
1900 2538 1912 2562 ,
1944 2505 2039 2548 Art.

1197 2576 1323 2619 Poet,
1344 2575 1425 2617 280
1447 2590 1457 2617 :

1196 2644 1239 2674 Et
1252 2644 1365 2674 docuit
1381 2650 1598 2684 magumque
1612 2642 1717 2683 loqui,
1732 2641 1858 2683 nitique
1869 2639 2038 2672 cothurno.

1250 2703 1315 2745 33.
1342 2703 1394 2744 St
1407 2705 1584 2744 memini.
1606 2703 1718 2745 Nam
1736 2704 1919 2750 memini,
1936 2700 2039 2743 edi-

1197 2767 1337 2811 tiones
1356 2774 1547 2825 veteres‚
1579 2773 1623 2807 et
1655 2765 1843 2808 Sarravii
1877 2764 2010 2808 codex
2023 2791 2045 2820 2,

1197 2849 1299 2876 cum
1320 2831 1488 2874 duobus
1509 2830 1622 2873 aliis:
1643 2829 1719 2874 sed
1749 2830 1907 2874 rectius
1938 2846 2043 2873 me·-

1196 2898 1324 2941 liores
1339 2929 1352 2951 ,
1375 2901 1421 2938 si
1437 2899 1615 2939 memini.

1242 2963 1308 3005 35.
1322 2964 1539 3005 Graoibus.
1551 2963 1753 3004 Trucibus
1762 2962 1900 3008 verbis
1908 2962 2042 3006 Fran-

1198 3028 1310 3078 cius;
1327 3027 1524 3082 sequitur
1543 3026 1679 3081 enim,
1692 3031 1845 3081 gravis.
1856 3028 1927 3070 Me
1930 3032 2061 3082 petis

1199 3093 1331 3135 etiam
1352 3092 1579 3134 Barberin.
1602 3107 1694 3134 non
1704 3097 1706 3101 ’
1716 3091 1958 3136 invenuste.

1256 3160 1320 3217 37.
1331 3161 1563 3214 Imparibus
1572 3164 1709 3201 tamen
1722 3175 1768 3201 es
1776 3163 1955 3202 numeris
1963 3175 1985 3201 e
1991 3167 2041 3200 tc.

1198 3227 1291 3270 Nec
1304 3227 1350 3268 in
1365 3225 1566 3282 praesenti
1579 3225 1659 3269 hac
1670 3226 1954 3269 contentione
1969 3241 2043 3267 so-

1199 3291 1314 3344 lum,
1337 3306 1491 3334 verum
1512 3290 1644 3333 etiam
1663 3290 1709 3332 in
1731 3290 1898 3346 tragicis
1927 3303 2042 3330 non—-

1199 3373 1428 3414 nunquam
1450 3355 1728 3414 argumentis.
1748 3354 1890 3398 Testi's
1910 3353 2042 3395 Euri*

1201 3423 1345 3481 pides,
1376 3423 1451 3481 qui
1474 3420 1812 3467 Andromachen
1830 3452 1842 3476 ,
1862 3419 1908 3463 in
1931 3418 2041 3462 dra-—
