2268 3776
251 314 324 371 68
722 315 788 368 P.
832 314 1135 372 ov1D11
1171 317 1548 403 NASONIS

242 436 407 495 Nunc
439 430 545 491 tibi
580 432 829 514 captivos
855 433 1040 494 mittet
1072 435 1366 497 Germania
1392 438 1610 500 crines:
1646 485 1648 489 ·
1979 460 2032 516 45

334 527 498 590 Culta
524 528 873 612 triumphatae
899 554 1124 592 munere
1156 533 1336 610 gentis
1365 535 1488 594 eris,

250 628 303 687 Ο
331 651 495 709 quam
524 649 692 709 saepe,
726 650 910 687 comas
941 626 1129 709 aliquo
1158 629 1418 703 mirante,
1450 630 1711 704 rubebis;

335 725 411 783 Et
448 723 629 784 dices:
649 725 812 784 Emta
836 748 985 785 nunc
1015 748 1119 803 ego
1148 749 1326 787 merce
1352 727 1590 809 probor!

246 820 446 882 Nescio
479 843 643 903 quam
672 844 777 903 pro
807 845 894 882 me
924 821 1113 882 laudat
1141 846 1290 884 nunc
1319 824 1423 884 iste
1453 824 1845 907 Sygambram3

327 926 493 985 Fama
521 939 705 986 tamen
724 972 739 999 ‚
769 926 1022 999 memini,
1058 950 1231 1009 quum
1258 927 1366 988 fuit
1394 928 1501 989 ista
1525 928 1648 988 mei.
1978 947 2032 990 50

243 1104 304 1143 vit
327 1116 448 1157 aqua.
483 1099 763 1157 Capiendum
786 1102 839 1146 de
863 1118 974 1159 aqua
992 1118 1099 1145 ma—

244 1167 338 1224 gica
372 1166 461 1209 sive
499 1167 689 1210 avernali
704 1200 716 1222 ,
755 1167 825 1210 vel
847 1168 983 1226 stygia
1001 1201 1012 1222 ,
1050 1175 1100 1210 ut

243 1232 402 1290 passim
427 1240 568 1289 poetae
588 1240 769 1287 vocant,
794 1248 879 1288 qua
903 1232 1100 1275 uteban—

242 1307 317 1341 tur
336 1312 475 1354 magae
499 1296 545 1340 in
562 1297 738 1341 nefariis
758 1297 845 1341 suis
867 1297 995 1341 sacris
1011 1330 1023 1352 ‚
1056 1305 1101 1340 et

244 1378 331 1419 qua
360 1378 431 1406 res
471 1375 698 1419 aspergere
717 1394 730 1416 ,
761 1362 916 1418 quibus
936 1377 1100 1405 nocere

239 1427 470 1481 volebant,
501 1426 660 1483 passim
686 1425 907 1470 dicuntur.

296 1494 364 1548 45.
390 1494 589 1548 Captivos
607 1494 750 1534 mittet
765 1493 998 1541 Germania
1015 1495 1101 1535 cri-

243 1570 334 1602 nes.
345 1558 650 1617 Metonymice
666 1591 679 1612 ,
696 1573 778 1614 pro
795 1561 933 1601 cn‘nes
947 1574 971 1601 e
985 1557 1101 1602 Ger-

242 1623 385 1667 manis
398 1639 552 1667 recens
565 1623 741 1667 domitis
759 1622 977 1667 detonsos.
989 1623 1098 1676 Yul-

243 1706 346 1747 gare
367 1689 505 1747 poetis
528 1705 626 1746 quae
645 1706 936 1746 personarum
965 1698 1070 1734 sunt
1086 1723 1099 1745 ,

242 1752 299 1796 ad
321 1770 391 1797 res
410 1753 522 1810 ipsas
539 1755 788 1798 transferre:
811 1755 898 1798 Vel
911 1756 960 1798 in
976 1754 1102 1811 Epis-

242 1819 331 1863 tola
353 1821 566 1865 Horatius
581 1854 593 1876 ,
615 1821 688 1864 lib.
711 1834 770 1876 11,
798 1839 815 1864 1
837 1854 850 1876 ,
878 1821 955 1881 193
979 1838 989 1865 :

244 1888 421 1931 Captivum
446 1896 597 1931 portatur
613 1889 717 1929 ebur,
739 1890 874 1932 captiva
891 1890 1079 1922 Corinthus.

298 1950 365 2005 46.
399 1951 527 1993 Culta
554 1953 832 2006 triumphata.
864 1950 984 1993 Male
1006 1952 1103 1994 Pu-

242 2023 426 2058 teaneus
448 2014 606 2072 aliique
635 2015 882 2072 complures
899 2048 912 2070 ‚
952 2016 1064 2057 Tuta
1087 2031 1101 2057 .-

245 2080 315 2125 hae
348 2080 447 2124 duae
477 2096 605 2124 voces
634 2081 893 2137 frequenter
920 2079 1107 2123 inlibris

242 2147 434 2203 antiquis
473 2145 826 2190 confunduntur.
879 2144 953 2188 Sic
992 2144 1107 2201 apud

244 2213 440 2258 Martial.
461 2212 743 2257 scribendum
758 2245 770 2267 ,
792 2212 865 2255 lib.
887 2226 936 2254 1x
953 2243 965 2266 ,
990 2211 1108 2268 Epi-

250 2295 390 2337 gram.
415 2280 464 2322 18
483 2312 495 2335 ,
517 2278 572 2322 de
593 2294 720 2322 coma
741 2277 921 2320 Earini:

244 2356 386 2387 Addidit
399 2361 431 2387 et
444 2355 588 2387 nitidum
606 2354 739 2385 sacratis
753 2353 901 2384 crinibus
925 2351 1035 2384 orbem
1047 2375 1060 2393 ,

286 2417 362 2456 Quo
374 2416 454 2447 felix
466 2415 566 2446 facies
579 2415 689 2457 judice
709 2413 800 2445 culta
817 2413 893 2444 fuit.

250 2476 410 2533 Quum
428 2476 476 2518 in
497 2476 664 2532 optimo
685 2474 903 2517 Thuaneo
923 2474 1071 2518 codice
1089 2507 1102 2530 ,

247 2548 343 2587 tuta
353 2577 363 2594 ,
383 2542 578 2598 legatur:
594 2539 783 2595 vulgati,
799 2545 891 2582 tota
908 2556 920 2582 .·
933 2530 1104 2596 frigide.

253 2609 328 2654 Sic
357 2611 495 2651 colere
519 2620 601 2663 pro
628 2621 800 2648 ornare.
830 2604 927 2647 Art.
957 2605 1105 2648 Amat.

253 2690 309 2720 111
326 2707 339 2731 ,
363 2675 445 2717 225
468 2685 478 2712 ε

248 2747 444 2787 Tuquoque
457 2742 536 2774 dum
550 2741 664 2773 coleris
666 2751 742 2782 ‚nos
750 2747 780 2771 te
787 2740 928 2772 dormire
939 2746 1104 2781 putemus.

255 2806 383 2851 Idem
403 2802 617 2848 Martialis
638 2801 708 2845 lib.
731 2815 810 2845 xw
828 2834 840 2856 ,
862 2801 944 2857 Ep.
967 2800 1019 2842 26
1041 2816 1053 2842 ε

293 2873 439 2915 Captivis
462 2871 581 2914 poteris
600 2869 719 2901 cultior
731 2880 801 2901 esse
814 2869 927 2901 comis.
950 2868 1086 2900 Hlarus.

253 2935 440 2979 Pulchra
454 2966 464 2983 ‚
491 2931 682 2975 Sarravii
700 2930 849 2974 codex.
873 2929 944 2972 De
964 2929 1107 2972 crini-

252 3000 335 3043 bus
372 2997 702 3041 Germanorum
727 3028 739 3050 ,
779 2994 878 3038 vide
910 3003 1109 3037 nostram

257 3064 501 3108 editionem
524 3061 578 3104 ad
600 3061 739 3104 Tacit.
762 3060 917 3104 Germ.
935 3073 1108 3116 cap.,1v.

311 3133 377 3187 47.
412 3131 451 3172 0
478 3144 599 3185 quam
625 3144 735 3183 ,ηερε
750 3161 760 3178 ,
796 3141 939 3169 comas
967 3128 1110 3180 aliquo

254 3200 433 3239 mimnle
449 3228 459 3244 ‚
487 3196 654 3236 rubebis
676 3193 687 3235 l
721 3191 883 3235 Comas
910 3189 1111 3247 intelligit

256 3260 451 3314 fictitias,
475 3275 579 3315 quas
600 3273 680 3314 pro
700 3257 855 3299 nativis
876 3271 972 3312 quae
992 3253 1110 3297 deci-

255 3324 413 3368 derant
434 3356 446 3377 ,
486 3331 633 3367 coacta
663 3324 806 3365 suerat
836 3321 1110 3364 substituere.

253 3410 309 3422 ·-··
328 3390 517 3431 Rubebz's
541 3389 552 3431 l
598 3388 697 3443 quia
733 3387 891 3430 scilicet
928 3385 1110 3442 capilla-

254 3454 413 3500 mentis
431 3453 499 3504 vel
512 3453 646 3500 comis
662 3451 913 3508 adposititiis
930 3451 992 3495 uti
1011 3449 1111 3508 qui-

1181 1103 1285 1147 dem
1298 1103 1495 1149 solebant
1512 1105 1719 1149 mulieres
1730 1105 1943 1149 Romanae
1955 1137 1967 1160 ,
1989 1114 2035 1150 et

1180 1176 1331 1225 postea
1352 1169 1432 1226 ipsi
1451 1170 1534 1212 viri
1554 1203 1567 1225 ‚
1593 1169 1668 1213 sed
1686 1169 1932 1214 clanculum
1947 1203 1959 1225 ,
1989 1179 2036 1213 et

1183 1248 1322 1289 quum
1342 1234 1394 1276 ab
1411 1234 1547 1278 obviis
1564 1234 1735 1277 nollent
1755 1234 1941 1291 agnosci.
1962 1233 2036 1278 Sic.

1183 1295 1238 1339 de
1260 1297 1496 1341 Messalina
1514 1298 1676 1341 Juven.
1689 1331 1701 1352 ,
1720 1298 1810 1341 Sat.
1827 1312 1877 1342 v1
1890 1331 1902 1354 ,
1929 1313 2007 1342 120
2020 1328 2034 1353 ‚

1182 1367 1342 1419 nigrum
1340 1365 1461 1418 flavo
1472 1365 1641 1407 crinem
1651 1364 1943 1409 abscondente
1953 1382 2036 1420 ga-

1181 1430 1282 1470 lero.
1296 1427 1356 1470 Et
1370 1427 1493 1471 Suet.
1509 1428 1562 1471 de
1580 1427 1777 1486 Caligula
1790 1462 1802 1484 ,
1819 1446 1856 1472 c.
1870 1442 1919 1472 x1
1931 1461 1942 1482 ,
1960 1429 2034 1485 qui

1185 1509 1207 1531 «
1221 1507 1379 1550 ganeas
1394 1501 1525 1550 atque
1540 1492 1751 1537 adulteria
1765 1497 2034 1549 capillamen-

1184 1562 1228 1600 to
1247 1560 1427 1609 celatus,
1451 1566 1496 1602 et
1512 1567 1631 1601 veste
1651 1559 1781 1615 longa
1802 1590 1815 1612 ‚
1835 1559 2037 1603 noctibus

1183 1622 1338 1666 obiret.
1354 1641 1377 1662 »
1408 1622 1499 1667 Sed
1519 1622 1626 1667 illud
1647 1624 1900 1667 ornamenti
1919 1656 1933 1679 ‚
1967 1624 2035 1667 vel

1182 1689 1327 1746 potius
1338 1693 1658 1745 personamenti
1679 1684 1815 1747 genus
1833 1722 1845 1744 ,
1878 1705 2035 1733 mere-

1182 1754 1360 1798 tricibus
1387 1770 1412 1797 a
1443 1753 1657 1797 matronis
1690 1753 2035 1811 derelinqueba-

1183 1826 1277 1871 tur;
1295 1835 1378 1862 nec
1393 1818 1498 1875 quid
1514 1827 1666 1862 contra
1679 1819 1868 1876 probant
1883 1828 2039 1865 statuae

1184 1884 1408 1940 mediatae,
1432 1901 1622 1942 quarum
1646 1900 1805 1941 comm,
1828 1902 2036 1929 marmo-

1183 1967 1271 1997 reae
1290 1952 1414 2007 licet,
1444 1952 1538 1996 tolli
1562 1961 1787 2010 poterant,
1821 1962 1866 1996 et
1890 1953 1944 1996 ad
1973 1970 2036 1997 ar-

1182 2015 1364 2058 bitrium
1392 2016 1562 2073 reponi.
1596 2038 1653 2052 -·
1687 2019 1727 2059 0
1752 2032 1876 2073 qaam
1897 2033 2005 2072 saepc·
2024 2051 2035 2069 ,

1183 2098 1327 2125 comas
1346 2084 1489 2138 aliquo
1508 2089 1589 2125 etc.
1616 2083 1656 2124 0
1673 2097 1796 2138 quam
1814 2098 1925 2137 sape
1943 2085 2036 2126 ali—

1183 2164 1263 2203 quo
1281 2151 1436 2190 crinem
1450 2181 1460 2198 ‚
1484 2146 1621 2190 codex
1634 2146 1800 2190 Douzae
1815 2180 1827 2202 ‚
1852 2148 2038 2191 Vatica-

1184 2227 1268 2255 nus
1279 2220 1323 2255 et
1339 2211 1427 2255 duo
1443 2212 1622 2255 Moreti.
1634 2213 1795 2269 Aliqua
1803 2212 2039 2256 Palatinus.

1183 2277 1230 2320 A
1231 2280 1342 2333 liquo
1351 2281 1512 2322 vultum
1523 2283 1701 2322 mirante
1710 2313 1721 2330 ‚
1739 2279 1848 2322 alter
1859 2279 1989 2322 More
1994 2279 2039 2320 ti.

1241 2347 1307 2399 48.
1329 2347 1462 2388 Emta
1488 2362 1623 2389 merce
1645 2349 1812 2402 pmbor.
1854 2346 2042 2389 Faciunt

1185 2418 1235 2452 ut
1249 2409 1402 2453 lauder
1415 2411 1583 2454 externi
1599 2411 1739 2468 capilli
1752 2429 1763 2463 ;
1784 2411 1931 2468 sicque
1941 2410 2038 2453 lau-

1186 2474 1334 2518 datam
1359 2475 1495 2532 pudet
1514 2475 1653 2519 laudis
1670 2476 1833 2520 alienae.

1242 2542 1308 2600 49.
1341 2543 1467 2586 Nunc
1495 2545 1599 2597 hose.
1632 2542 1774 2584 Vetus
1806 2549 1851 2584 et
1882 2539 2039 2583 melior

1186 2604 1315 2648 lectio
1336 2615 1400 2648 est
1418 2638 1430 2659 ,
1467 2622 1578 2649 nunc
1603 2611 1699 2649 iste.
1731 2606 1862 2648 ΜΔΕ.
1886 2628 1942 2637 —
1969 2606 2040 2647 Si·-

1187 2673 1410 2712 cambram.
1426 2669 1710 2713 Sarravianus
1724 2702 1735 2724 ,
1757 2671 2037 2726 Sycambram.

1188 2734 1440 2777 Puteaneus
1454 2766 1466 2787 ,
1496 2735 1764 2790 Sygambram
1780 2767 1790 2784 ‚
1822 2750 1919 2790 quae
1936 2750 2041 2777 vera

1188 2798 1412 2854 scriptura.
1434 2798 1507 2841 Sic
1522 2807 1566 2841 et
1586 2800 1632 2841 in
1651 2797 1882 2841 Claudiani
1899 2807 2040 2842 veter-

1188 2863 1303 2906 rimo
1325 2862 1472 2907 codice
1493 2863 1772 2907 scribebatur.
1799 2863 2042 2908 Ptolemaeo

1189 2932 1411 2990 Σύγαμέῥοι·
1443 2931 1650 2989 Σέγαμέροι
1688 2927 1898 2970 Straboni
1926 2937 2041 2972 sunt.

1191 2992 1263 3036 Sic
1291 3002 1334 3035 et
1367 2995 1668 3036 Consolatione
1695 2995 1760 3035 ad
1783 2995 1949 3036 liviam
1967 2994 2043 3037 le-

1191 3057 1386 3114 gendum
1403 3091 1414 3111 ‚
1444 3075 1488 3115 17
1507 3075 1518 3108 3
1542 3057 1618 3100 ubi
1636 3057 1724 3100 vid.
1746 3072 1844 3114 quae
1861 3074 1913 3102 ex
1932 3057 2043 3102 Clu-

1191 3123 1311 3165 verio
1334 3122 1605 3165 adduximus.

1247 3191 1312 3230 50.
1343 3189 1437 3230 Ista
1475 3204 1581 3230 mea.
1615 3189 1732 3243 Mei,
1763 3188 1923 3232 rectius
1955 3195 2044 3231 tres

1191 3253 1348 3309 scripti.
1369 3253 1709 3311 Neapolitanus,
1731 3256 1909 3306 Forma,
1931 3261 1981 3297 ut
1999 3263 2045 3297 et

1192 3314 1368 3374 Regius.
1389 3319 1522 3361 Forte
1545 3334 1555 3361 ε

1230 3388 1349 3417 Forma
1368 3393 1474 3416 tamen
1491 3386 1625 3417 memini
1646 3397 1750 3428 quum
1764 3384 1830 3416 fuit
1845 3385 1908 3416 ista
1920 3385 2012 3416 meis.

1191 3448 1415 3495 Nimirum
1432 3448 1567 3493 comis
1587 3464 1595 3495 z
1618 3446 1735 3506 quod
1754 3454 2042 3505 praecesserat.
