2268 3776
280 291 387 344 260

746 291 810 343 P.
859 291 1151 348 OVIDII
1197 292 1583 349 NASONIS

275 408 418 465 Tum
448 428 627 486 neque
656 405 938 487 tevprodet
964 409 1243 469 communi
1275 410 1517 470 obnoxia
1547 408 1720 492 culpae
1746 434 1759 482 3

1966 433 2047 487 395

355 502 630 582 Factaque
661 516 824 561 erunt
852 502 1086 563 dominae
1117 504 1371 586 dictaque
1402 521 1533 577 nota
1562 507 1684 566 tibi·

276 596 386 657 Sed
414 596 552 655 bene
585 595 827 657 celetur:
851 597 993 658 bene
1024 599 1070 657 si
1092 597 1371 660 celabitur
1396 601 1560 663 index
1581 649 1595 675 ‚

354 692 578 752 Notitiae
605 693 820 753 suberit
846 717 1061 776 semper
1091 696 1262 755 amica
1288 711 1410 756 tuae.

270 789 547 870 Tempora
577 789 673 871 qui
704 788 838 849 solis
870 814 1104 873 operosa
1134 790 1445 853 colentibus
1476 817 1628 867 arva,

351 884 609 958 Fallitur,
643 900 699 945 et
727 887 911 948 nautis
942 887 1295 969 adspicienda
1319 904 1479 971 putat
1506 915 1518 949 ι

1968 914 2048 967 400

272 983 385 1043 Nec
415 1006 630 1064 semper
659 983 930 1046 credenda
962 986 1125 1045 Ceres
1150 984 1438 1047 fallacibus
1468 986 1644 1058 arvis;

350 1081 466 1139 Nec
496 1103 713 1163 semper
740 1080 903 1140 viridi
933 1093 1171 1142 concava
1194 1083 1404 1166 puppis
1429 1107 1610 1166 aquae:

270 1177 384 1236 Nec
416 1190 630 1236 teneras
658 1201 874 1261 semper
898 1192 1079 1239 tutum
1107 1194 1324 1262 captare
1353 1179 1582 1263 puellas.

351 1271 504 1355 Saepe
523 1319 538 1344 ,
571 1271 701 1332 dato
732 1271 928 1333 melius
961 1289 1236 1358 tempore,
1264 1276 1360 1337 fiet
1384 1277 1546 1338 idem.

266 1370 391 1431 Sive
422 1370 538 1430 dies
569 1370 784 1430 suberit
810 1371 1009 1432 natalis
1027 1418 1042 1445 ‚
1076 1373 1188 1432 sive
1219 1373 1493 1446 kalendae‚
1968 1393 2048 1449 405

350 1468 505 1546 Quas
537 1468 808 1527 Venerem
836 1468 1009 1527 Marti
1037 1469 1389 1531 continuasse
1414 1471 1568 1552 juvat
1591 1490 1605 1522 ··

269 1565 394 1625 Sive
426 1565 532 1625 erit
563 1579 817 1637 ornatUS‚
850 1589 965 1624 non
995 1580 1059 1625 ut
1084 1566 1193 1626 fuit
1220 1582 1368 1640 ante,
1398 1566 1625 1646 sigillis,

318 1726 327 1734 v
350 1662 461 1722 Sed
488 1685 681 1740 regum
710 1662 988 1744 expositas
1015 1662 1208 1723 Circus
1228 1663 1462 1725 habebit
1483 1669 1650 1747 opes;

270 1758 451 1819 Differ
486 1782 630 1841 opus
655 1785 667 1817 ε
696 1774 827 1819 tunc
856 1759 1037 1825 tristis
1058 1760 1262 1835 hiems⁷
1295 1777 1426 1823 tunc
1453 1761 1670 1823 Pliades
1699 1762 1907 1823 instant
1924 1787 1944 1823 -:

267 1930 520 1974 Minucium
541 1930 733 1973 Felicem
759 1930 807 1972 in
830 1929 1119 1991 Octavio-me
1198 1935 1339 1977 Marti
1354 1943 1434 1977 etc.
1463 1934 1693 1978 solemnes
1723 1934 1922 1992 inprimis
1942 1950 2044 1978 mu·-

266 1995 416 2053 legisse
438 1996 635 2038 memini.
659 1996 817 2037 Horat.
840 1995 983 2051 Epod.
1005 2010 1084 2040 XVI
1102 2030 1114 2051 ‚

261 2062 312 2104 38
335 2077 344 2103 :
368 2065 600 2103 inominata
612 2064 843 2115 perprimo!
857 2063 1032 2103 cubilia.

318 2126 411 2185 397.
441 2127 530 2168 Sed
545 2129 645 2168 bene
665 2128 844 2167 celetur.-
861 2128 961 2168 bene
979 2130 1025 2167 si
1038 2141 1117 2168 ce-

263 2194 421 2233 labitur
438 2199 518 2233 etc.
540 2189 704 2233 Sensus
726 2198 791 2232 est
814 2205 824 2232 ε
847 2206 905 2232 ne
925 2190 1118 2247 suspice-

267 2266 339 2299 tur
358 2256 540 2313 quidem
564 2256 744 2298 domina
763 2256 897 2299 ullam
918 2257 994 2299 tibi
1014 2273 1116 2300 cum

265 2321 417 2366 ancilla
438 2338 528 2364 esse
546 2322 706 2364 amoris
719 2322 1114 2379 conspirationem3

264 2389 410 2443 sicque
452 2387 591 2429 amica
631 2390 789 2429 nolitia·
823 2393 902 2429 luoe
929 2390 1087 2430 suberit
1099 2403 1115 2442 ‚-

263 2452 308 2494 id
330 2461 394 2495 est
411 2484 422 2505 ,
448 2452 557 2494 nihil
578 2468 752 2508 prorsus
789 2461 886 2509 aget
917 2452 1083 2496 dicetve
1099 2485 1112 2506 ‚

270 2516 389 2573 quod
403 2533 495 2559 non
511 2518 673 2560 reserat
687 2521 816 2560 index
832 2517 982 2560 ancilla
996 2550 1007 2572 ‚
1021 2534 1124 2573 quae.

266 2582 433 2624 nullam
445 2582 512 2624 sui
533 2580 723 2624 dominae
737 2582 1029 2638 suspicionem
1046 2583 1119 2625 in*

271 2646 438 2702 jecerit.

321 2712 414 2770 399.
431 2711 616 2764 Operosa
627 2725 741 2752 area.
751 2709 866 2751 Vide
880 2726 975 2765 quae
987 2727 1118 2767 supra

268 2777 380 2820 libro
402 2775 447 2818 ΙΙ
464 2807 476 2828 ,
499 2775 653 2817 Amor.
676 2787 781 2828 XVI,
807 2774 872 2815 33.

325 2841 422 2896 400.
439 2840 485 2882 A
486 2841 744 2894 dspteienda.
752 2839 797 2881 A
799 2841 1018 2892 cctpienda
1031 2840 1093 2882 Pa
1101 2865 1119 2871 -

266 2907 426 2949 latinus
449 2921 561 2948 unus
581 2913 625 2947 et
645 2904 763 2947 alius.
786 2904 993 2946 Heinsius
1012 2904 1118 2946 olim

264 2971 467 3024 volebat,
493 2972 761 3024 arripienda:
774 2984 875 3013 non
898 2968 1037 3011 male:
1059 2970 1118 3011 ita

265 3035 419 3092 Virgil.
443 3049 515 3089 XI,
535 3034 644 3076 libro
658 3033 834 3076 AEneid.
852 3035 964 3091 459:

263 3113 347 3142 Imm
351 3111 589 3148 oiat‚ocixes

264 3171 417 3212 Cogiect
400 3171 544 3202 nl
533 3182 591 3201 m

334 3234 429 3286 401.
475 3234 691 3275 Credenda
726 3232 858 3283 Ceres.
895 3233 938 3274 T
931 3233 1116 3274 radenda

270 3297 504 3340 Palatinus.
530 3299 652 3350 -S'eges
671 3297 803 3338 etiam
826 3296 930 3338 alius
950 3296 1083 3339 codex
1102 3328 1115 3350 ,

272 3360 455 3403 solemni
477 3361 817 3416 permutatione.

316 3427 409 3479 405.
433 3427 525 3468 Sive
547 3428 757 3481 haletum,
787 3437 892 3480 quas
921 3428 1121 3473 Venerem.

670 3116 921 3151 reereptotmpo
904 3109 1008 3139 eurT
970 3119 1054 3139 urnu

1187 1997 1374 2040 'lieribus
1390 1997 1585 2042 kalendae
1606 1999 1801 2053 Martiae,
1827 1999 1926 2056 quia
1939 2009 2045 2043 tunc

1197 2060 1278 2104 illis
1287 2078 1474 2106 munera
1485 2063 1682 2107 solebant
1691 2064 1892 2107 missitari
1903 2082 1913 2108 :
1926 2064 2045 2108 unde

1186 2126 1399 2187 sernineas
1416 2137 1540 2171 vocat
1554 2129 1585 2171 J
1589 2145 1715 2171 uven.
1736 2129 1826 2172 Sat.
1841 2144 1889 2172 1x
1907 2163 1919 2184 ,
1941 2130 1992 2173 53
2008 2145 2019 2172 :

1198 2195 1339 2225 Munera
1341 2196 1499 2239 firmineis
1513 2202 1631 2227 tractas
1649 2202 1770 2227 secreta
1784 2197 1943 2229 kalendis.

1196 2255 1332 2299 Plura
1354 2255 1407 2299 de
1421 2256 1616 2300 kalendis
1633 2257 1766 2300 Mart.
1778 2290 1789 2312 ,
1813 2257 1927 2314 apud
1943 2258 2047 2301 Ma-

1198 2321 1315 2363 crob.
1329 2320 1509 2364 Saturn.
1524 2335 1543 2363 1
1554 2354 1566 2375 ,
1584 2339 1630 2364 12
1651 2330 1695 2365 et
1712 2324 1785 2376 15;
1801 2331 1844 2365 et
1859 2322 1996 2366 Solin.
2009 2323 2046 2365 3.

1198 2385 1429 2442 Ingeniose
1444 2386 1606 2430 Noster
1617 2387 1889 2437 Malronalia‚
1906 2386 1951 2429 id
1966 2396 2044 2440 est,

1197 2467 1316 2494 sacra
1327 2484 1339 2506 ,
1352 2466 1448 2507 quae
1460 2467 1485 2494 a
1494 2452 1713 2494 Matronis
1727 2451 1871 2508 primo
1884 2452 2046 2496 mensis

1199 2515 1331 2572 hujus
1346 2516 1432 2570 die,
1447 2516 1494 2558 in
1514 2515 1731 2559 honorem
1746 2517 1901 2560 Martis
1921 2517 2044 2559 cele-

1199 2580 1454 2634 brabantur,
1471 2581 1608 2624 refert
1627 2581 1682 2623 ad
1703 2597 1873 2623 amores
1891 2582 2044 2623 Vene-

1200 2646 1258 2689 ris
1278 2662 1381 2688 cum
1403 2647 1549 2688 Marte
1568 2678 1579 2700 ,
1603 2647 1671 2689 cui
1691 2661 1810 2689 sacra
1831 2645 1923 2689 haec
1941 2661 2044 2687 con-

1199 2714 1386 2752 tinuasse
1404 2710 1574 2753 dicitur.

1254 2776 1347 2829 408.
1355 2776 1441 2817 Sed
1442 2779 1798 2830 regum'exposilas
1811 2776 1954 2818 Circus
1968 2777 2046 2817 ba—

1199 2843 1313 2882 bebit
1326 2855 1437 2894 opes.
1456 2839 1614 2894 Quum
1633 2839 1759 2882 variis
1780 2856 1828 2883 ac
1847 2840 2045 2896 speciosis

1204 2905 1334 2947 rebus
1358 2903 1512 2947 Circus
1536 2914 1766 2948 exornatus
1787 2906 1892 2960 erit,
1914 2906 1973 2948 ita
1998 2915 2047 2948 ut

1201 2968 1355 3024 puellae
1391 2968 1471 3010 illis
1511 2969 1858 3025 contemplandis
1897 2986 2047 3012 vacare

1203 3033 1340 3089 magis
1377 3049 1509 3089 quam
1542 3033 1724 3077 amatori
1756 3034 1892 3076 velint
1910 3067 1922 3088 ,
1946 3043 2050 3077 tunc

1201 3099 1509 3141 abstinendum
1532 3116 1622 3143 esse
1642 3117 1652 3143 ε
1672 3108 1778 3143 tunc
1799 3100 1923 3142 enim
1943 3115 2050 3155 ope-

1199 3180 1294 3205 ram
1309 3164 1353 3206 in
1369 3165 1450 3207 illis
1461 3165 1738 3208 conciliandis
1752 3166 1911 3208 frustra
1921 3165 2046 3208 sumi.

1254 3232 1347 3288 409.
1358 3229 1505 3284 Differ
1515 3246 1637 3285 opus:
1647 3230 1746 3274 {linc
1757 3235 1890 3273 tris-lis·
1901 3233 2044 3278 hiems,

1198 3301 1296 3338 lunc
1332 3299 1506 3339 Pliades
1544 3300 1717 3342 z'nslanl.
1734 3295 1897 3351 ,Supra
1942 3293 2046 3336 dixit

1198 3369 1326 3416 poeta
1345 3393 1356 3414 ,
1385 3362 1475 3404 Nec
1507 3377 1668 3416 semper
1698 3362 1829 3403 viridi
1860 3374 2044 3401 concava

1192 3430 1345 3481 puppis
1366 3442 1505 3481 aquoe,
1529 3424 1747 3470 credenda
1775 3423 1943 3469 scilicet.
1972 3422 2042 3466 Ad
