2268 3776
326 302 423 356 158

783 304 845 356 Ρ.
895 304 1185 360 OVIDII
1230 305 1615 363 NASONIS

398 417 501 479 Cui
533 431 712 477 tamen
742 417 863 500 ipsa
889 418 1065 493 faves,
1089 421 1271 483 vincat
1296 437 1360 482 ut
1385 421 1476 482 ille
1505 447 1716 505 precor.

315 517 394 574 Ut
423 515 678 597 loquerer
705 531 884 577 tecum
907 519 1059 590 veni,
1087 533 1373 601 tecumque
1405 519 1682 580 sederem:

390 613 473 672 Ne
504 611 609 671 tibi
635 636 751 672 non
782 628 981 688 notus,
1011 638 1173 696 quem
1199 614 1357 691 faciS,
1383 629 1524 675 esset
1549 639 1717 675 amor.

309 708 396 766 Tu
421 731 611 767 cursus
641 723 878 791 spectas,
907 734 1009 788 ego
1040 725 1092 770 te
1115 735 1126 769 :
1154 725 1462 792 spectemus
1490 726 1723 794 uterque
2054 725 2079 766 5

392 804 563 882 Quod
585 804 737 885 juvat
753 852 767 877 ‚
793 819 956 889 atque
988 806 1180 867 oculos
1206 822 1394 889 pascat
1419 822 1652 890 uterque
1683 830 1830 868 suos.

311 901 363 960 O
384 946 398 972 ,
430 899 754 983 cuicumque
781 901 959 975 faveS‚
984 902 1113 962 felix
1143 902 1378 980 agitator
1407 905 1710 985 equorum!

388 997 538 1073 Ergo
568 994 651 1054 illi
683 1020 823 1056 curae
854 998 1092 1075 contigit
1121 1021 1236 1058 esse
1268 1013 1405 1070 tuae3

305 1097 430 1156 Hoc
460 1097 598 1156 mihi
627 1098 943 1176 'contingat3
971 1123 1125 1159 sacro
1159 1100 1223 1159 de
1255 1124 1465 1160 carcere
1495 1099 1677 1160 missis

384 1199 643 1260 Insistam
669 1200 804 1260 forti
833 1215 1014 1261 mente
1042 1201 1322 1262 vehendus
1354 1202 1528 1284 equis.
1877 1242 1880 1244 -
2032 1231 2077 1259 ιο

263 1376 265 1380 ¹
303 1302 379 1360 Et
405 1301 573 1361 modo
602 1300 723 1362 lora
753 1301 898 1362 dabo
920 1326 932 1376 ;
958 1302 1127 1378 modo
1158 1303 1381 1363 verbere
1412 1317 1565 1381 terga
1591 1302 1833 1388 notaboss
1964 1299 1968 1302 ⁴

301 1485 413 1528 sium
427 1518 438 1540 ,
463 1485 536 1541 qui
555 1494 672 1530 recte
689 1494 839 1530 tamen
854 1503 904 1530 ex
919 1487 1165 1530 Puteaneo·

300 1559 513 1606 utroque,
536 1551 765 1595 Barberin.
786 1561 830 1595 et
850 1561 1037 1609 quatuor
1058 1553 1148 1597 aliis

300 1616 519 1672 reposuit,
548 1619 789 1670 studeas-uu
819 1634 915 1674 quae
934 1634 1015 1661 vox
1034 1635 1148 1676 pro—

300 1678 449 1733 priain
462 1679 718 1723 factionibus
733 1689 777 1723 et
789 1684 942 1724 stadele
961 1680 1148 1724 Circen-

299 1742 426 1785 sibus.
457 1745 632 1787 Nobiles
657 1761 762 1787 vero
792 1746 894 1802 equi
922 1754 1026 1788 sunt
1050 1746 1147 1788 noti

297 1807 389 1863 jam
411 1807 572 1863 populo
593 1817 637 1850 et
663 1819 862 1865 spectatae
885 1810 1114 1854 celeritatis
1133 1829 1142 1863 ;

299 1872 373 1928 qui
387 1872 549 1929 palmas
562 1875 744 1931 jamjam
758 1891 868 1932 saepe
891 1875 1144 1920 retulerant.

296 1959 352 1970 --·
374 1941 503 1982 Venio
513 1946 732 1995 spectator.
755 1940 836 1984 Ed.
849 1941 1049 1999 princeps
1065 1975 1076 1996 ,
1096 1951 1146 1986 et

299 2020 395 2060 quae
415 2014 661 2061 sequuntur
675 2039 686 2061 ,
711 2006 764 2049 ad
786 2023 888 2049 ann.
915 2009 1032 2065 1492.

349 2072 387 2112 5.
425 2073 489 2113 Tu
509 2087 672 2114 cursum
692 2078 864 2127 spectes.
890 2072 1000 2115 Edd.
1023 2081 1107 2116 vet.

349 2134 388 2176 6.
399 2135 537 2191 Atque
545 2140 853 2192 oculospascat
858 2143 1023 2194 uterque
1030 2153 1140 2181 suos.

294 2198 431 2241 Recte
445 2207 605 2253 pascal
623 2214 636 2240 :
658 2201 708 2244 fit
729 2202 849 2244 enim
870 2203 988 2258 quasi
1009 2203 1140 2259 pabu-

290 2262 385 2306 lum
402 2265 558 2319 animi,
583 2266 795 2322 quidquid
812 2267 956 2311 oculos
970 2269 1143 2311 sortiter

293 2327 494 2372 adtentos
511 2329 692 2374 detinet.
714 2331 788 2375 Sic
801 2332 980 2387 AEneas‚
1003 2350 1141 2389 quum

292 2392 528 2450 descriptos
558 2396 605 2438 in
639 2397 732 2440 aede
764 2398 955 2441 Junonis
992 2399 1141 2456 Trojae

289 2459 457 2503 labores
472 2462 659 2505 miratur
675 2496 686 2518 ‚
711 2465 867 2512 oculos,
878 2465 1036 2509 dicitur
1050 2471 1140 2521 pic-

289 2530 383 2566 tura
403 2530 528 2568 inani
534 2543 720 2580 pascere.
739 2530 844 2572 AEn.
867 2530 936 2574 lib.
959 2544 977 2572 1
993 2563 1004 2585 ,
1027 2532 1119 2587 464.

346 2591 382 2632 8.
401 2592 600 2645 ‚Conngn't
615 2608 707 2634 esse
725 2599 816 2636 luoe.
833 2595 990 2639 Nescio
1004 2612 1058 2638 an
1081 2596 1138 2639 la-

288 2654 379 2697 tine
395 2687 407 2709 ,
431 2664 505 2698 aut
524 2655 676 2699 saltem
696 2658 919 2714 perspicue
940 2659 1038 2702 satis
1061 2660 1138 2702 di-

289 2726 412 2760 catur
422 2751 434 2773 ,
459 2721 537 2762 Illi
545 2725 724 2775 contzgrz‘l
738 2737 831 2763 csse
846 2728 924 2764 tuoe
942 2739 1068 2774 cure,
1091 2724 1137 2766 id

291 2790 376 2837 est,
401 2791 450 2826 ut
466 2782 519 2826 de
538 2800 590 2828 eo
608 2786 663 2828 sis
682 2786 860 2829 sollicita
880 2802 890 2829 :
907 2787 952 2832 in
970 2787 1137 2830 Moreti

290 2856 336 2890 et
364 2856 551 2904 quatuor
582 2849 740 2894 aliissset
770 2851 910 2908 prima
943 2851 1134 2896 editione

287 2921 374 2966 est,
397 2929 488 2955 esse
507 2930 609 2957 meae
630 2931 644 2957 .·
664 2916 845 2968 rectius;
875 2916 935 2958 illi
955 2917 1137 2974 contigit

288 2992 378 3019 esse
400 2993 514 3021 curoe
529 3012 540 3032 ,
568 2979 716 3023 amicae
738 2995 860 3023 meae.
890 2980 962 3024 Sic
981 2981 1134 3025 millies

288 3058 380 3084 mea
391 3059 470 3099 pro
485 3045 641 3088 amica:
655 3052 770 3096 tuus,
785 3061 906 3097 suus,
924 3062 1003 3102 pro
1013 3047 1107 3089 viro
1120 3080 1131 3100 ,

286 3109 472 3165 conjuge
492 3143 503 3163 ,
537 3111 604 3153 vel
635 3121 841 3155 amatore.
871 3114 984 3168 Ergo
1015 3117 1133 3156 illum

287 3172 317 3214 J
322 3173 413 3215 unii
433 3174 580 3217 codex.
602 3175 764 3219 Euam.

340 3254 378 3295 9.
400 3239 529 3282 Sacro
544 3242 596 3282 de
614 3257 777 3284 carcere
794 3247 946 3286 mtlrst‘s.
971 3243 1132 3287 Plurali

285 3315 475 3345 numero
503 3305 711 3347 usitatum
745 3308 881 3364 magis
916 3324 968 3350 eo
1002 3325 1132 3353 sensu

284 3367 556 3411 vocabulum.
579 3370 700 3427 Virg.
724 3370 884 3429 Georg.
906 3386 948 3428 1,
973 3376 1048 3416 511
1074 3389 1086 3416 :

285 3432 333 3462 Ut
347 3445 450 3475 quum
467 3438 652 3470 carceribus
668 3448 736 3472 sese
750 3439 890 3472 effudere
905 3442 1082 3483 quadrigae.

1233 1504 1255 1524 «
1282 1486 1490 1531 Carceres
1520 1486 1620 1531 dicti
1638 1520 1650 1543 ,
1677 1487 1822 1544 inquit
1849 1488 1994 1530 Varro
2022 1486 2075 1529 de

1231 1546 1335 1609 ling.
1350 1551 1470 1595 latin.
1487 1565 1537 1595 lv
1553 1584 1564 1606 ,
1588 1552 1638 1594 32
1652 1585 1664 1607 ,
1688 1551 1805 1607 quod
1818 1567 2051 1595 coerceren
2062 1575 2077 1583 -

1229 1625 1304 1659 tur
1317 1617 1443 1673 equi,
1460 1633 1517 1660 ne
1531 1615 1634 1659 inde
1648 1625 1826 1671 exeant,
1841 1624 2076 1673 antequam

1228 1681 1504 1738 magistratus
1525 1681 1654 1725 misit.
1672 1699 1694 1719 »
1728 1683 1932 1738 Oppidum
1953 1691 2076 1725 vocat
2140 1716 2142 1719 v

1227 1745 1346 1788 idem
1364 1778 1375 1800 ,
1410 1745 1464 1789 de
1487 1746 1554 1789 Re
1577 1746 1702 1789 Rust.
1723 1761 1787 1801 11,
1823 1765 1842 1804 7
1861 1779 1872 1801 ,
1904 1746 2021 1803 quod
2051 1762 2075 1789 a

1228 1812 1345 1853 muri
1366 1820 1488 1868 parte
1510 1812 1654 1868 pinnis
1679 1813 1956 1868 turribusque
1978 1829 2075 1855 car-

1227 1891 1339 1918 ceres
1374 1876 1479 1918 olim
1512 1877 1704 1920 suerunt.
1742 1877 1853 1921 Picti
1875 1877 2006 1931 olim,
2031 1885 2074 1919 et

1227 1941 1398 1996 turriti,
1439 1950 1483 1985 et
1517 1943 1732 1986 moenibus
1765 1942 1920 1995 clausi3
1954 1941 2071 1984 unde

1228 2006 1399 2050 Ennius
1415 2039 1427 2062 ,
1452 2007 1612 2051 Annal.
1627 2009 1800 2064 Fragm.
1822 2009 1897 2062 241
1924 2024 1934 2051 :

1502 2085 1653 2123 Spectant
1669 2083 1710 2113 ad
1726 2084 1860 2113 carceris
1873 2094 1944 2114 oras
1959 2108 1970 2122 ,

1226 2143 1307 2182 Quae
1322 2154 1398 2174 mox
1409 2143 1558 2174 emittant
1569 2145 1671 2186 pictis
1688 2155 1706 2174 e
1721 2143 1868 2175 faucibu'
1885 2155 2013 2177 currus.

1226 2203 1409 2247 Stabant
1429 2203 1547 2246 enim
1559 2219 1639 2260 pro
1659 2204 1899 2248 carceribus
1916 2239 1926 2255 ‚
1951 2221 2070 2261 quo—

1224 2284 1325 2310 rum
1339 2277 1476 2325 portae
1496 2285 1686 2311 numero
1707 2269 1954 2324 duodecim,
1970 2272 2072 2313 Her-

1224 2336 1332 2375 mulae’
1345 2333 1434 2375 duo
1449 2366 1461 2388 ,
1491 2349 1599 2390 quos
1614 2335 1731 2376 inter
1743 2338 1856 2377 linea
1871 2343 1987 2378 creta
2002 2335 2071 2378 vel

1223 2398 1334 2441 calce
1353 2398 1619 2455 signabatur,
1636 2398 1754 2441 unde
1767 2431 1779 2454 ‚
1798 2399 1920 2457 signo
1941 2399 2042 2443 dato
2055 2433 2067 2455 ,

1222 2472 1266 2507 et
1280 2464 1410 2520 aequis
1423 2465 1638 2508 frontibus
1648 2498 1660 2520 ,
1677 2465 1724 2507 in
1738 2466 1871 2522 spatia
1886 2467 1987 2522 equi
2006 2466 2069 2508 ir-

1225 2538 1495 2585 rumperent.
1529 2528 1622 2585 Qui
1648 2545 1754 2572 vero
1782 2529 2036 2573 detinebant
2053 2563 2066 2585 ,

1220 2600 1464 2638 moratores..
1480 2595 1760 2638 vocabantur.
1802 2595 1894 2651 Qui
1934 2596 2066 2652 lignei

1219 2660 1434 2715 primum,
1467 2677 1719 2704 marmoreos
1747 2677 1940 2705 carceres
1965 2662 2067 2706 fecit

1225 2723 1447 2767 Claudius.

1277 2807 1336 2833 11.
1366 2793 1430 2834 Et
1451 2793 1575 2834 modo
1600 2794 1692 2835 lora
1718 2794 1827 2835 dabo
1854 2802 1934 2836 etc.
1965 2793 2063 2836 Ex-

1217 2871 1363 2913 pressa
1385 2888 1397 2910 ,
1450 2863 1499 2899 ut
1532 2855 1706 2899 videtur
1723 2891 1734 2908 ,
1778 2873 1801 2899 e
1842 2858 2030 2902 Marone
2049 2891 2063 2914 ,

1218 2918 1379 2977 Georg.
1402 2934 1457 2963 111
1471 2953 1483 2974 ,
1510 2920 1614 2974 106;
1635 2937 1718 2964 nec
1738 2921 1941 2978 indigna,
1955 2926 2062 2978 ‘quae

1216 2995 1526 3042 comparentur
1559 2999 1569 3026 :
1609 2988 1690 3028 Illi
1712 2991 1876 3029 instant
1900 2991 2063 3031 verbere

1213 3057 1342 3101 torto,
1368 3053 1431 3093 Et
1439 3056 1570 3106 proni
1582 3054 1688 3094 dant
1696 3055 1799 3095 lora.
1822 3052 1937 3107 Quis
1956 3069 2060 3096 vero

1215 3115 1413 3159 divinum
1434 3126 1579 3161 vatem
1602 3127 1854 3175 assequatur
1873 3153 1884 3174 ,
1922 3136 2060 3176 quum

1214 3180 1358 3236 addit,
1389 3183 1572 3238 eodem,
1603 3199 1691 3239 quo
1723 3184 1803 3241 ipsi
1832 3200 2055 3239 cursores,

1213 3245 1381 3302 impetu
1402 3248 1604 3305 abreptus
1620 3281 1632 3303 ,
1667 3252 1787 3291 volat
1804 3254 1854 3292 vi
1864 3249 2056 3303 fiervidus

1216 3317 1316 3354 axis
1330 3316 1354 3357 ,Ρ
1374 3312 1559 3356 Ovidius
1575 3314 1753 3369 quidem
1773 3330 1783 3357 :
1801 3330 1911 3356 nunc
1927 3318 2056 3356 strin—

1207 3392 1306 3430 gam
1324 3383 1456 3419 melas
1467 3382 1656 3421 interiore
1667 3384 1758 3420 rota
1770 3394 1786 3432 ,·
1807 3387 1851 3420 et
1862 3393 1958 3420 rem
1975 3393 2053 3434 op-

1213 3441 1317 3489 time
1340 3442 1568 3499 describit,
1589 3443 1795 3500 singulari
1814 3443 2051 3487 admodum
