2268 3776
285 314 390 386 278

731 313 795 364 P.
852 312 1152 366 OVIDII
1198 312 1591 368 NASONIS

284 428 653 512 Quaecumque
685 443 768 487 est
798 429 982 488 subita
1009 429 1239 488 Veneris
1261 429 1466 490 violata
1490 430 1679 513 rapina
1699 479 1714 503 ‚

1960 453 2045 509 675

369 522 607 592 Gaudet3
640 537 695 583 et
720 522 1047 632 improbitas
1074 523 1316 583 muneris
1346 524 1522 585 instar
1549 526 1731 586 habet.

282 621 360 679 At
387 629 536 700 quae,
566 643 736 701 quum
765 620 888 698 cogi
916 635 1128 702 posset,
1157 642 1275 678 non
1305 634 1447 681 tacta
1471 623 1725 692 recessit,

365 715 444 772 Ut
472 713 692 773 simulet
717 713 873 775 vultu
904 713 1127 791 gaudia,
1160 714 1331 773 tristis
1361 716 1480 776 erit.

284 808 411 868 Vim
439 833 598 890 passa
620 824 703 869 est
730 811 967 882 Phoebe;
997 810 1078 869 vis
1112 825 1196 869 cst
1223 809 1374 870 illata
1400 812 1612 871 sorori:

364 908 441 964 Et
466 920 652 982 gratus
682 921 851 988 raptae
875 922 1067 990 raptor
1098 921 1330 989 uterque
1358 906 1481 966 fuit.

1967 927 2050 969 680

226 1049 234 1058 ,
282 1000 489 1061 Fabula
515 1017 649 1061 nota
678 1002 923 1084 quidem,
958 1003 1054 1063 sed
1081 1027 1197 1063 non
1226 1002 1454 1082 indigna
1475 1002 1694 1075 referri,

365 1099 578 1181 Scyrias
606 1100 894 1160 Haemonio
917 1100 1110 1181 juncta
1137 1099 1323 1182 puella
1350 1100 1484 1159 viro.
1510 1168 1521 1175 ³

285 1197 407 1255 Jam
435 1195 553 1254 Dea
580 1193 809 1255 laudatae
839 1195 1059 1255 dederat
1085 1219 1183 1255 sua
1211 1196 1433 1278 praemia
1458 1195 1647 1258 formae
1666 1242 1680 1267 ,

370 1290 524 1350 Colle
556 1290 659 1350 sub
690 1290 835 1350 Idaeo
865 1292 1078 1351 vincere
1112 1291 1278 1368 digna
1307 1290 1461 1351 duaS.

284 1395 320 1453 J
324 1418 408 1454 am
432 1418 604 1453 nurus
633 1394 701 1453 ad
726 1394 1019 1454 Priamum.
1036 1395 1248 1454 diverso
1277 1410 1498 1455 venerat
1531 1396 1664 1456 orbe
1700 1417 1713 1467 ς

1971 1413 2054 1456 685

373 1495 642 1577 Grajaque
670 1495 729 1553 in
754 1494 936 1556 Iliacis
965 1497 1241 1565 moenibus
1270 1521 1412 1556 uxor
1439 1511 1570 1558 erat.

286 1597 558 1656 Jurabant
585 1621 775 1658 omnes
805 1598 864 1656 in
890 1597 1003 1659 laesi
1030 1600 1197 1660 verba
1223 1600 1439 1660 mariti:

368 1699 507 1759 Nam
537 1698 698 1759 dolor
722 1701 889 1761 unius
908 1748 922 1775 ,
954 1701 1179 1784 publica
1202 1720 1362 1763 causa
1389 1701 1513 1762 fuit.

290 1801 507 1882 Turpe!
537 1802 645 1861 nisi
673 1802 781 1862 hoc
809 1804 998 1864 matris
1027 1805 1286 1887 precibus
1319 1805 1634 1878 tribuisset,
1667 1802 1913 1865 Achilles

369 1907 536 1964 Veste
566 1905 743 1964 virum
771 1905 938 1986 longa
961 1907 1337 1969 dissimulatus
1368 1924 1497 1969 erat.

1975 1926 2056 1981 690

294 2007 449 2086 Quid
477 2008 636 2080 facis,
667 2009 930 2070 AEacida?
958 2036 1075 2071 non
1102 2027 1232 2072 sunt
1261 2028 1354 2073 tua
1382 2037 1610 2073 munera
1631 2012 1767 2072 lanae
1800 2038 1811 2071 ε

373 2111 462 2169 Tu
493 2110 684 2177 titulos
713 2112 816 2172 alia
845 2113 1085 2175 Palladis
1113 2130 1226 2175 arte
1254 2130 1426 2198 petas.

295 2211 450 2290 Quid
479 2212 581 2272 tibi
612 2237 736 2274 cum
766 2215 1030 2276 calathis?
1058 2216 1248 2300 clypeo
1275 2242 1470 2279 manus
1498 2233 1626 2301 apta
1652 2215 1889 2278 tenendo
1916 2230 2013 2277 est.

373 2315 552 2375 Pensa
574 2317 710 2398 quid
736 2317 795 2376 in
826 2318 1038 2392 dextra,
1068 2344 1175 2403 qua
1205 2321 1361 2381 cadet
1391 2306 1616 2393 Hector,
1645 2320 1859 2381 habes?

294 2416 479 2496 Rejice
510 2418 818 2486 succinctos
849 2444 1085 2502 operoso
1115 2423 1344 2484 stamine
1374 2422 1558 2508 fusos3
1977 2440 2060 2496 695

346 2589 438 2646 675.
475 2592 747 2649 Qua-cumque
758 2601 825 2638 est
840 2599 981 2639 subita
1003 2598 1139 2641 Vene-

292 2661 352 2699 ris
370 2659 533 2700 violata
549 2662 722 2713 rapina,
742 2662 912 2703 Gaudet
929 2671 1008 2705 etc.
1024 2663 1137 2706 Ele—-

298 2731 451 2779 gauter
475 2723 715 2767 admodum
735 2725 992 2770 Theocritus
1013 2729 1137 2787 Idyll.

297 2801 427 2830 XXVII
442 2788 552 2848 ,69;
570 2783 754 2845 ὀμμασιν
775 2794 912 2845 αἰδομέ
897 2811 953 2842 ενη
970 2824 982 2845 ,
1000 2799 1134 2854 κραδίη

301 2855 342 2895 δέ
362 2857 397 2896 οἱ
419 2857 522 2897 ενθον
546 2855 663 2905 Ξάνθη.

351 2918 445 2977 690.
474 2921 793 2963 Πιζσσι ηιπΙαίω
823 2920 1056 2964 Salmasius
1082 2898 1137 2964 ad

297 2984 463 3027 Tertul.
494 2984 599 3029 Pall.
631 3002 724 3042 pag.
745 2986 854 3040 316,
876 2986 1004 3041 citat,
1024 2992 1139 3030 veste

294 3055 362 3094 vir
378 3055 424 3094 in
443 3056 570 3107 longa
581 3055 870 3095 dtzcshnulatus
882 3058 996 3095 emt:
1011 3053 1138 3096 male.

349 3117 444 3175 691,
482 3119 574 3158 Tua
593 3134 772 3160 munem.
799 3115 999 3160 Mentelii
1014 3149 1025 3171 ,
1046 3134 1139 3160 mu-

293 3185 367 3223 nia
381 3197 392 3224 t
405 3182 517 3225 sorte
539 3184 700 3227 rectius
714 3217 727 3238 ,
750 3192 798 3226 ut
818 3183 871 3226 ad
891 3187 1031 3226 munia
1042 3183 1138 3225 mi·-

293 3244 431 3288 litaria
454 3246 640 3290 adludat.
663 3248 735 3292 Sic
754 3248 910 3291 eadem
929 3249 1109 3291 varietas
1123 3280 1136 3302 ,

295 3323 384 3352 XIII
398 3343 410 3365 ‚
438 3311 621 3355 Metam.
650 3313 757 3372 296:
779 3316 894 3356 Duri
906 3312 1139 3369 ficgz'enlem

293 3379 434 3417 munia
466 3379 590 3429 belle}
626 3378 700 3420 ubi
734 3386 778 3420 et
808 3378 876 3420 alii
893 3411 904 3433 ,
940 3395 1107 3421 munera
1123 3395 1137 3421 ι

291 3453 417 3493 mox,
434 3446 532 3495 pete
553 3441 732 3498 quidam
762 3442 867 3486 editi
895 3452 938 3486 et
957 3443 1134 3500 scripti;

1205 2601 1325 2655 fieres
1356 2593 1561 2644 Politiani
1579 2618 1590 2653 ;
1627 2605 1719 2644 tene
1754 2599 1968 2656 Neapolit.
2007 2600 2058 2641 B.

1269 2666 1363 2725 693.
1391 2667 1550 2722 'Clypea
1577 2680 1726 2707 manus
1752 2669 1856 2718 apta
1880 2666 2057 2706 terendo.

1224 2732 1268 2771 T
1260 2732 1418 2771 enenda
1435 2734 1502 2771 est
1519 2728 1778 2772 oxoniensis
1792 2731 1983 2771 :terenda
1996 2734 2063 2770 est

1217 2793 1287 2836 alii
1306 2792 1519 2835 nonnulli.
1540 2786 1657 2836 Puto
1673 2825 1684 2847 ‚
1705 2795 1872 2835 terendo
1901 2799 1992 2847 est‚·
2013 2801 2056 2835 et

1216 2858 1275 2902 sic
1300 2863 1414 2899 unus
1434 2857 1680 2900 Vaticanus.
1701 2860 1885 2901 Fbrendo
1908 2865 2057 2900 tamen

1216 2935 1308 2963 non
1330 2921 1536 2978 ablegem.
1555 2922 1722 2966 HEINS.
1752 2924 1944 2966 Tenendo
1962 2939 2060 2966 rec-

1217 2994 1312 3028 tum
1334 2994 1409 3029 est.
1433 2986 1506 3030 Sic
1526 3000 1612 3030 xnl
1627 3020 1638 3042 ,
1662 2987 1846 3030 Metam.
1866 2987 1945 3030 352
1964 3004 1973 3030 :

1333 3057 1414 3087 Cum
1430 3056 1515 3088 socia
1529 3056 1680 3099 clypeum
1697 3066 1757 3097 pro
1777 3057 1877 3086 classe
1894 3056 2038 3087 tenebas.

1221 3119 1386 3174 Clypee‘s
1400 3116 1592 3172 ferendis·
1611 3117 1845 3161 Beruensis
1875 3125 1919 3160 et
1945 3133 2057 3160 unus

1220 3182 1389 3224 Heinsii
1404 3214 1416 3235 ‚
1442 3190 1490 3224 ut
1507 3183 1576 3225 ΙΙΙ
1591 3182 1693 3226 Am.
1709 3181 1775 3226 El.
1793 3196 1903 3237 vm,
1929 3185 1989 3226 15.
2007 3183 2058 3225 Β.

1270 3247 1366 3306 694.
1397 3248 1491 3300 Qua
1510 3249 1651 3290 cadat.
1678 3249 1812 3290 Cadcl
1829 3247 2055 3290 Editiones

1218 3312 1368 3368 primae
1379 3346 1388 3362 ‚
1407 3313 1604 3356 Francos.
1621 3321 1665 3356 et
1678 3311 1805 3356 multi
1824 3311 1989 3368 scripti;
2010 3320 2058 3354 ut

1217 3377 1270 3420 sit
1289 3378 1558 3422 vaticinantis
1575 3411 1586 3433 ‚
1610 3394 1701 3422 non
1731 3379 1946 3422 incertum
1967 3393 2055 3433 op·-

1216 3443 1357 3487 tantis.
