2268 3776
314 324 420 374 280

777 325 840 377 P.
895 325 1193 383 OVIDII
1231 329 1608 388 NASONIS
1650 339 1685 363 '⁸

392 431 507 513 Qui
535 434 712 496 suerat
740 437 946 512 cultor,
980 440 1153 502 factus
1185 459 1394 506 amator
1426 461 1555 508 erat.

313 575 627 634 CANDIDUS
650 576 708 635 in
734 593 900 638 nauta
931 581 1107 662 turpis
1134 580 1289 641 color
1313 607 1325 642 ε
1347 585 1584 666 aequoris
1608 585 1757 645 unda

388 671 592 743 Debet,
624 686 678 731 et
704 697 736 732 a
762 673 930 734 radiis
957 675 1150 735 sideris
1179 699 1299 736 esse
1323 678 1510 755 niger:

309 766 515 848 Turpis
543 781 597 826 et
625 767 911 846 agricolae,
942 770 1037 851 qui
1062 794 1281 832 vomere
1311 795 1524 854 semper
1545 773 1786 848 adunc0‚

1993 797 2075 851 725

387 865 462 922 Et
493 863 750 959 gravibus
779 865 971 924 rastris
1002 865 1106 925 sub
1142 868 1281 927 Jove
1311 883 1490 928 versat
1513 869 1774 945 humum;

308 960 382 1017 Et
413 958 544 1029 tibi,
576 931 829 1019 Palladiae
858 962 1065 1042 petitur
1092 963 1180 1021 cui
1207 963 1387 1045 palma
1411 988 1658 1038 coronae‚

390 1054 637 1115 Candida
665 1056 711 1114 si
741 1055 947 1117 fuerint
973 1082 1238 1140 corpora,
1269 1060 1447 1142 turpis
1476 1061 1597 1121 eris.

307 1137 515 1211 Palleat
545 1152 723 1211 omnis
753 1176 975 1212 amans·
1000 1154 1091 1214 hic
1119 1170 1202 1215 est
1233 1155 1390 1215 color
1420 1171 1583 1239 aptus
1603 1159 1834 1218 amanti.

384 1249 491 1308 Hie
519 1247 707 1309 decet:
731 1249 840 1308 hoc
870 1250 1026 1310 vultu
1056 1276 1173 1311 non
1205 1251 1441 1313 valuisse
1474 1268 1688 1335 putent.

1994 1273 2075 1330 73⁰

306 1342 551 1404 Pallidus
580 1346 639 1404 in
668 1346 900 1428 Lyricen
928 1346 1094 1429 sylvis
1125 1348 1343 1408 errabat
1374 1349 1590 1409 Orion:

385 1440 631 1499 Pallidus
662 1441 721 1499 in
753 1439 900 1500 lenta
927 1441 1104 1534 Naide
1131 1442 1386 1525 Daphnis
1417 1459 1548 1504 erat.

308 1538 522 1614 Arguat
547 1551 602 1597 et
628 1536 826 1597 macies
855 1537 1095 1598 animum
1119 1564 1131 1599 ι
1157 1563 1256 1600 nec
1288 1554 1448 1624 turpe
1475 1540 1688 1623 putaris

305 1698 494 1756 Regius,
529 1699 816 1754 Oxoniensis,
841 1700 986 1744 Jureti
1017 1701 1152 1745 codex

306 1774 352 1808 et
373 1765 440 1807 alii
461 1765 687 1820 nonnulli,
707 1770 947 1818 abscedere,
966 1783 1056 1811 non
1075 1785 1153 1811 ac-

305 1832 446 1872 cedere
460 1864 468 1879 ,
491 1831 710 1873 contrario
738 1831 865 1886 plane
896 1848 1052 1876 sensu:
1075 1833 1150 1875 sed

308 1896 434 1938 male.
458 1897 623 1939 Hssms.

363 1980 452 2018 722.
474 1964 563 2015 Qui
564 1961 715 2017 fiderat
725 1965 868 2013 cultor,
876 1961 1028 2016 saclas
1037 1978 1151 2005 ama-

307 2032 374 2069 lor
381 2032 483 2069 erat.
498 2028 551 2070 In
567 2026 825 2082 quibusdam
839 2027 964 2070 codd.
978 2027 1148 2084 legitur,

313 2094 400 2145 Qui
419 2089 570 2145 fuerat
601 2094 736 2134 cultor
770 2095 920 2134 victus.
959 2091 1024 2133 Ex
1063 2107 1150 2147 quo

311 2156 623 2199 eruditissimus
644 2155 862 2199 Rouerius
893 2156 1055 2212 optime
1074 2157 1150 2199 fe—

305 2231 438 2277 cerat,
458 2225 545 2277 Qui
546 2223 698 2278 fuerat
710 2226 845 2265 cultor
857 2224 1006 2274 dictas,
1028 2238 1151 2265 ama-

309 2296 377 2332 tor
389 2295 490 2332 cml.
512 2288 633 2331 DAN.
653 2289 819 2332 ΗΕΙΝε.

365 2371 455 2410 727.
484 2355 545 2395 Et
560 2359 606 2395 lu
617 2387 627 2403 ‚
644 2354 860 2396 Palladia.
881 2355 944 2395 Et
956 2359 1030 2395 lua
1049 2353 1149 2396 Re-

310 2418 403 2475 gius
419 2451 431 2472 ‚
457 2417 717 2461 Oxoniensis
731 2450 742 2472 ,
766 2418 912 2460 Jureti
931 2417 1087 2472 codex,
1105 2426 1150 2460 et

307 2491 396 2525 tres
419 2482 499 2526 alii.
530 2483 653 2526 Bene
666 2516 677 2537 ,
699 2492 749 2525 ut
769 2483 823 2526 ad
843 2500 1016 2538 corpora
1033 2484 1151 2526 rese-

307 2556 450 2590 ratur:
460 2552 606 2602 palma
622 2565 791 2599 coronoe,
803 2564 883 2604 pro
890 2547 1030 2602 fama,
1048 2564 1148 2605 qua-

308 2622 411 2655 tuor
428 2611 551 2665 libri3
577 2628 659 2654 nec
681 2611 855 2654 damno.
876 2613 1043 2656 HEINS.

367 2677 459 2731 730.
486 2678 582 2719 Hoc
597 2678 739 2719 decet:
753 2678 832 2718 boc
841 2679 1057 2720 multe’non
1074 2694 1148 2720 vo-

307 2746 436 2785 luisse
445 2746 608 2796 putant.
639 2743 726 2784 Jh'c
744 2742 863 2782 decet
885 2741 997 2782 bene
1020 2757 1145 2783 non—

307 2806 417 2850 nulli
444 2804 610 2849 codices
634 2821 645 2847 2
671 2804 883 2847 nimirum
910 2808 1033 2847 color.
1060 2808 1147 2848 Hic

307 2874 443 2922 decet,
460 2873 569 2913 bunc
588 2872 713 2912 multi
724 2878 920 2926 excerpta
941 2869 1146 2925 Scaligeri

306 2945 352 2978 et
380 2935 564 2978 Puteani
582 2966 594 2988 ,
627 2949 743 2993 cum*
758 2933 846 2977 aliis
878 2933 1143 2990 quibusdam.

303 3004 458 3046 Patent
473 2999 605 3043 etiam
626 2999 786 3056 Regius
804 3008 848 3042 et
858 2999 945 3042 duo
958 2999 1048 3043 alii:
1063 3015 1142 3056 pro

305 3070 445 3117 mulli,
470 3081 583 3108 unus
602 3081 726 3108 meus
745 3068 873 3107 vultu.
892 3065 1022 3107 Forte
1040 3080 1050 3107 :

304 3140 370 3169 Hic
386 3138 494 3176 decet,
505 3137 569 3172 ,hoc
582 3138 678 3168 vultu
689 3148 753 3168 non
767 3135 906 3173 valuisse
922 3142 1048 3177 putent.

305 3199 371 3241 Ex
397 3201 476 3241 boc
502 3201 619 3240 vultu
649 3197 849 3253 colligant
884 3213 932 3239 ac
957 3212 1139 3253 persua-

304 3263 491 3306 deantur
508 3262 661 3320 puellae
678 3294 689 3316 ,
718 3270 762 3304 te
783 3277 874 3303 non
894 3262 1035 3304 valere
1054 3294 1065 3315 ‚
1097 3269 1141 3303 et

300 3343 468 3385 aegrum
487 3343 575 3371 esse
594 3360 605 3381 ,
628 3342 717 3382 prae
738 3327 875 3369 nimio
893 3327 958 3370 sui
979 3342 1140 3369 amore.

355 3395 444 3451 73¹·
474 3397 665 3437 Pallidus
683 3397 727 3453 ia
745 3394 923 3452 Lyricen
933 3397 1062 3452 sylvis
1074 3409 1139 3434 er-

298 3460 422 3501 rabat
432 3460 572 3505 Orion.
583 3458 690 3505 Noti
702 3467 804 3504 sunt
825 3474 992 3503 amores
1011 3458 1139 3503 Orio-

1231 1703 1298 1747 nis
1318 1737 1331 1759 ,
1354 1704 1428 1760 qui
1453 1703 1718 1762 OEnopionis
1744 1702 1879 1747 filiam
1904 1703 2072 1761 perdite

1233 1769 1418 1824 amavit,
1441 1785 1573 1826 quam
1594 1770 1812 1826 Meropen
1831 1768 1901 1812 alii
1918 1787 1928 1821 ;
1954 1770 2073 1812 Par-

1232 1833 1405 1876 thenius
1421 1834 1467 1876 in
1485 1834 1668 1877 Eroticis
1686 1866 1698 1888 ,
1719 1850 1811 1891 cap.
1833 1848 1890 1876 xx
1903 1866 1915 1886 ,
1938 1834 2073 1877 Haero

1233 1897 1431 1955 adpellat3
1444 1899 1518 1942 sed
1529 1908 1573 1942 et
1583 1902 1679 1943 Side
1687 1900 1831 1942 Danai⁸
1845 1899 1930 1941 filia
1940 1900 1992 1942 ab
2002 1915 2075 1941 an-

1231 1962 1360 2018 tiquis
1378 1974 1750 2008 commemoratur
1763 1998 1775 2019 ,
1796 1980 1892 2020 quae
1912 1963 2073 2007 Orioni

1229 2029 1452 2085 nupserit,
1484 2038 1528 2072 et
1560 2029 1676 2072 Sidae
1702 2029 1862 2072 civitati
1893 2029 2072 2071 Boeotiae

1230 2109 1396 2136 nomen
1415 2093 1596 2137 dederit.
1617 2093 1686 2136 De
1706 2094 1856 2152 Lynce
1872 2093 1982 2135 nihil
1999 2109 2071 2135 me

1230 2157 1379 2215 legisse
1411 2159 1607 2202 memini.
1635 2159 1730 2204 Nee
1759 2166 1960 2201 constant
1994 2157 2073 2201 sibi

1229 2231 1397 2266 veteres
1422 2224 1702 2267 membranae.
1731 2222 1878 2265 Jureti
1907 2221 2041 2265 codex
2058 2255 2070 2276 ‚

1229 2290 1456 2332 Pallidus
1433 2306 1477 2332 ln
1492 2291 1699 2332 Licentia
1720 2291 1872 2331 linces
1891 2304 2004 2332 unus
2022 2305 2073 2332 ex

1231 2352 1363 2408 meis,
1384 2361 1433 2396 ut
1453 2362 1497 2397 et
1515 2353 1678 2411 Regius
1696 2369 1707 2396 z
1726 2353 1808 2397 nisi
1829 2352 1943 2410 quod
1965 2362 2029 2397 est
2047 2369 2071 2396 a

1230 2434 1366 2461 manu
1380 2418 1592 2474 secunda,
1608 2420 1768 2463 Linea:
1785 2418 2006 2476 quomodo
2023 2419 2070 2461 in

1229 2482 1377 2527 multis
1397 2483 1499 2527 aliis.
1516 2483 1841 2527 Arundelianus
1854 2517 1865 2538 ,
1888 2487 1934 2526 in
1952 2487 2071 2526 silvis

1229 2551 1407 2603 lincam
1423 2550 1517 2604 vel,
1527 2551 1682 2603 Lt'ceae5
1697 2549 1790 2604 vel,
1804 2551 1969 2593 linces.
1989 2549 2069 2592 Ce-

1229 2616 1337 2671 teri,
1353 2617 1531 2659 lincam
1545 2649 1556 2667 ,
1573 2618 1762 2666 lincam,
1777 2616 1897 2657 Lt'cie
1908 2647 1920 2665 ‚
1942 2616 2065 2664 Lt'lt‘e,

1228 2682 1374 2723 Lt'neie
1385 2714 1395 2731 ‚
1418 2682 1583 2730 licita,
1601 2684 1646 2723 in
1668 2681 1835 2722 Lincel's
1849 2710 1861 2732 ,
1878 2681 2036 2721 illincllr
2048 2712 2059 2727 ‚
2131 2696 2139 2707 ·

1229 2753 1273 2795 et
1301 2744 1468 2787 similia.
1500 2743 1615 2788 Nam
1643 2742 1778 2786 codex
1807 2740 2067 2785 Oxoniensis

1227 2807 1347 2851 hunc
1371 2822 1546 2850 versum
1579 2822 1672 2849 non
1696 2805 1894 2849 habebat.
1914 2806 2029 2862 Lege
2052 2839 2064 2860 ,

1225 2879 1271 2917 in
1290 2876 1442 2916 Dirces
1464 2876 1605 2931 sylvis.
1632 2873 1749 2917 Nam
1767 2871 1912 2915 Orion
1934 2871 2065 2914 The-

1224 2939 1362 2982 banus
1379 2955 1389 2981 :
1404 2938 1508 2981 hinc
1526 2940 1695 2981 Baeolus
1713 2953 1824 2994 saepe
1843 2937 1980 2994 poetis
1998 2937 2067 2980 di-

1226 3003 1329 3046 citu1
1350 3019 1360 3054 ;
1382 3011 1425 3046 et
1444 3002 1600 3056 Dirce,
1619 3002 1717 3046 sons
1732 3002 1931 3045 Thebani
1952 3003 2062 3059 agri,

1225 3083 1358 3124 quem
1369 3067 1485 3110 inter
1497 3067 1599 3110 alios
1611 3067 1773 3110 Statius
1783 3066 1830 3109 in
1841 3066 2064 3109 Theba'i‘de

1223 3149 1300 3175 sua
1337 3132 1565 3177 luculentis
1602 3132 1794 3175 versibus
1830 3131 2062 3187 descripsit.

1224 3197 1387 3253 Regius
1415 3197 1572 3251 etiam,
1596 3197 1731 3239 Arion
1749 3211 1830 3253 pro
1855 3197 2061 3238 Orion.—

1180 3278 1182 3280 ’
1222 3262 1292 3306 De
1306 3261 1550 3319 Daphnidis
1562 3261 1780 3304 amoribus
1791 3294 1803 3316 ,
1818 3277 1869 3304 ex
1882 3260 2061 3304 Parthe-

1221 3329 1297 3371 nio
1318 3361 1331 3382 ,
1368 3326 1604 3379 Scholiaste
1637 3325 1892 3381 Theocriti,
1922 3323 2058 3366 Junio

1221 3392 1491 3451 Philargyrio
1506 3423 1518 3445 ,
1546 3399 1590 3434 et
1618 3390 1770 3434 Servio
1789 3406 1857 3434 res
1884 3397 1947 3435 est
1965 3403 2057 3432 non

1220 3457 1346 3514 plane
1366 3457 1526 3514 ignota·
1549 3456 1713 3499 HEms.
