2268 3776
259 312 334 366 66

715 314 780 366 Ρ.
826 314 1128 371 OVIDII
1172 315 1547 374 NASONIS

335 423 571 484 Brachia
605 422 831 507 derepta
860 427 1044 487 saucia
1072 426 1200 488 fecit
1232 453 1348 490 acu.

259 523 412 604 Saepe
443 521 632 595 etiam,
665 521 918 582 nondum
950 523 1179 602 digestis
1206 550 1366 587 mane
1395 526 1607 611 capillis
1616 543 1639 610 ,¹

336 619 627 702 Purpureo
649 619 821 700 jacuit
851 621 1191 704 semisupina
1221 637 1348 683 toro
1372 648 1387 684 :
1990 659 2044 690 20

254 719 400 777 Tum
429 740 651 798 quoque
677 731 792 776 erat
819 715 1068 795 neglecta
1096 717 1295 779 decens
1320 746 1332 780 :
1355 735 1420 780 ut
1444 718 1683 781 Thracia
1711 723 1957 799 Bacche,

336 815 529 894 Quum
560 827 761 874 temere
791 813 851 873 in
879 814 1043 875 viridi
1071 816 1314 894 gramine
1343 816 1488 877 lassa
1509 818 1668 899 jacet.

256 913 449 992 Quum
481 909 710 989 graciles
741 926 925 972 essent
954 926 1164 986 tamen,
1200 928 1256 973 et
1284 912 1568 992 lanuginis·
1594 915 1794 988 instar3

337 1010 464 1068 Heu
492 1006 636 1067 mala
661 1022 867 1071 vexatae
897 1023 1104 1091 quanta
1134 1010 1308 1071 tulere
1335 1013 1533 1072 comae!

255 1105 440 1185 Quam
470 1129 527 1166 se
557 1106 919 1188 praebuerunt
941 1106 1089 1167 ferro
1119 1108 1397 1190 patienter
1428 1123 1484 1169 et
1505 1109 1658 1187 ἰςῐιὶςι
1990 1129 2044 1170 25

333 1205 413 1262 Ut
440 1202 596 1263 fieret
627 1217 779 1262 torto
810 1202 1011 1264 nexilis
1044 1204 1179 1265 orbe
1212 1205 1405 1266 sinus!

261 1298 586 1360 Clamabam
610 1324 623 1359 z
657 1299 852 1360 Scelus
882 1315 995 1374 est,
1028 1302 1168 1362 istos
1200 1302 1376 1363 scelus
1405 1326 1564 1363 urere
1593 1303 1800 1363 crines!

332 1396 547 1479 Sponte
578 1395 810 1456 decent:
837 1397 1003 1479 capiti
1033 1397 1206 1459 ferrea
1232 1423 1394 1481 parce
1424 1414 1544 1459 tuo.

254 1491 383 1552 Vim
409 1491 609 1575 procul
637 1492 771 1553 hinc
792 1516 1013 1554 remove
1041 1519 1053 1554 :
1078 1519 1195 1555 non
1226 1511 1311 1557 est
1342 1497 1440 1579 qui
1470 1496 1671 1556 debeat
1699 1495 1819 1567 uri3

252 1655 303 1682 ex
323 1638 509 1694 abrupto
531 1636 720 1694 figuram
749 1637 959 1681 orationis
992 1654 1111 1683 con-

248 1712 436 1747 vertere.
459 1702 588 1746 Adde
611 1703 729 1760 quod
749 1712 795 1747 et
813 1703 1112 1749 nominativus

248 1768 526 1824 substantivi,
542 1769 630 1812 sive
648 1769 873 1826 suppositi,
891 1769 1105 1813 desidera-

253 1844 347 1890 tur,
366 1850 505 1892 quum
516 1834 661 1891 inquit
676 1847 686 1875 τ
704 1836 822 1878 Ante
837 1851 953 1879 meos
964 1839 1111 1879 oculos

249 1916 365 1956 soepe
392 1905 461 1943 est
483 1904 635 1942 ornata
661 1907 742 1943 etc.
765 1933 777 1955 ,
811 1909 862 1943 ut
887 1901 1020 1957 possis
1053 1900 1109 1944 de

251 1965 333 2008 alia
348 1998 360 2020 ,
386 1981 519 2021 quam
541 1964 596 2008 ad
618 1980 753 2022 quam
771 1965 983 2009 hactenus
1006 1982 1110 2010 ser-

251 2046 328 2073 mo
349 2031 487 2074 sactus
515 2039 580 2074 est
596 2063 608 2086 ,
650 2031 838 2074 verbum
865 2035 1031 2083 ornari,
1065 2040 1112 2076 et

252 2110 349 2153 quae
365 2103 615 2151 sequuntur
628 2128 639 2150 ,
661 2095 919 2153 intelligere.
935 2097 1111 2140 an.

311 2162 373 2204 18.
399 2163 592 2204 Brachia
627 2164 792 2216 direpta
822 2165 973 2205 saucia
994 2161 1114 2217 fecit

250 2241 345 2270 acu.
365 2226 470 2269 Jam
496 2241 627 2282 supra
655 2226 912 2269 monuimus
937 2229 1112 2282 dempta

248 2291 334 2349 legi
363 2291 410 2335 in
431 2292 600 2348 optimo
622 2292 851 2335 Puteaneo
871 2309 882 2343 ;
912 2291 988 2335 sed
1010 2291 1112 2347 quia

252 2357 383 2414 paulo
414 2366 516 2400 ante
548 2360 721 2413 derepta
759 2361 915 2400 cortice
954 2357 1112 2400 habui-

254 2438 353 2465 mus
368 2455 381 2476 ,
401 2423 548 2465 minus
565 2422 763 2466 hocloco
782 2422 828 2465 id
847 2422 969 2465 verbi
990 2439 1112 2466 nunc

253 2487 406 2544 placet.
426 2487 665 2541 Nonnulli,
682 2490 844 2530 directa
856 2505 950 2531 acu.
964 2489 1082 2532 Puto
1095 2521 1107 2543 ,

252 2557 447 2608 correpta
472 2568 565 2595 acu.
597 2551 688 2594 Sed
714 2560 759 2596 et
784 2556 961 2596 brachia
973 2556 1107 2610 fixit,

253 2619 490 2676 profecit,
525 2618 833 2674 scribendum,
868 2619 938 2662 vel
966 2619 1112 2662 invitis

257 2684 528 2728 membranis
550 2700 561 2726 :

292 2752 433 2785 Brachia
447 2758 594 2792 correpta
611 2752 721 2782 saucia
733 2750 803 2782 fixit
817 2763 890 2782 acu.

256 2815 369 2858 Ecce
385 2814 532 2857 locum
548 2828 724 2869 prorsus
740 2811 929 2856 similem
942 2811 1014 2855 lib.
1027 2825 1086 2854 111
1097 2844 1110 2867 ,

258 2880 381 2924 Artis
412 2879 653 2923 Amatoriae
668 2911 679 2933 ,
703 2878 784 2937 239
806 2893 816 2921 :

255 2955 343 2985 Tuta
359 2955 401 2984 sit
415 2955 560 2985 ornatrix
575 2965 583 2985 :
600 2954 654 2984 odi
663 2977 674 2992 ‚
692 2964 763 2995 quae
777 2953 900 2983 sauciat
915 2962 972 2983 ora

297 3016 476 3056 Unguibus
492 3038 502 3053 ,
520 3022 552 3045 et
568 3021 661 3055 rapta
677 3013 809 3045 brachia
826 3014 895 3054 figit
910 3025 983 3045 ncu-
1007 3014 1054 3044 H.

316 3093 380 3136 19.
409 3078 605 3121 Nondum
623 3079 813 3131 dzgrestczr.
837 3075 887 3118 ld
909 3083 973 3118 est
991 3091 1116 3131 spar-

258 3141 313 3184 sis
328 3149 372 3183 et
382 3140 525 3196 passis.
538 3140 728 3183 Martial.
743 3142 768 3184 l.
783 3154 839 3183 111
854 3173 865 3195 ,
879 3140 960 3197 Ep.
974 3140 1043 3193 63,
1063 3139 1088 3180 3
1104 3153 1116 3182 2

259 3213 369 3243 Bellus
376 3212 474 3244 homo
481 3218 542 3251 est,
551 3211 650 3243 flexos

314 3291 381 3316 21.
417 3275 479 3315 [st
496 3275 679 3317 Thracia
697 3276 884 3317 Bacche.
914 3276 1111 3324 Threcia,

261 3339 538 3390 Puteaneus;
559 3348 677 3382 recte
704 3355 714 3382 ε
743 3339 939 3396 proxime
959 3355 1116 3381 verum

260 3404 349 3446 duo
373 3403 601 3458 Vaticani,
625 3405 672 3449 in
693 3406 873 3463 quibus,
898 3409 1052 3449 tetrica
1073 3412 1116 3447 et

264 3472 422 3513 territa.
443 3468 611 3513 HEms.

665 3212 722 3254 qui
731 3207 856 3255 digerit
869 3213 982 3245 ordine
995 3212 1112 3244 crines.
1133 3246 1136 3248 ,

1246 1657 1315 1683 22.
1330 1642 1514 1684 Temere.
1528 1641 1685 1684 Horat.
1694 1638 1768 1684 lib.
1779 1639 1842 1694 II,
1856 1637 2046 1694 Od.11,3:

1273 1716 1341 1747 Cur
1355 1727 1421 1748 non
1435 1716 1496 1747 suh
1509 1716 1574 1746 atta
1588 1717 1641 1748 vel
1652 1716 1788 1747 Platane
1801 1715 1855 1746 vel
1864 1714 1926 1746 hae

1266 1775 1352 1808 Pinn
1368 1778 1511 1818 jacentes
1525 1777 1571 1808 sic
1586 1785 1720 1808 temere.
1784 1778 1923 1808 Douza.

1246 1838 1313 1880 23.
1347 1839 1481 1892 Quum
1505 1840 1690 1893 graciles
1716 1843 1862 1881 essent
1891 1843 2045 1882 tamen,

1191 1901 1296 1946 Non
1316 1903 1582 1946 satisfaciunt
1602 1903 1792 1946 numeri.
1820 1903 2047 1947 Sarravia-

1190 1983 1274 2010 nus
1291 1976 1334 2011 et
1350 1969 1588 2011 Vaticanus
1603 1984 1718 2011 unus
1731 2002 1742 2020 ‚
1765 1973 1964 2025 tanquam
1979 1971 2047 2010 la-

1190 2036 1369 2087 nugmezr.
1401 2033 1701 2076 Mentelianus
1729 2038 1895 2076 tantum
1910 2067 1920 2084 ‚
1944 2049 2046 2077 cum

1192 2113 1286 2140 uno
1307 2097 1514 2142 Mediceo
1539 2110 1550 2138 τ
1579 2115 1694 2142 1111115
1713 2115 1840 2142 meus
1854 2132 1865 2154 ,
1887 2116 1980 2142 cum
2004 2104 2053 2142 et

1192 2166 1419 2219 lanuginis.
1438 2164 1651 2220 Excerpta
1664 2164 1695 2207 J
1699 2165 1827 2219 ureti,
1843 2169 1985 2208 tamen
2008 2170 2054 2207 et

1192 2234 1294 2271 sunt
1319 2232 1494 2274 lum1·m·s
1519 2234 1669 2272 instar.
1701 2230 1819 2273 Puto
1843 2230 2049 2274 scriben-

1195 2291 1305 2336 dum
1326 2310 1336 2338 τ

1193 2368 1276 2398 Tam
1290 2365 1424 2406 graciles
1436 2366 1599 2407 laevesque
1612 2370 1721 2394 tamen
1734 2363 1900 2404 lanuginis
1914 2347 2028 2393 instar.

1194 2428 1269 2471 An
1290 2432 1520 2483 teretesque
1539 2430 1682 2468 tamen
1697 2459 1707 2475 ‚
1739 2433 1790 2467 ut
1809 2422 1923 2481 apud
1945 2424 2050 2469 No·—

1192 2495 1321 2537 nium
1352 2493 1400 2535 in
1415 2493 1633 2549 jactare?
1670 2491 1839 2533 HEINS.
1880 2490 2051 2532 Teretes

1195 2562 1351 2619 digitos
1367 2595 1379 2615 ‚
1400 2577 1526 2603 aures
1540 2593 1552 2615 ,
1573 2558 1735 2603 collum
1749 2590 1760 2612 ,
1783 2556 1916 2614 pedes
1931 2590 1942 2611 ,
1966 2555 2052 2598 dici

1194 2626 1338 2682 patior
1357 2638 1367 2664 :
1387 2624 1463 2667 sed
1483 2624 1625 2666 crines
1644 2623 1739 2678 quis
1755 2626 1908 2665 teretes
1925 2635 2048 2663 voca-

1194 2691 1256 2732 vit
1284 2704 1482 2744 unquam
1500 2720 1512 2741 ‚
1550 2687 1624 2742 qui
1653 2689 1861 2728 tenuitate
1889 2699 1965 2727 sua
1988 2684 2048 2726 ita

1196 2755 1281 2797 dici
1301 2754 1370 2796 vix
1389 2751 1653 2795 merentur?
1673 2751 1836 2793 BURM.

1251 2819 1317 2872 24.
1347 2819 1444 2859 Heu
1463 2818 1587 2858 male.
1608 2816 1733 2857 Mala
1747 2848 1758 2865 ,
1782 2814 1967 2856 omnino
1985 2811 2049 2856 le-

1197 2881 1395 2940 gendum
1425 2890 1515 2934 est,
1546 2888 1595 2922 ut
1623 2879 1675 2922 ‘in
1704 2878 1840 2923 MSS.
1876 2888 1928 2922 ut
1960 2878 2015 2921 sit
2038 2910 2049 2931 ,

1195 2952 1355 3004 quanta
1374 2949 1502 2989 mala.
1524 2946 1655 2987 ΜΔΕ.

1254 3012 1319 3054 26.
1356 3013 1526 3054 Nexilis
1555 3013 1653 3052 orbe
1682 3014 1814 3053 sinus·
1842 3010 2022 3051 Fla-xim-
2037 3042 2048 3058 2

1197 3076 1327 3119 multi
1356 3092 1406 3119 ex
1436 3075 1604 3131 scriptis
1630 3086 1641 3113 ἰ
1663 3073 1781 3130 quod
1802 3073 1962 3117 rectius
1985 3072 2054 3114 vi·-

1198 3141 1341 3183 detur.
1363 3140 1511 3183 Valer.
1534 3139 1714 3182 Flaccus
1735 3152 1790 3193 v,
1815 3138 1895 3196 589
1915 3153 1926 3179 z

1199 3212 1259 3242 0111
1278 3211 1349 3242 hl
1331 3221 1425 3253 my
1438 3217 1539 3241 etmu
1542 3210 1587 3240 lta
1602 3210 1670 3251 spir
1673 3216 1734 3240 act
1735 3220 1808 3240 01113
1812 3207 1980 3251 flexilisa
1983 3216 2054 3237 1113.

1200 3273 1404 3327 Martial‚
1429 3272 1500 3315 lib.
1522 3285 1571 3324 x,
1559 3271 1748 3374 coEpigr.
1769 3270 1848 3324 65,
1871 3269 1919 3311 6.

1240 3344 1294 3375 Tu
1275 3344 1354 3389 ufle
1336 3343 1544 3375 exaniiustd
1632 3341 1803 3382 anguiis.

1254 3424 1320 3465 29.
1349 3408 1446 3448 Non
1463 3411 1540 3449 est.
1559 3354 1709 3450 cNon
1697 3421 1732 3447 15
1751 3402 1957 3460 capillus,
1980 3401 2054 3457 qui

1200 3474 1355 3515 debeat
1371 3475 1445 3514 uri.
