2268 3776
277 324 387 378 356

747 323 812 375 P.
864 321 1157 379 OVIDII
1213 321 1602 379 NASONIS

272 440 418 519 Quis
450 437 675 498 credat?
706 437 929 499 discunt
956 439 1120 499 etiam
1146 438 1324 499 ridere
1350 438 1582 522 puellae:

354 535 637 615 Quaeritur
666 549 829 617 atque
858 533 968 595 illis
996 536 1098 596 hac
1130 559 1351 618 quoque
1380 551 1538 620 parte
1568 534 1751 599 decor.

271 634 395 693 Sint
424 631 831 692 modicirictus
849 679 863 706 ,
892 633 1004 692 sint
1030 656 1209 715 parvae
1238 634 1521 717 utrimque
1546 632 1794 707 lacunae,‘

350 733 427 790 Et
457 752 701 789 summos
731 728 920 790 dentes
947 730 1056 789 ima
1084 728 1287 791 labella
1314 745 1518 809 tegant.

270 829 385 888 Nec
417 849 516 885 sua
542 840 815 907 perpetuo
843 825 1186 886 contendant
1211 824 1307 885 ilia
1334 825 1484 887 risu:

1980 847 2062 890 285

352 921 463 982 Sed
491 920 609 982 leve
639 921 829 981 nescio
861 921 997 1005 quid
1022 922 1434 1005 femineumque
1465 911 1689 985 sonent}

269 1021 398 1091 Est,
431 1042 551 1100 quae
580 1041 839 1100 perverso
871 1018 1219 1100 distorqueat
1241 1042 1338 1078 ora
1368 1019 1639 1080 cachinno
1663 1044 1678 1080 :

351 1116 545 1195 Quum
574 1115 691 1174 risu
717 1113 841 1174 laeta
870 1128 955 1175 est
983 1113 1154 1175 altera
1171 1162 1185 1188 ‚
1210 1115 1339 1176 flere
1367 1131 1550 1199 putes,

268 1214 371 1275 Illa
399 1227 561 1273 sonat
588 1235 842 1283 raucum⁷
870 1210 1245 1294 quiddamque
1275 1212 1573 1274 inamabile
1597 1213 1795 1274 stridet
1808 1232 1829 1288 ,'

347 1315 429 1373 Ut
455 1311 609 1371 rudit
635 1309 705 1369 ad
729 1309 979 1369 scabram
1010 1309 1192 1392 turpis
1224 1308 1393 1369 asella
1426 1310 1651 1370 molam.

1983 1344 2065 1389 290

267 1412 402 1492 Quo
432 1432 550 1468 non
580 1430 666 1467 ars
694 1406 993 1489 penetrat?
1022 1405 1246 1465 discunt
1271 1404 1555 1468 lacrimare
1584 1407 1877 1482 decentem

351 1507 597 1588 Quoque
627 1503 826 1563 volunt
853 1502 1080 1586 plorant
1103 1518 1352 1587 tempore
1369 1550 1385 1576 ‚
1413 1529 1640 1588 quoque
1666 1505 1855 1567 modo,

271 1602 474 1682 Quid?
505 1624 676 1685 quum
706 1600 954 1679 legitima
982 1599 1269 1661 fraudatur
1294 1600 1454 1662 litera
1482 1625 1642 1677 voce,

348 1704 637 1787 Blaesaque
666 1703 731 1763 fit
751 1704 909 1785 jusso
938 1702 1131 1783 lingua
1157 1719 1346 1766 coacta
1375 1706 1562 1765 sono?

269 1812 338 1870 In
366 1810 502 1869 vitio
529 1810 695 1869 decor
714 1823 832 1894 vest,
862 1809 1112 1891 quaedam
1139 1809 1280 1870 male
1307 1809 1535 1871 reddere
1566 1809 1761 1871 verba:

1982 1829 2064 1885 295

347 1913 592 1973 Discunt
620 1935 786 1995 posse
812 1911 1028 1997 minuS‚
1061 1936 1227 1995 quam
1255 1927 1490 1996 potuere
1511 1959 1526 1986 ‚
1553 1912 1730 1996 loqui.

326 2081 421 2124 281.
455 2081 646 2123 Discunt
674 2081 806 2122 rz‘dere
828 2081 991 2134 puellae.
1027 2078 1131 2124 Huc

268 2147 383 2190 sorte
398 2145 584 2202 respexit
594 2144 728 2187 Mart.
743 2143 816 2187 lib.
833 2144 894 2199 II,
907 2143 1033 2201 Epig.
1051 2145 1100 2199 41
1119 2156 1131 2184 z

399 2221 485 2252 Ride
497 2245 508 2261 ,
535 2221 562 2251 si
577 2220 664 2261 sapis
677 2243 688 2258 ‚
704 2230 722 2250 o
739 2219 849 2260 puella
862 2219 931 2250 ride
941 2243 952 2258 ‚

394 2283 549 2323 Pelignus
558 2307 568 2322 ‚
586 2288 666 2322 puto
675 2304 686 2320 ‚
702 2280 828 2312 dixerat
840 2286 947 2322 poeta.

275 2346 394 2391 Nam
410 2344 502 2401 ipsa
514 2342 647 2386 verba
659 2375 671 2396 ‚
693 2340 790 2398 quai:
805 2341 1021 2402 Martialis
1035 2358 1132 2399 pro-

278 2410 401 2453 ducit
426 2442 438 2465 ,
487 2424 538 2450 ex
571 2402 801 2464 deperdito
833 2406 917 2449 alio
945 2407 1132 2451 Nasonis

277 2491 410 2533 opere
426 2473 627 2516 desumta
643 2489 734 2516 esse
747 2473 817 2514 vix
831 2480 953 2528 puto.
965 2471 1131 2515 BURM.

331 2540 423 2581 283.
455 2539 550 2580 Sint
567 2554 708 2592 parvoe
736 2541 939 2594 ulrimque
958 2541 1132 2581 lacunoe.

277 2606 500 2658 Paruoeque
508 2602 656 2658 scripti
669 2603 866 2658 plerique
880 2618 982 2645 cum
992 2604 1134 2660 prima

275 2667 470 2711 editione
483 2700 494 2721 ,
504 2667 586 2710 nisi
599 2666 715 2722 quod
729 2667 893 2722 Regius
905 2672 1133 2724 ,pariequa

276 2732 412 2775 Forte
426 2765 438 2786 ,
455 2734 615 2786 pariles
645 2737 689 2772 el
714 2735 914 2785 utrimque
943 2735 1104 2774 lacunae
1121 2748 1134 2774 .·

276 2815 386 2842 nam
400 2802 455 2842 Τὸ
474 2814 550 2854 que
567 2796 842 2854 geminatum
857 2796 1040 2838 offendit
1055 2813 1135 2848 au-

280 2880 350 2907 res
371 2863 549 2918 duriore
570 2876 681 2905 sono
705 2874 714 2900 :
734 2877 784 2903 ea
803 2877 885 2903 vox
907 2859 1070 2904 Ovidio
1088 2861 1135 2903 in

279 2928 442 2972 deliciis
457 2962 467 2976 ‚
505 2936 555 2970 ut
575 2926 795 2981 dicemus,
821 2926 1007 2969 Metam.
1031 2940 1100 2968 vn
1121 2959 1133 2981 ,

282 3010 394 3037 vers.
416 2993 510 3035 538.
533 2992 701 3034 HEms.

334 3059 427 3101 288.
441 3060 576 3112 Quum
586 3060 671 3099 risu
684 3060 783 3099 laela
793 3061 860 3099 est
867 3058 1013 3098 altera.
1026 3057 1138 3098 Risu

278 3140 358 3167 usa
371 3130 458 3173 est,
482 3123 549 3166 vel
565 3127 678 3172 lala,
704 3122 891 3179 Regius:
912 3137 991 3163 usa
1004 3121 1138 3164 etiam

279 3190 369 3233 duo
391 3190 461 3232 alii
484 3206 494 3232 ι
517 3206 655 3242 unus,
678 3192 775 3231 lusa
795 3201 806 3227 ι·
826 3188 915 3231 duo
937 3187 1036 3242 alii,
1069 3193 1138 3230 ri-

279 3270 408 3311 suque
428 3271 507 3306 usa
533 3261 608 3298 est.
632 3256 749 3298 Puto
766 3286 777 3308 ‚
813 3271 934 3309 quum
956 3256 1044 3296 risu
1062 3253 1139 3309 ef-

268 3321 378 3375 fusa
410 3326 476 3364 es!
495 3337 507 3363 .-
527 3320 625 3374 vel,
650 3319 768 3376 quod
790 3319 942 3362 malim
957 3353 968 3369 ‚
998 3323 1044 3362 in
1071 3322 1141 3361 ri-

279 3402 372 3429 sum
395 3387 540 3442 effusa
559 3392 626 3430 est
639 3391 788 3429 allera.
810 3387 947 3429 IDEM.

336 3469 428 3516 ²9¹·
465 3454 659 3500 Discunt.
694 3454 885 3495 Discunt
925 3452 1049 3495 Voss.
1094 3459 1157 3502 etr

1214 2079 1410 2136 quinque
1433 2078 1503 2122 alii
1525 2094 1536 2122 z
1558 2085 1603 2122 et
1622 2093 1725 2120 mox
1745 2092 1919 2134 quoque
1937 2108 1949 2131 ‚
1983 2093 2068 2120 vo-

1213 2147 1302 2190 lent
1313 2179 1323 2197 ‚
1342 2148 1530 2200 plorent,
1554 2143 1817 2187 Mentelian.

1255 2210 1350 2269 293.
1360 2211 1484 2263 Quid,
1497 2226 1619 2265 quum
1629 2211 1815 2263 legitima
1823 2215 1903 2251 etc.
1910 2207 2071 2264 Quint.

1215 2276 1323 2318 Inst.
1346 2273 1474 2318 Orat.
1496 2288 1546 2316 xl
1562 2307 1574 2329 ‚
1605 2274 1630 2316 3
1649 2307 1660 2328 ,
1686 2290 1739 2316 ex
1758 2273 1939 2317 vetustis
1958 2273 2072 2317 codi-

1214 2341 1359 2383 cibus:
1377 2357 1399 2377 «
1412 2340 1507 2384 Nec
1519 2339 1788 2382 volubilitate
1810 2339 1947 2382 nimia
1967 2356 2070 2382 con·

1214 2405 1442 2449 fundenda
1457 2438 1470 2460 ,
1490 2420 1587 2462 quae
1604 2405 1788 2448 dicimus
1801 2439 1812 2461 ,
1832 2421 1917 2462 qua
1932 2414 1976 2448 et
1992 2404 2073 2448 dis-

1217 2469 1371 2512 tinctio
1401 2469 1516 2526 perit
1542 2477 1586 2513 et
1617 2470 1825 2524 affectus,
1867 2478 1912 2513 et
1944 2485 2072 2512 non—

1216 2549 1464 2590 numquam
1504 2533 1638 2576 etiam
1666 2533 1799 2575 verba
1831 2533 1973 2590 aliqua
2005 2533 2073 2576 sui

1217 2609 1338 2657 parte
1362 2601 1637 2656 fraudantur.
1661 2618 1683 2637 υ
1727 2600 1794 2642 Ibi
1824 2599 1937 2643 male
1964 2599 2071 2643 Sal-

1217 2666 1378 2708 masius
1394 2698 1405 2720 ‚
1428 2669 1504 2722 qui
1518 2668 1592 2707 sui
1606 2669 1730 2719 parle
1747 2664 2001 2720 fundaretur.
2018 2664 2072 2706 Β.

1215 2752 1271 2762 --
1292 2731 1424 2782 Quid,
1444 2745 1568 2784 quum
1584 2728 2014 2782 legdimafiaudalur
2024 2730 2073 2769 li-

1217 2799 1307 2834 tera
1340 2795 1478 2837 voce?
1508 2792 1668 2834 Artem
1696 2791 1825 2835 docet
1842 2824 1853 2846 ‚
1888 2807 2000 2847 qua,
2037 2792 2074 2834 si

1219 2857 1338 2914 quod
1367 2858 1412 2899 in
1438 2857 1771 2914 pronuntiando
1799 2858 1957 2901 vitium
1974 2890 1986 2911 ,
2022 2874 2075 2900 ex
2158 2910 2165 2913 ι

1220 2939 1273 2966 eo
1307 2924 1400 2980 ipso
1440 2927 1626 2966 decorem
1661 2924 1900 2981 quemdam
1931 2934 2077 2982 captet

1219 2990 1390 3046 puella,
1424 3006 1506 3032 nec
1534 2990 1628 3033 sine
1661 2990 1836 3047 lepore,
1873 2991 2075 3048 quaedam

1219 3060 1329 3100 male
1347 3059 1499 3099 reddat
1515 3057 1659 3099 verba.

1277 3125 1370 3181 294.
1415 3123 1585 3176 Lingua
1612 3127 1767 3165 coacta
1792 3139 1910 3166 sono.
1947 3123 2078 3167 Unus

1220 3204 1371 3242 meus,
1405 3190 1586 3231 subdola
1613 3191 1775 3243 lingua.
1811 3188 1885 3231 Sic
1913 3205 2043 3246 supra
2064 3221 2076 3243 ,

1221 3253 1294 3296 lib.
1318 3254 1361 3303 Ι,
1389 3255 1495 3313 598:

1262 3326 1327 3357 Fac
1347 3325 1463 3356 titubet
1481 3325 1579 3357 blaeso
1593 3325 1730 3357 subdola
1741 3325 1853 3366 lingua
1866 3335 1955 3356 sono.
1984 3323 2035 3354 H.

1280 3390 1372 3444 295.
1400 3388 1599 3439 Qua-dam
1622 3389 1732 3430 male
1749 3388 1916 3428 reddere
1938 3387 2076 3427 verba.

1225 3452 1343 3494 Male
1373 3454 1501 3495 verba
1525 3454 1706 3496 recidere
1739 3452 1926 3507 quoedam
1960 3465 2075 3493 unus
