2268 3776
523 278 787 335 ARTIS
834 275 1305 332 AMATORIAE
1356 278 1518 333 LIB.
1569 280 1655 332 ΙΙ.

1859 279 1963 333 3223

194 388 303 449 Vix
327 385 615 470 precibus»,
640 385 924 465 Neptune,
953 379 1064 441 tuis
1095 380 1307 463 captiva
1338 381 1566 443 resolvit

279 485 528 568 Corpora
549 506 562 542 ε
587 480 742 542 Mars
771 477 1022 540 Threcen
1051 492 1313 561 occupat;
1341 478 1434 540 illa
1464 480 1715 563 Paphon.

201 570 322 642 Hoc
353 579 456 640 tibi
481 576 817 662 profectum,
843 574 1091 637 Vulcane
1114 600 1127 635 :
1154 574 1308 659 quod
1338 590 1464 636 ante
1497 577 1786 654 tegebant,

281 674 534 738 Liberius
563 674 805 747 faciunt,
834 689 898 735 ut
925 673 1111 757 pudor
1140 673 1321 734 omnis
1350 672 1522 735 abest.

1893 691 1972 749 590

202 774 354 856 Saepe
382 785 561 834 tamen
593 770 815 833 demens
838 770 1007 833 stulte
1033 770 1223 832 fecisse
1254 769 1473 843 fateris;

279 871 469 954 Teque
497 869 681 931 ferunt
708 869 800 931 irae
828 867 1153 953 poenituisse
1185 882 1306 930 tuae.

204 996 336 1056 HOC
365 995 545 1055 vetui:
569 1017 666 1055 vos
695 1017 819 1056 ecce
846 1008 995 1055 vetat
1021 993 1285 1077 deprensa
1308 992 1492 1053 Dione

282 1089 515 1151 Insidias
539 1089 690 1162 illas,
721 1113 857 1174 quas
889 1089 1020 1150 tulit
1047 1089 1194 1171 ipsa,
1224 1087 1357 1171 pati.

201 1187 317 1248 Nec
345 1210 440 1247 vos
469 1186 624 1249 rivali
651 1186 874 1271 laqueos
905 1186 1183 1271 disponite
1206 1209 1219 1245 :
1240 1207 1343 1246 nec
1368 1205 1467 1245 vos

1904 1204 1982 1262 595

283 1284 536 1368 Excipite
564 1308 756 1346 arcana
783 1285 948 1346 verba
973 1298 1160 1346 notata
1188 1306 1371 1344 manu.

202 1380 314 1440 Ista
341 1379 445 1440 viri
472 1394 717 1464 captent,
750 1381 797 1441 si
820 1381 932 1463 jam
963 1379 1230 1465 captanda
1259 1378 1569 1463 putabunt,

258 1529 350 1589 589.
379 1531 476 1574 Hoc
507 1533 589 1574 tibi
606 1529 790 1587 profeci!
805 1564 814 1582 ‚
853 1532 1052 1576 Vulcane.

205 1593 368 1651 Regius
385 1627 398 1650 ‚
422 1595 611 1651 perfecto
632 1612 645 1638 .·
664 1595 798 1639 ceteri
829 1595 1022 1653 plerique
1037 1629 1049 1651 ,

196 1658 398 1714 prose-clo.
413 1658 528 1716 Lege
542 1692 554 1713 ,
560 1658 792 1715 profectum
803 1675 815 1703 .·
827 1658 1052 1716 quomodo

202 1718 463 1779 jamdudum
478 1723 645 1782 conjeci
661 1746 671 1777 3
688 1724 804 1781 quod
817 1724 1054 1768 Vaticanus

204 1786 319 1833 unus
337 1789 585 1834 confirmat.
603 1789 704 1834 Hoc
722 1789 968 1846 profecisti,
986 1789 1055 1832 in-

204 1853 323 1910 quit,
339 1853 561 1911 Vulcane,
584 1863 633 1898 ut
653 1854 828 1898 liberius
847 1869 969 1898 nunc
990 1854 1056 1897 fa-

202 1917 342 1974 ciant,
366 1927 599 1976 postquam
628 1917 773 1976 pudor
794 1919 939 1962 abesse
967 1933 1056 1962 coe-

200 1984 264 2042 pit
277 2017 289 2040 ,
320 1985 439 2044 quod
472 1987 679 2044 tegebant
709 1995 825 2031 ante.
861 1986 979 2031 Nam
1011 1994 1055 2030 et

199 2051 399 2107 sequenti
421 2067 550 2095 versu
573 2051 854 2096 scribendum
874 2085 885 2107 ,
905 2057 955 2095 u!
970 2068 1056 2108 pu-

199 2116 279 2159 dor
289 2119 427 2159 omnir
441 2119 583 2168 abest,
602 2132 695 2160 non
712 2119 920 2173 etpudor‚·
936 2116 1055 2174 quod

200 2179 381 2238 scriptos
408 2180 633 2239 editosque
656 2198 887 2240 perperam
915 2199 1056 2227 occu-

199 2245 343 2302 pavit,
361 2254 520 2304 praeter
535 2248 800 2297 Patavinum
818 2264 973 2291 unum.
994 2248 1055 2292 H.

201 2332 257 2343 —-
275 2313 403 2367 Quod
415 2317 516 2356 ante
545 2317 742 2368 legebant
752 2347 762 2364 ,
791 2313 1058 2368 le'ben‘usfh-

201 2379 330 2419 ciunt.
346 2375 524 2435 Colligit
546 2393 569 2421 e
589 2378 732 2422 fabula
754 2379 916 2423 Noster
930 2413 942 2434 ,
959 2394 1057 2437 quae

205 2439 260 2483 ad
289 2456 386 2484 rem
415 2457 542 2486 suam
574 2443 800 2488 facerent:
819 2443 895 2488 sed
926 2444 1057 2503 longe

204 2503 285 2548 alia
306 2521 434 2550 mens
453 2507 656 2551 Homero
677 2508 781 2562 suit,
800 2524 938 2565 quum
957 2509 1058 2552 talia

205 2579 442 2623 canentem
461 2572 577 2629 apud
601 2572 803 2617 Phaeacas
826 2573 1060 2618 Demodo-

206 2651 309 2679 cum
340 2636 572 2682 induceret
589 2657 600 2691 ;
631 2655 739 2682 nam
770 2639 805 2683 si
839 2640 1058 2685 Athenaeo

204 2700 312 2746 fides
332 2734 344 2756 ,
373 2701 469 2746 loeo
488 2719 618 2762 supra
638 2705 770 2748 citato
787 2739 799 2760 ‚
839 2709 855 2751 ὃ
888 2713 928 2751 δι’
957 2710 1058 2770 παραὶ

205 2773 346 2824 Φαίαξι
369 2772 585 2824 Δημόδοκος
611 2774 697 2830 ᾅδει
718 2766 836 2835 Χρεος
853 2779 919 2816 καὶ
938 2763 1059 2835 Α’,τρν

207 2835 315 2883 θέτης
336 2840 533 2878 συνουσίαν
547 2867 560 2890 ,
595 2839 633 2880 οὐ
658 2839 723 2880 &ab
741 2840 782 2881 τὸ
803 2837 1059 2893 ἀποδέχεσθαι

204 2897 247 2938 τὲ
265 2903 428 2940 τοιοῦτον
449 2899 560 2948 πάθος
571 2931 583 2954 ,
600 2900 682 2944 ἀλλ’
698 2902 910 2961 ἀποτρέπων
927 2906 1060 2952 αὐτοὺς

205 2962 430 3020 παροινὸμων
464 2963 614 3020 δρὲξεωυ
630 2997 643 3019 ,
685 2971 795 3015 εὶθὼς
827 2970 862 3010 εὐ
893 2976 1059 3029 τρυφερῷ

204 3041 281 3066 τινι
299 3029 378 3083 βίῳ
401 3032 670 3088 τεθραμμένους
684 3062 697 3083 ,
712 3031 905 3087 κᾷντεῦθευ
931 3035 1060 3087 &52:12⁹-

206 3106 303 3131 ται-α
320 3097 398 3136 τοῖς
419 3093 566 3151 τρόποις
579 3097 703 3137 αὐτῶν
724 3098 773 3138 τὰ
790 3100 875 3157 πρὸς
893 3097 1060 3140 ἀνάπαυ-

207 3170 268 3196 σιν
293 3155 494 3214 προγὲρων.
526 3154 661 3210 Quod
699 3173 750 3200 ex
784 3158 884 3215 ipsis
918 3169 1059 3216 poetae

206 3215 348 3259 verbis
377 3218 605 3262 manifeste
636 3229 756 3277 patet
774 3254 785 3276 ,
808 3223 883 3278 qui
898 3219 1023 3267 'Deos
1045 3258 1058 3279 ,

207 3281 424 3339 deprenso
445 3283 593 3328 Marte
613 3300 716 3329 cum
736 3287 915 3330 Venere
932 3319 945 3342 ‚
970 3304 1060 3332 una

211 3363 315 3392 voce
349 3357 499 3393 narrat
530 3349 785 3395 exclamasse
807 3367 818 3394 t
840 3356 919 3398 Οὐκ
948 3353 1062 3414 ἀρετ-ᾇ

215 3415 311 3456 κακὰ
334 3417 433 3474 ἴργκ.

1200 1533 1293 1591 ⁵9²·
1323 1531 1404 1573 Ire
1418 1533 1672 1584 penituisse.
1703 1530 1825 1573 Arle's
1843 1536 1987 1586 peni-

1135 1598 1266 1637 tuisse
1285 1610 1299 1636 t
1317 1593 1519 1637 Francos.
1541 1601 1585 1637 et
1606 1592 1695 1636 duo
1713 1593 1838 1650 Regii
1862 1611 1872 1639 ε
1895 1611 1987 1638 non

1133 1658 1248 1703 male
1270 1673 1281 1703 t
1304 1674 1408 1702 nam
1430 1673 1559 1717 supra
1579 1660 1701 1702 dolos
1720 1659 1901 1703 vocavit.

1191 1722 1285 1781 593.
1314 1724 1399 1766 Vos
1419 1738 1515 1766 ecce
1534 1728 1656 1765 velat
1671 1724 1875 1778 deprensa
1885 1726 1989 1768 Dio-

1133 1802 1188 1830 ne
1206 1795 1287 1831 etc.
1308 1786 1507 1831 Dionem
1521 1820 1534 1842 ,
1560 1786 1642 1831 hoc
1662 1796 1727 1831 est
1747 1789 1989 1842 Venerem,

1133 1851 1241 1895 dicit
1267 1867 1348 1895 suo
1366 1860 1413 1896 ct
1433 1851 1621 1895 Vulcani
1656 1851 1856 1909 exemplo
1883 1869 1992 1896 mo-

1139 1932 1246 1960 nere
1264 1950 1276 1971 ‚
1299 1924 1344 1960 et
1364 1916 1518 1973 jubere
1540 1925 1709 1960 ceteros
1723 1949 1734 1970 ,
1758 1933 1814 1961 ne
1836 1925 1994 1960 mutuo

1134 1980 1214 2024 sibi
1234 1980 1347 2024 insid
1357 1981 1417 2025 ias
1441 1981 1613 2025 saciant.
1639 1981 1811 2024 Mtcvr..
1825 2004 1880 2013 —
1893 1984 1998 2024 Pali

1134 2047 1294 2091 rectius
1325 2048 1371 2090 in
1402 2047 1626 2094 nonnullis
1652 2047 1812 2105 legitur
1831 2056 1988 2091 vetus-

1136 2113 1319 2157 tioribus
1338 2130 1348 2158 :
1370 2114 1453 2158 nisi
1477 2114 1613 2158 mavis
1630 2148 1642 2168 ,
1666 2116 1843 2157 Insidiis·
1868 2119 1958 2157 e‘llt's
1973 2149 1983 2164 ,

1134 2195 1243 2236 quas
1260 2182 1361 2222 tulit
1390 2183 1486 2235 epsa
1500 2214 1510 2230 ‚
1527 2183 1630 2234 peti.
1661 2177 1796 2222 Certe
1826 2180 1870 2222 in
1900 2195 1992 2222 uno

1137 2245 1354 2288 Vaticano
1364 2249 1463 2300 peti
1475 2244 1713 2302 legebatur.
1725 2267 1780 2276 -
1792 2243 1881 2288 Sed
1896 2260 1992 2287 sen·

1136 2325 1235 2354 sum
1266 2317 1444 2366 aptum,
1467 2317 1515 2351 ut
1543 2308 1760 2352 cohaereat
1790 2323 1892 2351 cum
1911 2321 1991 2351 se-

1139 2374 1309 2431 quenti,
1320 2373 1367 2416 in
1379 2373 1462 2418 hoc
1477 2371 1660 2417 disticho
1671 2372 1870 2429 requiro:
1882 2371 1989 2428 quid

1137 2439 1259 2481 enim
1272 2447 1336 2482 est
1351 2471 1364 2493 ,
1379 2443 1499 2481 veta!
1515 2453 1592 2481 vos
1606 2440 1789 2480 insidias
1807 2439 1910 2479 illas
1914 2451 1992 2492 pa·

1138 2508 1185 2556 ti,
1205 2520 1344 2561 quum
1356 2504 1425 2548 hic
1439 2512 1655 2562 precepta
1673 2502 1748 2546 dat
1764 2502 1883 2557 viris,
1898 2518 1990 2545 non

1138 2570 1324 2626 puellis?
1347 2568 1603 2613 Dicendum
1617 2582 1723 2625 ergo
1737 2568 1887 2611 suisset
1903 2567 1994 2610 illas

1137 2635 1316 2680 insidias
1331 2669 1343 2691 ‚
1366 2652 1474 2693 quas
1494 2636 1631 2679 Marti
1655 2635 1800 2691 posuit
1820 2633 1992 2677 Vulca-

1136 2717 1222 2745 nus
1235 2734 1248 2757 ,
1272 2717 1349 2745 vos
1368 2701 1572 2745 rivalibus
1593 2708 1640 2744 et
1673 2699 1821 2743 amicis
1839 2698 1993 2742 vestris

1139 2769 1295 2812 Venus
1315 2777 1433 2812 vetat
1462 2768 1619 2811 facere.
1650 2766 1807 2822 Quare
1835 2780 1992 2822 parum

1141 2834 1261 2878 abest
1277 2867 1289 2889 ,
1313 2834 1421 2890 quin
1440 2833 1720 2876 retinuissem
1744 2830 1963 2887 vulgatam
1979 2863 1991 2884 ,

1141 2914 1239 2956 quae
1258 2908 1322 2943 est
1342 2900 1388 2942 in
1410 2898 1609 2956 plurimis
1627 2896 1819 2953 scriptis:

1305 2997 1343 3006 ...
1364 2975 1431 3005 Vos
1444 2984 1517 3004 ecee
1530 2978 1619 3004 vetut
1634 2971 1791 3012 depoensa
1803 2970 1909 3002 Dione

1181 3036 1322 3068 Insidias
1337 3035 1409 3065 illas
1419 3058 1430 3073 ‚
1446 3044 1526 3075 quas
1542 3033 1618 3063 tulit
1631 3031 1702 3074 {ps-
1714 3056 1725 3071 ,
1743 3032 1832 3063 dam.
1846 3032 1971 3063 Bm.

1196 3100 1289 3156 597.
1312 3098 1407 3138 Ista
1419 3098 1508 3137 viri
1518 3098 1706 3149 captent,
1729 3094 1872 3148 sijum
1890 3109 1997 3147 cap-

1141 3165 1274 3204 landa
1283 3162 1507 3215 putabunt.
1527 3157 1649 3214 Lego
1666 3191 1677 3211 ,
1699 3159 1752 3200 Si
1764 3164 1858 3218 san
1880 3174 1993 3212 cap-

1142 3229 1275 3268 tanda
1290 3226 1503 3280 putabum'
1516 3237 1531 3276 ,·
1551 3238 1632 3279 pro
1654 3223 1752 3278 jam
1767 3257 1778 3272 .
1809 3223 1854 3265 id
1874 3223 1994 3280 quod

1141 3289 1273 3345 vulgo
1289 3288 1459 3345 legitur.
1478 3287 1645 3331 Durius
1662 3289 1784 3330 enim
1796 3287 1881 3330 hoc
1899 3287 1996 3330 loco

1144 3353 1403 3396 adverbium
1422 3353 1632 3409 temporis
1646 3362 1722 3395 aut
1741 3352 1906 3395 ordinis
1921 3366 1996 3409 po-

1142 3419 1190 3460 ni
1209 3417 1411 3471 videtur3
1432 3418 1681 3473 rectiusque
1702 3423 1789 3460 tam
1802 3452 1814 3470 ‚
1837 3417 1995 3461 inten-
