2268 3776
301 329 411 405 376

767 337 830 390 P.
878 338 1170 395 OVIDII
1215 342 1380 400 NAS
1404 347 1607 404 ONIS

295 432 409 492 Nec
440 433 653 494 scindet
685 437 961 500 tunicasve
990 464 1141 515 suas,
1172 446 1448 508 tunicasve
1477 449 1708 532 puellae3

371 531 484 590 Nec
514 546 705 614 raptus
734 533 904 595 flendi
932 561 1092 599 causa
1123 541 1508 622 capilluserit.
1929 581 1932 583 ·
1992 570 2072 625 :350

284 625 395 685 Ista
426 626 618 687 decent
647 653 907 711 puerosae
929 648 1039 695 tate
1068 650 1122 695 et
1152 640 1633 710 amore-calentes:

376 723 482 783 Hic
509 724 621 786 fera
652 730 958 811 composita
985 731 1210 794 vulnera
1237 751 1421 796 mente
1449 739 1599 800 feret.

292 819 526 895 Ignibus
551 822 640 882 hic
669 822 832 887 lentis
859 843 1075 901 uretur,
1100 831 1420 894 utfhumida
1447 836 1617 908 taeda3

372 918 452 975 Ut
479 919 647 979 modo
675 925 951 983 montanis
982 924 1115 985 silva
1143 928 1316 989 recisa
1338 929 1504 1010 jugis,

292 1011 514 1074 Certior
539 1016 629 1075 hic
653 1043 807 1078 amor
835 1036 917 1081 est
942 1045 954 1080 :
980 1022 1164 1083 brevis
1193 1040 1246 1085 et
1271 1025 1563 1088 fecundior
1588 1028 1698 1091 ille.

1984 1050 2063 1106 575

371 1110 512 1189 Quae
540 1113 788 1192 fugiunt,
814 1117 975 1177 celeri
1003 1120 1208 1202 carpite
1238 1145 1405 1204 poma
1434 1135 1620 1187 manu.

292 1227 503 1289 OMNIA
539 1232 856 1295 tradantur:
886 1251 1075 1317 portas
1104 1239 1462 1300 reseravimus
1490 1241 1677 1313 hosti3

368 1326 443 1385 Et
473 1328 545 1387 sit
573 1328 631 1388 in
661 1330 828 1391 infida
856 1333 1175 1414 proditione
1199 1334 1351 1396 fides.

287 1423 459 1501 Quod
491 1425 653 1486 datur
678 1449 743 1487 ex
771 1428 942 1500 sacili,
979 1428 1210 1509 longum
1238 1432 1378 1494 male
1403 1435 1582 1494 nutrit
1607 1459 1881 1496 amorem:

366 1520 653 1600 Miscenda
684 1539 767 1584 est
795 1523 933 1586 laetis
961 1550 1081 1587 rara
1106 1528 1324 1611 repulsa
1350 1530 1508 1611 jocis.

1982 1550 2063 1594 580

283 1615 429 1676 Ante
455 1618 602 1681 fores
629 1621 802 1701 jaceat
825 1647 837 1681 :
865 1622 1120 1685 Crudelis
1141 1625 1333 1705 janua!
1361 1624 1589 1686 clamet:

366 1713 656 1798 Multaque
687 1719 988 1793 submisse,
1015 1720 1190 1781 multa
1217 1722 1491 1783 minanter
1519 1738 1660 1802 agat.

287 1810 483 1872 Dulcia
513 1837 628 1871 non
657 1812 884 1875 ferimus
911 1841 923 1875 ε
953 1841 1117 1878 succo
1147 1841 1477 1879 renovemur
1501 1843 1702 1880 amaro.

369 1910 522 1992 Saepe
544 1911 688 1993 perit
716 1913 893 1973 ventis
924 1914 1127 1974 obruta
1152 1916 1344 1996 cymba
1376 1916 1508 1975 suis.

286 2007 409 2065 Hoc
440 2023 551 2078 est,
579 2033 777 2069 uxores
806 2009 961 2092 quod
989 2035 1106 2076 non
1132 2012 1374 2093 patiatur
1401 2013 1600 2072 amari:
1979 2031 2060 2073 585

367 2105 722 2166 Conveniunt
747 2106 895 2178 illas,
915 2132 1097 2190 -quum
1125 2109 1372 2182 voluere,
1399 2110 1519 2169 viri.

338 2254 429 2307 570.
458 2253 548 2295 Nec
565 2256 721 2306 raptus.
752 2251 964 2296 Gruterus
985 2251 1032 2295 in
1054 2269 1130 2296 ora
1194 2256 1328 2310 fidis,
1363 2252 1498 2296 fidem
1529 2269 1621 2297 non
1651 2253 1815 2311 possint
1850 2253 2053 2311 deinceps

285 2317 442 2361 codicis
460 2325 633 2360 notarat
647 2316 884 2374 legendum
899 2350 910 2372 ,
934 2321 1100 2373 carp'lus
1117 2336 1129 2362 :

284 2393 328 2426 et
348 2384 407 2427 ita
428 2383 691 2426 Passeratius
719 2383 906 2426 malebat
932 2383 986 2425 ad
1007 2384 1130 2426 Pro—

283 2457 393 2505 pert.
413 2447 484 2491 lib.
503 2448 548 2491 ΙΙ
564 2481 575 2501 ,
599 2447 719 2505 Eleg.
738 2462 781 2490 v.
800 2449 915 2490 Puto
931 2481 942 2502 ,
964 2455 1125 2503 ruptus;

280 2513 366 2556 vid.
387 2513 439 2556 ad
463 2512 595 2569 Epist.
617 2527 644 2554 x
659 2546 670 2567 ,
701 2514 750 2557 16
764 2547 773 2564 ‚
803 2522 847 2557 et
868 2513 977 2557 alibi.
998 2515 1058 2558 H.

338 2585 430 2636 571.
465 2582 557 2621 Ista
589 2582 736 2622 decent
756 2596 918 2634 pueros.
946 2581 1127 2624 Animos

285 2643 640 2688 Bartholinianus
663 2660 673 2687 z
707 2645 857 2700 placet.
887 2667 942 2678 --
969 2647 1135 2689 Decenl

274 2709 451 2765 juvenes
465 2742 475 2757 ‚
500 2707 638 2750 Junii.

339 2776 430 2831 575.
451 2775 603 2814 Brevis
615 2771 891 2826 elfhcundt'or
912 2777 994 2816 ille.
1031 2775 1129 2817 Pri-

282 2853 356 2881 ma
366 2837 519 2892 editio,
535 2853 638 2881 cum
653 2837 793 2894 Regio
811 2845 854 2879 et
871 2837 1018 2881 multis
1038 2839 1127 2882 aliis

283 2904 559 2961 scriptorum,
577 2901 939 2960 gravis-‚Vulgatae
952 2903 1126 2946 lectioni

281 2984 465 3024 sequens
496 2984 643 3011 versus
679 2966 858 3010 videtur
886 2967 1125 3024 suffragari.

281 3033 461 3089 Regius,
470 3035 611 3087 gravis
630 3031 926 3086 effecundior:
944 3034 1022 3073 illa
1038 3048 1124 3087 quoe

267 3099 457 3153 fugiunt.
492 3097 638 3140 Jureti
671 3106 868 3155 excerpta
886 3130 899 3152 ‚
939 3102 1124 3153 quamvls

270 3163 507 3217 secundior.

334 3231 425 3286 578.
440 3231 502 3270 Et
508 3233 567 3271 sil
575 3233 619 3270 in
632 3230 760 3285 infida
766 3230 1000 3283 proditione
995 3229 1122 3284 fides.

281 3294 527 3349 Subiungas
571 3309 672 3335 cum
715 3291 975 3349 praecedent.
1015 3294 1122 3335 Por-

274 3365 343 3400 tas
361 3361 629 3400 reseravimus
647 3360 763 3399 hosti
778 3365 857 3400 etc.
883 3356 934 3398 ld
953 3365 1038 3408 est3
1058 3356 1117 3398 ita

275 3440 350 3466 vos
366 3458 375 3474 ,
408 3424 559 3480 puellae
573 3457 584 3477 ,
610 3424 763 3479 quibus
787 3431 981 3466 amantes
1000 3422 1118 3465 deci-

273 3489 429 3545 peretis
444 3521 455 3543 ,
479 3489 640 3532 artibus
660 3488 868 3543 instruxi,
892 3497 941 3531 ut
963 3487 1030 3531 vel
1049 3492 1114 3531 in-

1211 2333 1303 2359 non
1341 2317 1559 2361 adhibere.
1592 2317 1880 2374 Quapropter
1894 2348 1906 2372 ‚
1939 2317 2058 2360 addit

1211 2397 1303 2424 non
1320 2383 1380 2425 ita
1410 2383 1551 2426 multo
1571 2392 1667 2439 post
1687 2395 1697 2422 ε
1722 2384 1869 2425 Ponite
1889 2385 2056 2438 gladios

1210 2447 1374 2489 hebetes
1385 2479 1396 2498 ‚
1417 2447 1590 2491 usitatas
1603 2446 1761 2490 scilicet
1775 2446 1965 2489 nimium
1985 2462 2057 2490 ar-

1208 2519 1294 2554 tes:
1316 2519 1360 2554 et
1379 2515 1517 2555 aculis·
1523 2517 1750 2568 pugnetur,
1781 2510 1826 2554 id
1847 2521 1933 2566 est,
1955 2527 2057 2554 acu-

1206 2580 1315 2627 tiori,
1334 2585 1383 2620 ut
1406 2576 1584 2621 Plautus
1603 2584 1741 2631 vocat,
1756 2579 1922 2620 malitia
1935 2593 2054 2620 nunc

1209 2643 1329 2686 vobis
1348 2643 1578 2686 utendum.
1962 2646 1965 2647 ⁷
2018 2652 2022 2655 ·

1264 2709 1357 2752 580.
1366 2710 1589 2751 ΑΙὼ-αηᾶα
1595 2712 1661 2750 est
1668 2710 1777 2749 loett's
1783 2722 1882 2749 rata
1887 2707 2052 2761 repulsa

1206 2775 1325 2815 locis.
1345 2773 1502 2817 Nescio
1521 2772 1626 2829 quid
1645 2771 1746 2814 huic
1763 2770 1926 2825 simile,
1949 2770 2050 2813 Am.

1209 2837 1255 2880 II
1271 2870 1283 2893 ,
1309 2838 1456 2894 Elegia
1477 2851 1556 2880 nx
1576 2870 1588 2891 ‚
1610 2837 1637 2879 6
1659 2849 1669 2875 :

1246 2907 1288 2936 Et
1299 2905 1395 2936 saciat
1407 2911 1484 2936 voto
1497 2915 1568 2936 ram
1580 2905 1708 2946 repulsa
1726 2905 1846 2936 locum.

1262 2967 1354 3011 581.
1383 2967 1499 3009 Ante
1511 2965 1843 3022 soresjaceanl,
1870 2966 2051 3008 crudem

1192 3032 1337 3086 janua
1358 3065 1368 3083 ‚
1406 3034 1598 3075 clament.
1633 3032 1792 3073 Jace'al
1807 3064 1816 3080 ‚
1859 3039 1903 3073 et
1935 3033 2055 3073 dicat

1203 3097 1345 3154 prima
1362 3096 1496 3139 editio
1510 3129 1522 3151 ,
1548 3111 1650 3139 cum
1668 3095 1834 3151 scriptis
1855 3094 2050 3139 meliori·-

1201 3162 1305 3205 bus:
1330 3160 1544 3205 secundus
1561 3160 1782 3204 Palatinus
1798 3192 1810 3214 ,
1833 3164 1984 3202 cantet.

1259 3226 1350 3270 583.
1359 3227 1623 3268 Renovamur
1627 3239 1782 3266 amaro.
1794 3225 2051 3266 Renovemur

1203 3290 1366 3347 Regius
1387 3304 1397 3330 :
1416 3306 1503 3346 quo
1523 3288 1738 3332 adludunt
1762 3296 1850 3331 tres
1870 3286 1967 3342 alii,
1999 3287 2044 3329 in

1202 3355 1354 3410 quibus
1367 3387 1379 3408 ,
1405 3369 1660 3397 removemur.
1681 3353 1851 3395 Hzms.

1255 3422 1346 3463 586.
1373 3423 1507 3474 Quum
1522 3422 1694 3469 voluere,
1714 3421 1806 3461 viri.
1827 3416 1958 3474 Lege,
1982 3420 2044 3458 υί-

1197 3489 1256 3528 ris
1270 3520 1282 3540 ‚
1313 3485 1470 3529 scilicet
1487 3488 1632 3528 amari.
1653 3483 1788 3526 IDEM.
