2268 3776
631 303 1022 366 AMORUM
1069 306 1117 359 1.
1173 304 1413 359 ELEG.
1464 305 1581 359 IX.

297 425 592 495 strennue,
623 435 838 483 exemto
867 419 1005 493 fine,
1033 434 1297 503 sequetur
1325 443 1531 480 amans.
1948 453 1997 480 ιο

216 527 332 589 lbit
359 527 417 587 in
446 525 699 586 adversos
728 537 946 584 montes
963 569 979 595 ‚
1012 520 1399 605 duplicataque
1429 520 1622 581 nimbo

296 627 550 689 Flumina
574 653 586 688 ε
612 641 906 707 congestas
936 639 1142 687 exteret
1168 623 1260 685 ille
1290 624 1460 685 nives,

217 731 331 792 Nec
360 729 497 790 freta
525 752 816 813 pressurus
847 727 1090 788 tumidos
1119 725 1465 788 caussabitnr
1492 727 1703 799 Euros;

298 831 557 915 Aptaque
587 831 866 892 verrendis
896 830 1074 891 sidera
1103 843 1309 913 quaeret
1338 827 1511 911 aquis.

214 932 391 1013 Qui&
418 933 526 994 nisi
554 933 635 994 vel
668 933 856 1007 mileS‚
888 932 972 995 vel
1001 956 1217 1018 amam,
1250 945 1306 994 et
1334 930 1542 1010 frigora
1570 930 1751 991 noctis
1769 977 1784 1003 ‚
1953 952 2001 991 15

301 1037 377 1097 Et
401 1034 572 1097 denso
601 1036 798 1097 mixtas
827 1035 1064 1119 perferet
1091 1035 1267 1097 imbre
1296 1034 1495 1095 nives?

220 1237 400 1278 amans,
430 1231 479 1267 ut
509 1224 633 1269 miles
664 1223 729 1267 ire
748 1224 889 1281 jussus
909 1240 931 1267 a
960 1223 1069 1268 duce

219 1303 299 1331 suo
317 1306 327 1340 ς
349 1303 432 1332 nec
449 1288 586 1333 ullum
601 1321 613 1343 ,
637 1288 742 1346 quin
758 1289 890 1333 suerit
910 1292 1072 1334 as'secu·

220 1362 313 1410 tus,
335 1354 469 1398 labori
490 1371 570 1399 suo
573 1358 711 1412 finem
728 1355 939 1413 imponet.

281 1437 297 1464 ι
310 1438 343 1464 1.
372 1423 462 1465 Ibit
475 1426 522 1466 e'n
545 1412 1075 1468 adversofflubitaverat

222 1486 455 1545 aliquando
473 1489 698 1546 Heinsius,
715 1506 770 1534 an
786 1507 957 1534 aversos
970 1507 1075 1548 prae·

221 1552 375 1596 ferret:
390 1552 466 1597 sed
481 1554 783 1598 auctoritatem
796 1554 996 1599 codicum
1011 1573 1074 1600 se·

223 1625 348 1661 cutus
379 1617 596 1676 vulgatam
626 1628 797 1663 mutare
826 1635 917 1663 non
947 1637 1074 1665 ausus

225 1690 302 1726 est.
324 1681 438 1726 Vide
464 1681 531 1727 Cl.
554 1682 714 1727 Graevii
736 1692 862 1728 notas
882 1684 935 1728 ad
957 1685 1073 1729 Flor.

225 1761 264 1791 11
279 1781 291 1804 ‚
312 1766 359 1793 ω
373 1782 385 1804 ,
404 1757 448 1794 et
467 1755 582 1794 recte
599 1750 778 1794 :millies
791 1751 911 1794 enim
925 1752 1074 1795 Poetae

226 1820 399 1857 montes
413 1845 426 1868 ,
443 1812 628 1857 flumina
641 1823 685 1858 et
701 1815 779 1858 alia
792 1815 882 1859 loca
896 1818 1076 1859 adversa

224 1886 380 1921 vocant
394 1910 407 1933 ‚
438 1878 490 1923 ad
538 1895 635 1937 quae
675 1881 759 1924 iter
800 1881 1048 1926 intenditur
1061 1914 1073 1937 ,

226 1957 322 1999 quoe
346 1944 465 2000 quasi
495 1944 622 1989 nobis
651 1945 776 1990 obvia
797 1947 993 1991 veniunt.
1023 1947 1074 1990 Β.

223 2030 279 2041 -
291 2009 606 2068 Duple'cataque
623 2016 763 2056 m‘mbo
770 2016 966 2070 flumina.
988 2014 1076 2059 Hic

225 2069 381 2117 fluvios
400 2081 446 2118 et
466 2082 684 2121 torrentes
706 2077 908 2135 intelligit
921 2110 935 2134 ‚

753 2174 793 2184 ...
817 2153 945 2184 Imbre-

267 2207 668 2253 Quorsumnam-tuere
681 2213 778 2255 ripn.
796 2214 953 2247 flomrv.
967 2214 1032 2247 Od.
1045 2224 1075 2247 ς.

286 2285 349 2313 12.
378 2273 614 2328 Congestas
641 2280 832 2318 conteret
855 2279 930 2319 ille
949 2281 1077 2319 nives.

228 2331 431 2385 Este-me,
452 2338 676 2383 meliores:
695 2349 744 2384 ut
757 2340 871 2397 apud
887 2342 1079 2386 Statium

232 2395 480 2445 Thebaidos
501 2401 611 2446 libro
632 2418 660 2447 x
673 2437 685 2460 ,
709 2406 790 2463 473
811 2421 822 2448 ε

355 2489 396 2500 ...
418 2470 536 2503 Gravis
549 2475 674 2505 esteris
687 2481 777 2505 artus
792 2475 937 2516 Ungula.

232 2525 446 2575 Pbaedrus
465 2531 535 2576 lib.
556 2548 574 2576 1
590 2566 602 2588 ,
626 2534 730 2578 Fab.
750 2548 830 2578 xxr
851 2547 862 2575 :

493 2628 533 2638 ...
557 2607 682 2640 Asinus
700 2615 735 2640 ut
753 2609 836 2641 vidit
850 2609 957 2642 ferum

271 2664 412 2706 Impune
425 2666 500 2698 lodi
513 2691 524 2707 ,
541 2653 687 2700 nult-‚ibus
702 2667 843 2702 frontem
862 2672 1006 2712 exterit,-

232 2724 306 2768 ubi
327 2726 440 2771 male
469 2728 616 2786 scripti
639 2763 650 2784 ,
679 2734 856 2774 extudit.
886 2732 1078 2789 Plinius,

232 2802 352 2835 xvm
365 2823 380 2847 ‚
411 2808 504 2850 cap.
525 2807 594 2837 vn
614 2811 624 2840 :
646 2798 698 2838 In
715 2813 818 2839 anea
843 2802 1090 2843 exlemntur

233 2859 428 2908 triticum,
445 2863 494 2901 e!
501 2862 629 2916 siligo
640 2867 687 2904 et
698 2863 903 2906 hordeum.
920 2863 978 2906 Et
991 2880 1082 2922 cap.

233 2931 325 2963 xxx
346 2923 527 2967 :Messes
554 2927 668 2969 alibi
688 2931 733 2969 in
755 2944 855 2970 area
871 2934 1083 2989 goessibas

233 2999 426 3040 equarum
438 2990 660 3034 exteritur.
676 2991 884 3049 Apuleius
900 2995 1009 3038 Met.
1020 3009 1082 3039 lv:

233 3053 334 3105 Jam
355 3055 532 3110 claudas
550 3061 594 3098 et
611 3061 803 3101 titubans
821 3063 989 3115 ungulis
1007 3077 1085 3104 ex·-

232 3116 345 3160 tritis
375 3122 546 3162 n’oulum
565 3137 696 3177 pmpe
723 3128 888 3167 instit-to.
916 3126 1083 3170 Hssms.

234 3180 305 3224 De
337 3198 441 3226 voce
470 3189 681 3237 exterere,
714 3187 812 3231 vide
846 3189 998 3234 Barth.
1027 3190 1081 3234 ad
1111 3215 1114 3218 >

236 3246 346 3290 Stat.
358 3260 403 3302 x,
419 3247 560 3292 Theb.
571 3248 650 3294 loc.
661 3254 749 3306 cit„
767 3253 1014 3297 etGronoV.
1027 3253 1082 3297 ad

236 3310 393 3355 Senec.
409 3311 463 3361 de
482 3313 634 3357 brevit.
650 3315 750 3359 vitae
768 3333 860 3374 cap.
886 3319 946 3362 13.
969 3322 1084 3363 Con-

227 3376 375 3432 seclus
390 3394 495 3422 vero
512 3387 556 3422 et
573 3386 798 3436 congestus
811 3383 965 3439 passim
981 3401 1084 3441 per-

239 3452 469 3489 mutantur
487 3462 512 3489 a
531 3447 711 3491 librariis
722 3481 734 3503 ‚
759 3457 809 3492 ut
827 3448 974 3494 docuit
991 3451 1084 3507 jam

1154 1224 1259 1268 olim
1283 1222 1472 1282 Giphan.
1496 1222 1632 1268 indic.
1653 1222 1824 1267 Lucret.
1848 1224 1891 1267 in
1918 1241 2002 1279 ge-

1154 1295 1291 1334 minus
1307 1303 1319 1328 ι’
1334 1299 1378 1333 et
1393 1290 1522 1333 verba
1535 1322 1547 1343 ‚
1567 1306 1664 1347 quoe
1679 1290 1747 1333 ille
1760 1290 1817 1333 ibi
1833 1289 1976 1333 laudat
1991 1325 2002 1344 ,

1155 1355 1327 1413 Virgilii
1352 1356 1396 1398 in
1416 1354 1574 1412 Ecloga
1593 1368 1634 1409 ι,
1657 1371 1695 1398 v,
1709 1354 1779 1414 69,
1802 1354 2007 1413 leguntur

1161 1420 1274 1479 apud
1299 1421 1571 1465 priscianum
1594 1419 1676 1463 hoc
1698 1418 1831 1463 modo
1852 1433 1862 1460 z

1155 1491 1311 1534 Pauperi·
1328 1498 1360 1521 et
1378 1491 1487 1533 tuguri
1508 1493 1691 1531 conjectum
1710 1490 1829 1530 cespite
1850 1491 1977 1521 eulmen
1996 1503 2003 1530 3

1155 1570 1291 1611 quum
1315 1553 1368 1596 sit
1387 1551 1621 1610 legendum
1636 1584 1647 1606 ,
1671 1559 1719 1594 ut
1747 1560 1863 1595 recte
1888 1552 2006 1607 judi-

1155 1627 1223 1661 cat
1238 1650 1250 1672 ,
1283 1622 1523 1674 congestam
1545 1633 1558 1659 .·
1588 1616 1718 1673 idque
1751 1625 1930 1673 apparet
1956 1633 2007 1660 ex

1156 1683 1400 1727 imitatione
1425 1680 1590 1725 Lucani
1614 1681 1684 1724 lib.
1706 1694 1779 1735 rx,
1801 1683 1883 1739 945
1902 1693 1914 1721 ε

1155 1754 1292 1793 Surgere
1308 1758 1456 1792 congesto
1469 1761 1533 1781 non
1546 1750 1634 1780 cun·
1653 1749 1790 1789 nup-12·
1801 1751 1924 1780 culmo.

1158 1812 1385 1869 Consedas
1403 1810 1471 1855 hic
1485 1810 1616 1854 habet
1633 1809 1855 1853 Palatinus
1870 1826 2009 1863 unus;

1156 1878 1230 1923 sed
1253 1882 1479 1933 congestas
1501 1875 1676 1919 mallem
1694 1907 1707 1930 ‚
1738 1874 1780 1918 id
1803 1884 1868 1919 est
1889 1876 2010 1919 den-

1156 1959 1221 1987 sas
1238 1975 1250 1997 ,
1281 1942 1541 1999 constipatas
1557 1974 1569 1995 ,
1609 1940 1714 1984 altas
1730 1974 1741 1995 ,
1776 1940 1819 1983 in
1851 1941 2009 1996 quibus

1156 2007 1404 2052 exterendis
1424 2007 1638 2050 maximus
1653 2007 1786 2050 labor.
1807 2006 1970 2049 Bunn.

1217 2073 1279 2116 13.
1308 2075 1549 2116 Pressuras.
1575 2074 1801 2115 Pressuras
1821 2072 1917 2128 quis
1938 2071 2011 2115 le-

1158 2138 1293 2196 gerit,
1309 2146 1384 2181 aut
1397 2138 1493 2194 quis
1506 2136 1640 2180 codex
1654 2136 1897 2181 exhibuerit
1910 2152 2014 2180 nes-

1158 2203 1225 2247 cio
1248 2221 1261 2256 ς
1294 2203 1429 2246 credo
1455 2202 1582 2246 fuisse
1605 2217 1848 2257 pressuras,
1878 2210 1928 2244 ut
1957 2200 2011 2244 ad

1158 2271 1297 2312 Eums
1325 2270 1552 2311 reseratur.
1587 2267 1658 2310 An
1694 2283 1799 2309 vero
1825 2283 2012 2322 premere

1147 2335 1271 2391 freta
1290 2350 1371 2391 pro
1392 2334 1596 2391 navigare
1613 2367 1624 2388 ,
1651 2350 1772 2390 aeque
1794 2343 1911 2377 recte
1934 2333 2012 2376 di-

1158 2411 1283 2446 eatur
1296 2409 1423 2458 atque
1436 2403 1623 2443 tellurem
1625 2417 1825 2456 premor,
1839 2415 1890 2452 11,
1912 2401 2013 2444 Am.

1160 2481 1210 2510 xx
1223 2500 1234 2519 ,
1251 2468 1300 2510 31
1317 2485 1328 2519 ;
1344 2475 1389 2510 et
1401 2465 1749 2521 Alpesprenieoe,
1766 2474 1868 2509 utu
1880 2499 1892 2520 ,
1908 2480 1985 2509 xvi
2000 2500 2013 2520 ‚

1166 2550 1246 2594 ¹93
1276 2542 1321 2577 et
1351 2538 1464 2577 viam
1487 2532 1643 2576 Claud.
1664 2533 1758 2577 Bel.
1778 2533 1879 2577 Get.
1899 2534 1975 2589 341
1998 2567 2010 2588 ‚

1162 2597 1334 2642 dubito:
1350 2599 1395 2641 in
1409 2614 1500 2641 uno
1516 2599 1679 2641 Mureti
1693 2607 1788 2642 erat
1795 2602 2008 2654 pulsums,

1161 2664 1280 2723 quod
1294 2662 1348 2707 de
1367 2664 1500 2707 remis
1515 2672 1631 2707 recte
1649 2663 1732 2707 dici
1747 2673 1906 2707 notum
1922 2673 1986 2708 est
1997 2699 2010 2719 ‚

1160 2739 1206 2774 et
1225 2740 1278 2791 τῷ
1296 2732 1510 2773 vertendis
1530 2738 1627 2787 apte
1648 2730 1748 2772 satis
1770 2730 2013 2786 responde-

1161 2805 1241 2841 ret.
1273 2796 1482 2840 Francius
1502 2797 1750 2852 conjecerat
1766 2829 1777 2850 ,
1795 2799 1982 2852 fissurus
1999 2810 2014 2836 .·

1161 2877 1243 2920 ego
1263 2861 1439 2905 mallem
1457 2895 1469 2916 ,
1491 2862 1526 2905 si
1543 2861 1649 2918 quid
1670 2860 1926 2904 novandum
1947 2862 2014 2905 vi-

1162 2927 1319 2971 deatur
1332 2961 1344 2982 ,
1360 2943 1589 2982 passurus,
1614 2925 1732 2983 quod
1749 2927 1891 2983 ipsum
1904 2944 2014 2971 ver—

1160 2994 1268 3037 bum
1287 2993 1477 3050 pericula
1495 3001 1537 3035 et
1557 2991 1857 3036 difficultatem
1878 2994 2011 3037 navi—

1162 3059 1346 3116 gationis
1366 3058 1580 3115 exprimit.
1601 3057 1764 3101 Bumu.
1785 3082 1842 3091 —
1867 3061 1911 3101 T
1903 3065 2013 3102 umi-

1161 3126 1240 3167 dos
1252 3126 1523 3166 caussabitur
1527 3125 1673 3166 Eums.
1694 3124 1893 3167 Tumidos
1900 3141 2015 3168 cau-

1160 3192 1328 3232 subitur
1341 3190 1478 3230 undas
1487 3222 1497 3239 ,
1520 3196 1608 3232 tres
1625 3188 1735 3232 libri.

1221 3273 1237 3298 1
1246 3257 1282 3309 4.
1305 3256 1502 3310 Aptaque
1516 3259 1729 3298 auertenda
1746 3259 1888 3298 sidera
1901 3273 2013 3313 qae—

1162 3326 1228 3364 mt
1238 3323 1370 3376 aquis·
1403 3322 1625 3363 Vemndtls
1639 3321 1773 3377 probe
1788 3321 2013 3364 Sat-ravia-

1161 3401 1244 3428 nus
1255 3418 1266 3438 ‚
1286 3400 1389 3429 cum
1407 3385 1577 3430 duobus
1591 3386 1692 3430 aliis.
1706 3386 1864 3429 Malim
1877 3386 2010 3429 etiam

1161 3467 1265 3495 cum
1283 3450 1451 3496 Bersm.
1467 3485 1480 3507 ‚
1502 3453 1682 3508 Aptave.
1709 3454 1876 3496 Hmns.
