2268 3776
314 276 413 328 132

784 273 850 325 P.
884 269 1200 327 *OVIDII
1249 272 1630 329 NASONIS
1699 310 1707 316 ·

384 394 460 452 Et
491 390 728 468 digitum
753 388 907 468 justo
932 389 1256 450 commodus
1287 391 1423 451 orbe
1455 405 1612 451 teras.

307 487 487 559 Felix,
522 511 551 546 a
582 485 809 544 domina
835 484 1183 557 tractaheriS,
1212 485 1441 559 annule,
1467 484 1685 561 nostra;

384 582 612 643 Invideo
646 580 809 641 donis
836 581 949 661 jam
975 581 1142 641 miser
1166 581 1285 663 ipse
1318 582 1469 642 meis.

306 682 360 741 O
391 679 603 738 utinam
631 676 751 737 fieri
778 677 968 736 subito
1000 700 1117 736 mea
1144 700 1372 737 munera
1399 678 1611 759 possim

389 774 624 835 Artibus
657 773 851 845 AEaeis‚
886 772 1236 855 Carpathiive
1267 773 1440 832 senis!
2043 809 2090 836 ,υ

304 876 466 934 Tunc
495 895 599 950 ego
628 885 681 931 te
710 870 946 931 dominae
976 870 1194 953 cupiam
1225 870 1471 947 tetigisse
1497 869 1731 952 papillas
1748 917 1763 944 ,

390 973 467 1031 Et
495 969 685 1030 laevam
708 968 911 1028 tunicis
937 968 1233 1028 inseruisse
1263 990 1502 1026 manum.

305 1068 516 1129 Elabar>
542 1066 716 1145 digito
736 1113 750 1140 ,
784 1065 1032 1148 quamvis
1063 1078 1332 1143 angustus
1362 1078 1416 1123 et
1445 1063 1688 1136 haerens3

386 1166 564 1246 Inque
596 1161 780 1221 sinum
810 1161 948 1220 mira
970 1160 1127 1221 laxus
1159 1161 1228 1221 ab
1258 1175 1371 1220 arte
1402 1159 1605 1220 cadam.

306 1260 462 1320 Idem
489 1283 620 1338 ego,
653 1273 718 1318 ut
751 1281 974 1317 arcanas
1004 1258 1219 1340 possim
1247 1257 1465 1336 signare
1496 1255 1753 1330 tabellas,
2049 1280 2097 1320 15·

385 1358 535 1417 Neve
561 1370 724 1415 tenax
753 1377 930 1414 ceram
960 1353 1168 1414 siccave
1199 1377 1412 1432 gemma
1440 1353 1647 1426 trahat,

305 1451 553 1514 Humida
579 1450 839 1510 formosae
867 1462 1090 1528 tangam
1119 1449 1277 1532 prius
1309 1473 1407 1508 ora
1428 1447 1660 1531 puellae3

383 1552 628 1610 Tantum
656 1571 725 1607 ne
757 1546 970 1625 signem
996 1546 1202 1628 scripta
1229 1544 1468 1605 dolenda
1495 1544 1665 1605 mihi!

310 1648 370 1707 Si
402 1646 607 1718 dabor,
638 1659 705 1704 ut
735 1643 941 1703 condar
965 1642 1193 1714 loculis,
1226 1642 1370 1702 exire
1399 1641 1645 1720 negabO,

388 1742 760 1820 Adstringens
793 1740 1000 1819 digitos
1033 1740 1167 1799 orbe
1192 1739 1406 1799 minore
1439 1754 1585 1799 tuos.
2045 1771 2098 1801 20

309 1843 443 1903 Non
467 1864 576 1918 ego
612 1837 866 1899 dedecori
900 1836 1007 1897 tibi
1034 1836 1137 1896 sim
1155 1882 1170 1909 ,
1201 1858 1322 1896 mea
1350 1835 1488 1908 vita,
1517 1836 1765 1910 futuruS,

389 1936 627 2018 Quodve
658 1949 810 1995 tener
836 1933 1043 2011 digitus
1074 1932 1216 1994 ferre
1246 1948 1493 2007 recuset,
1528 1958 1686 1995 onus.

314 2122 495 2155 teaneus
513 2142 526 2164 ,
550 2117 594 2152 et
615 2107 685 2152 alii
701 2107 857 2151 multi:
877 2106 954 2150 sed
975 2105 1166 2149 illiseri-

307 2174 533 2227 bendum3
556 2174 643 2231 agit
666 2173 787 2215 enim
811 2171 865 2214 de
889 2170 1083 2213 domina.
1105 2170 1164 2212 H.

366 2241 405 2283 6.
426 2241 566 2282 Justo.
579 2240 715 2281 Recto
729 2235 1052 2280 c'odexDouzae.
1063 2233 1166 2277 Vid.

311 2305 366 2348 ad
388 2305 512 2362 Eleg.
541 2302 725 2361 praeced,
751 2318 866 2345 vers„
886 2303 947 2356 14.

370 2386 434 2412 10.
454 2370 633 2413 Artibus
644 2369 788 2411 AEoezssr.
812 2365 968 2410 Circes
989 2365 1164 2419 seilicet,

314 2450 412 2492 quae
443 2443 675 2490 postquam
701 2432 957 2476 Sarmatam
988 2446 1139 2487 regern
1151 2462 1163 2484 ,

314 2500 552 2556 conjugem
566 2514 696 2540 suum
711 2530 722 2552 ,
738 2497 900 2540 artibus
913 2495 1088 2553 magicis
1104 2503 1168 2538 tu·

309 2564 443 2618 lisset,
457 2563 505 2611 in¹
518 2564 645 2605 AEam
666 2561 854 2604 insulam
868 2560 1079 2617 confugit,
1094 2560 1168 2603 ubi

316 2631 495 2674 Ulixem
513 2638 558 2672 et
577 2628 715 2671 socios
737 2627 981 2683 excepit.—-
997 2628 1169 2680 Carpa—

314 2699 443 2738 thiive
451 2699 578 2738 senis.
590 2691 791 2745 prothei,
808 2691 861 2733 de
877 2706 964 2747 quo
981 2691 1167 2732 Homer.

317 2760 408 2805 Od.
433 2771 494 2815 A,
518 2758 716 2812 364-384
743 2772 836 2812 sqq.
859 2756 981 2811 Virg.
1006 2753 1167 2810 Georg.

316 2841 383 2882 1v,
400 2827 497 2884 387,
514 2825 587 2868 ubi
606 2823 692 2867 vid.
715 2839 810 2878 quae
833 2821 1077 2864 doctissime
1098 2819 1169 2862 ad-

316 2893 486 2936 notavit
499 2891 655 2934 clariss.
673 2890 822 2947 Heyn.
836 2896 943 2930 tom.
957 2899 975 2927 1
987 2919 998 2939 ,
1017 2902 1057 2941 p.
1075 2885 1166 2927 558.

378 2976 438 3000 11.
478 2959 595 3000 Tunc
613 2971 689 3011 ego
713 2960 753 2996 le
773 2956 964 2995 dominae.
988 2951 1040 2993 In
1062 2949 1169 2993 Sar-

315 3023 495 3067 raviano
508 3055 518 3075 ,
532 3027 629 3064 lunc
640 3036 715 3075 ego
728 3034 813 3061 me:
827 3018 875 3060 in
890 3016 1029 3073 Regio
1045 3048 1056 3070 ,
1070 3021 1169 3058 lunc

307 3107 387 3147 per
406 3095 456 3131 te.
480 3088 637 3130 Forte:

315 3166 410 3196 Tunc
426 3174 482 3205 per
498 3169 529 3192 te
543 3162 679 3192 donninae
692 3160 823 3202 cupiam
845 3158 988 3199 tetigisse
1002 3156 1138 3198 papillas
1154 3179 1165 3194 ‚

356 3226 470 3266 Quum
484 3223 598 3254 laevam
613 3222 732 3251 tunicis
747 3220 859 3250 inserit
873 3220 929 3250 ina
946 3228 1088 3249 manum.

316 3288 411 3341 Ego
432 3291 513 3335 let,
540 3283 636 3326 duae
658 3281 871 3324 editiones
892 3280 1051 3337 priscae.
1074 3279 1168 3332 Ego

317 3355 362 3394 si
376 3355 539 3405 cupiam
557 3348 756 3392 Francos.
777 3346 881 3389 latet
900 3343 1073 3401 aliquid.
1087 3343 1139 3386 Β.

374 3406 435 3458 ιζξ.
466 3418 631 3458 Elabar
647 3417 778 3468 digilo
791 3420 870 3455 etc.
894 3412 1052 3454 Mente
1075 3410 1166 3465 jam

1246 2105 1292 2148 in
1313 2105 1456 2163 ipsum
1478 2106 1694 2149 annulum
1705 2120 1960 2160 conversus,
1977 2113 2098 2162 optat

1248 2181 1298 2215 ut
1332 2172 1468 2230 digito
1500 2173 1667 2230 elapsus
1692 2173 1739 2216 in
1772 2173 1919 2216 sinum
1950 2173 2097 2216 amicae

1248 2240 1381 2280 cadat
1394 2246 1476 2281 etc.
1734 2244 1737 2245 ⁷

1309 2302 1371 2344 16.
1401 2304 1514 2347 Neve
1529 2308 1658 2347 tenax
1675 2319 1813 2346 ceram
1829 2311 1909 2346 etc.
1930 2301 2100 2348 Annuli

1250 2382 1488 2423 gemmam,
1499 2384 1584 2424 qua
1602 2368 1740 2426 sigillo
1760 2369 2016 2422 utebantur,
2029 2383 2099 2410 sa—

1248 2432 1332 2475 liva
1351 2433 1470 2489 prius
1482 2433 1795 2477 humectabant
1806 2443 1975 2477 veteres
1987 2465 1998 2486 ,
2010 2448 2098 2488 quo

1250 2513 1361 2541 cerae
1379 2497 1542 2543 facilius
1561 2498 1770 2556 impressa
1785 2498 1949 2556 effigies
1966 2498 2099 2540 refer—

1249 2572 1385 2606 retur.

1310 2629 1370 2671 18.
1400 2630 1600 2671 -Tanlmn,
1636 2628 1929 2672 Dummodo:
1954 2628 2098 2673 solum

1249 2691 1334 2735 hoc
1346 2692 1453 2735 mihi
1470 2693 1563 2735 dari
1584 2694 1730 2746 velim,
1746 2709 1803 2735 ne
1817 2693 2002 2750 signem,
2016 2701 2095 2735 etc.

1251 2756 1414 2799 Modus
1428 2756 1498 2800 hic
1511 2765 1575 2800 est
1587 2757 1799 2813 loquendi
1813 2758 1978 2800 Nasoni
1993 2773 2098 2814 prae-

1250 2822 1373 2878 cipue
1394 2822 1612 2865 familiaris
1630 2823 1711 2865 :sic
1730 2823 1850 2865 enim
1875 2832 1919 2866 et
1939 2822 1987 2865 in
2010 2823 2098 2865 Re-

1250 2885 1405 2928 mediis
1426 2886 1511 2935 ait,
1537 2901 1589 2939 v,
1617 2889 1716 2943 714:

1290 2956 1432 2985 Tantum
1444 2955 1570 2996 judicio
1589 2966 1630 2985 ne
1644 2961 1720 2985 tuus
1737 2955 1844 2986 obstet
1860 2966 1962 2986 amor.

1251 3016 1310 3059 Et
1330 3016 1399 3059 lib.
1422 3030 1494 3070 111,
1515 3016 1751 3071 Amorum,
1771 3016 1892 3074 Eleg.
1907 3029 2012 3069 vlu,
2026 3020 2098 3075 59:

1249 3086 1279 3116 '1'
1281 3091 1333 3114 aut
1340 3097 1393 3114 um
1400 3097 1440 3115 ne
1447 3092 1573 3116 nostros
1580 3085 1670 3117 avidi
1678 3086 1803 3116 luci-ent
1809 3096 1846 3115 ur
1852 3096 1988 3116 amores.
1994 3086 2096 3116 MAR.

1249 3168 1304 3177 --
1322 3146 1499 3201 Signem.
1527 3148 1672 3202 Signet
1699 3146 1865 3189 Moreti
1889 3179 1902 3201 ‚
1933 3144 2097 3188 Douzae

1250 3219 1293 3253 et
1315 3210 1403 3254 duo
1426 3211 1508 3254 alii.

1309 3272 1369 3335 19‘.
1406 3277 1457 3319 Sc·
1487 3279 1620 3319 dabor
1645 3284 1726 3321 etc.
1761 3275 1964 3330 Ancillae,
2002 3291 2098 3331 quae

1250 3359 1320 3385 me
1341 3347 1386 3385 ίη
1404 3345 1568 3395 loculis,
1588 3341 1722 3398 (apud
1743 3358 1824 3385 nos
1844 3340 2012 3392 l’c‘crin)
2025 3356 2111 3391 rer

1249 3407 1419 3451 condat.
