2268 3776
472 300 736 357 ARTIS
775 299 1249 354 AMATORIAE
1302 301 1465 356 LIB.
1510 302 1631 386 IIJ.

1825 302 1933 376 369

251 419 413 502 Quos
441 417 602 479 faciet
629 430 822 488 testes,
846 414 977 475 fecit
1004 429 1060 475 et
1092 429 1246 488 ante,
1277 417 1444 477 Deos.

169 515 242 574 Et
272 512 402 586 tibi,
432 512 832 596 Demophoon,
862 510 1063 573 These'i
1091 510 1335 572 criminis
1363 512 1519 573 heres
1538 559 1554 584 ,

251 609 504 695 Phyllide
536 610 792 693 decepta,
823 606 977 670 nulla
1003 606 1191 670 relicta
1218 606 1373 669 fides.

1861 629 1943 684 4⁶0

167 707 390 769 sibene
419 707 771 790 promittant,
800 705 1030 767 totidem
1058 704 1364 788 promittite
1393 704 1607 766 verbis:

248 803 308 864 Si
338 801 613 875 dederint,
639 816 696 863 et
720 826 819 862 vos
852 800 1050 880 gaudia
1071 815 1231 884 pacta
1258 800 1397 862 date.

169 899 270 961 Illa
293 914 480 984 potest
505 898 696 978 vigiles
723 899 965 959 flammas
987 898 1303 978 extinguere
1334 899 1515 959 Vestae
1531 946 1547 970 ,

247 1001 324 1060 Et
350 1021 538 1081 rapere
565 1021 592 1058 e
621 995 840 1080 templis
858 1043 873 1069 ,
897 995 1113 1069 Inachi,
1145 1019 1295 1057 sacra
1325 995 1467 1067 tuis;

167 1097 242 1156 Et
270 1094 395 1154 dare
418 1094 588 1154 mixta
615 1093 733 1152 viro
761 1091 905 1152 tritis
932 1091 1146 1152 aconita
1170 1089 1365 1151 cicutis
1385 1136 1400 1160 ‚
1854 1112 1935 1167 455.

246 1192 493 1273 Accepto
523 1191 793 1250 Venerem
820 1211 1045 1248 munere
1076 1188 1123 1247 si
1151 1210 1261 1270 qua
1291 1202 1470 1266 negat.

170 1308 327 1369 FERT
356 1306 829 1390 animus-propius
858 1304 1157 1366 consistere
1181 1329 1193 1365 :
1223 1305 1504 1389 supprime
1528 1305 1801 1380 habenaS,

251 1406 447 1475 Musa;
476 1427 576 1464 nec
601 1401 852 1463 admissis
883 1402 1157 1462 excutiare
1184 1402 1340 1462 rotis,

170 1500 354 1563 Verba
379 1501 577 1562 vadum
605 1514 820 1560 tentent
848 1498 1097 1578 abiegnis
1128 1499 1333 1583 scripta
1360 1497 1578 1561 tabellis
1603 1524 1618 1560 ε

250 1598 503 1681 Accipiat
528 1598 721 1658 missas
751 1610 878 1680 apta
905 1596 1158 1656 ministra
1187 1610 1367 1656 notas.

1860 1615 1943 1671 470

174 1695 425 1778 Inspice:
456 1694 716 1777 quodque
745 1693 919 1772 legeS,
949 1717 1014 1753 ex
1042 1692 1179 1774 ipsis
1209 1690 1408 1769 collige
1438 1691 1652 1763 verbis,

253 1792 479 1870 Fingat‚
511 1814 579 1851 an
610 1814 675 1851 ex
704 1790 886 1849 animo
914 1787 1293 1871 sollicitusque
1318 1802 1492 1866 roget.

173 1893 421 1973 Postque
448 1888 668 1950 brevem
693 1886 931 1948 rescribe
963 1909 1174 1945 moram
1198 1910 1209 1945 :
1236 1908 1392 1944 mora
1419 1907 1632 1967 semper
1661 1901 1902 1948 amantes

251 1986 476 2058 Incitat,
504 1985 763 2063 exiguum
792 1983 839 2043 si
867 1983 1035 2042 modo
1071 1996 1287 2064 tempus
1317 1980 1502 2041 habet.

173 2081 282 2144 Sed
306 2104 484 2164 neque
515 2093 568 2140 te
596 2076 808 2139 facilem
831 2077 1019 2159 juveni
1046 2077 1306 2160 promitte
1333 2076 1553 2155 roganti
1576 2102 1588 2136 ε
1861 2097 1945 2153 47³3

252 2179 368 2239 Nec
393 2191 576 2238 tamen
607 2175 778 2236 eduro
796 2221 810 2247 ‚
842 2173 995 2257 quod
1021 2175 1188 2257 petit,
1220 2197 1313 2233 ore
1342 2196 1496 2251 nega.

228 2322 752 2378 461.S1·benepmm1·ttent.
769 2321 1026 2362 Promittant

177 2386 353 2444 quidam
361 2401 413 2429 ex
421 2384 688 2428 melioribus:
696 2382 762 2426 alu
766 2386 1022 2439 promnion!

229 2451 322 2507 466.
353 2450 539 2505 Accepto
574 2451 766 2492 Venerem
796 2463 958 2490 munere
981 2451 1027 2490 si

177 2531 260 2570 qua
283 2519 419 2570 negat.
454 2512 533 2556 Sui
561 2527 734 2555 memor
763 2520 916 2568 poeta,
947 2511 1021 2567 qui

177 2578 303 2622 initio
322 2577 464 2636 operis
497 2577 748 2640 Matronas,
787 2575 1022 2633 Virgines-

179 2660 264 2701 que
277 2643 487 2700 ingenuas
495 2650 726 2685 monuerat
738 2639 887 2697 procul
900 2639 1025 2682 abes-

178 2716 302 2763 sent,
332 2706 484 2763 soepius
516 2705 661 2749 innuit
682 2706 799 2748 inter
824 2703 1022 2748 eundum

179 2772 259 2816 sibi
280 2788 376 2816 rem
396 2788 486 2815 esse
509 2787 609 2816 cum
629 2771 710 2814 illis
731 2769 856 2813 unice
872 2803 884 2824 ,
921 2769 1021 2825 qui-

178 2837 260 2882 bus
282 2837 392 2881 nihil
412 2836 527 2880 aliud
547 2852 616 2880 res
635 2837 838 2879 Venerea
852 2867 864 2890 ,
891 2849 1024 2890 quam

180 2901 400 2959 quoddam
418 2911 674 2946 mercaturae
692 2917 827 2960 genus
844 2908 889 2944 et
903 2900 1023 2944 lucri.

232 2967 328 3027 469.
356 2968 400 3011 A
404 2970 562 3023 bia-3111&
579 2972 737 3024 sc‘rt’pta
766 2971 946 3011 tabellis.
969 2967 1023 3010 In

181 3033 395 3077 Vaticano
423 3042 514 3077 erat
531 3065 543 3087 ,
558 3037 704 3087 planis
728 3037 927 3087 inscnpta
946 3040 1023 3076 ta—

180 3101 313 3141 bellis.
341 3097 504 3141 Sensus
528 3107 674 3140 autern
697 3098 869 3140 videtur
888 3114 1027 3154 expe-

181 3162 316 3206 ditior
332 3195 344 3218 ,
363 3163 397 3207 si
414 3163 758 3219 subintelligatur
775 3167 836 3214 si,
858 3172 906 3206 ut
924 3163 1025 3206 mil-

181 3227 258 3271 lies
277 3228 387 3272 solet
405 3229 567 3273 Noster
586 3245 596 3271 :
623 3228 657 3271 si
680 3237 847 3271 amator
866 3228 1027 3272 vadum

182 3301 323 3336 tentat
335 3292 406 3350 (ut
415 3291 497 3335 hoc
507 3301 768 3348 praeceperat
782 3292 852 3335 lib.
866 3291 910 3347 I,
926 3290 1027 3348 437)

183 3374 262 3414 per
284 3357 538 3415 epistolam,
562 3367 607 3402 et
626 3357 894 3413 colloquium
914 3390 926 3412 ‚
961 3357 1029 3400 vel

194 3423 325 3466 etiam
349 3431 525 3467 noctem
557 3431 678 3480 rogat
698 3456 708 3477 ,
746 3438 801 3465 ne
823 3421 1026 3478 prohibe,

344 3506 436 3560 II.

1102 2317 1338 2375 quominus
1354 2317 1505 2361 ancilla
1521 2317 1636 2361 illam
1651 2319 1826 2376 accipiat
1842 2339 1852 2373 3
1871 2322 1946 2365 sed

1104 2390 1150 2424 tu
1171 2390 1293 2425 caute
1313 2391 1458 2425 tecum
1475 2381 1635 2439 inspice
1657 2392 1700 2426 et
1721 2385 1916 2429 examina
1934 2422 1943 2436 ‚

1103 2463 1158 2489 an
1183 2462 1233 2489 ex
1253 2446 1400 2488 animo
1426 2452 1562 2502 roget,
1598 2463 1653 2490 an
1677 2465 1780 2491 vero
1802 2451 1947 2493 simu-

1101 2511 1174 2554 let.
1202 2513 1350 2554 Plane
1378 2519 1525 2554 autem
1551 2511 1716 2556 tabellae
1747 2516 1920 2572 proprie
1937 2550 1948 2571 ‚

1103 2587 1152 2621 ut
1169 2593 1275 2621 rasae
1297 2577 1365 2621 lib.
1389 2577 1410 2620 I
1425 2610 1437 2632 ,
1458 2577 1535 2635 437
1556 2593 1566 2621 ε
1586 2579 1685 2634 quia
1705 2596 1813 2624 cerae
1829 2598 1949 2625 com-

1103 2643 1287 2699 planatae
1306 2642 1437 2686 verba
1455 2642 1804 2687 inscribebantur
1820 2665 1831 2697 ς
1865 2647 1946 2690 nisi

1103 2708 1250 2751 verior
1277 2708 1404 2752 lectio
1430 2707 1512 2763 sit,
1539 2712 1703 2764 plenis,
1741 2712 1858 2767 quod
1898 2730 1948 2756 ex

1102 2774 1289 2830 vestigiis
1314 2781 1379 2818 τοῦ
1411 2777 1564 2817 alienis
1592 2775 1659 2818 vel
1683 2779 1868 2829 abim's,
1900 2788 1950 2822 ut

1106 2838 1281 2895 quidam
1296 2838 1463 2882 codices
1477 2838 1639 2881 habent
1650 2871 1662 2892 ,
1684 2850 1826 2896 posset
1845 2859 1946 2886 con·

1104 2903 1197 2959 jici3
1220 2911 1263 2945 et
1279 2902 1515 2959 Epistolam
1530 2902 1738 2960 intelligat
1753 2913 1843 2947 tam
1856 2907 1951 2963 ple-

1105 2987 1234 3026 nam,
1265 2971 1437 3028 qualem
1454 2970 1524 3013 lib.
1543 2970 1587 3024 1,
1613 2971 1715 3014 Am.
1730 2973 1849 3031 Eleg.
1872 2990 1948 3031 xr,

1105 3053 1143 3078 v.
1163 3052 1235 3085 20,
1257 3045 1301 3078 et
1318 3034 1621 3091 sequentibus,
1643 3036 1720 3079 sibi
1742 3038 1793 3081 ab
1814 3041 1949 3087 amica

1106 3118 1184 3157 per
1204 3102 1358 3157 Napen
1381 3100 1487 3156 petit
1512 3100 1638 3144 mitti.
1658 3102 1820 3147 Bunm.

1162 3167 1253 3221 472.
1294 3165 1584 3219 Sollicitusque
1620 3172 1743 3220 roget.
1778 3167 1951 3214 Dubius

1107 3231 1263 3274 scilicet
1279 3262 1290 3283 ‚
1316 3245 1371 3271 an
1394 3229 1448 3272 sis
1467 3244 1733 3276 concessura.

1165 3294 1256 3351 476.
1278 3295 1367 3336 Nec
1389 3299 1526 3336 tamen
1546 3297 1671 3338 eduro
1686 3330 1695 3346 ,
1730 3302 1844 3353 quod
1847 3307 1961 3354 petit

1108 3360 1205 3410 ille,
1238 3373 1357 3412 nega.
1388 3359 1433 3399 E
1458 3361 1559 3401 duro
1583 3360 1728 3417 scripti
1748 3364 1950 3409 meliores

1109 3438 1210 3465 cum
1232 3422 1371 3477 prima
1392 3421 1583 3468 editione
1611 3440 1622 3468 2
1643 3425 1712 3467 alii
1731 3427 1907 3483 quidam
1931 3446 1959 3472 ι·

1656 3510 1723 3576 24
