2268 3776
351 294 452 348 126

794 297 857 347 P.
913 294 1216 349 OVIDII
1270 294 1649 351 NASONIS

414 409 600 487 Digna
629 420 739 482 eSt,
774 433 939 492 quam
962 410 1157 492 jubeas
1185 412 1428 472 muneris
1457 435 1575 472 esse
1606 412 1704 472 tui.

332 509 458 590 Ipse
485 530 590 584 ego
620 521 742 567 tura
771 506 918 567 dabo
943 508 1177 569 fumosis
1207 507 1473 569 candidus
1502 508 1609 568 aris
1633 532 1646 579 ;

411 598 537 685 Ipse
567 602 737 662 feram
767 618 892 663 ante
920 618 1050 664 tuos
1078 627 1307 664 munera
1333 618 1462 663 vota
1490 603 1659 685 pedes
1683 626 1696 661 ε

328 699 599 780 Adjiciam
629 698 854 760 titulum
880 726 892 760 ε
924 702 1147 762 Servata
1175 703 1328 760 Naso
1360 701 1624 761 Corinna.

409 797 498 855 Tu
528 794 697 855 modo
726 795 811 856 fac
840 796 1003 857 titulo
1031 797 1465 880 muneribusque
1495 797 1694 878 locum.

329 894 389 954 Si
418 909 603 954 tamen
630 893 690 953 in
723 909 882 954 tanto
910 895 994 956 fas
1020 910 1104 956 est
1131 896 1414 956 monuisse
1445 895 1670 967 timore,

408 988 527 1049 Hac
559 989 665 1049 tibi
696 989 769 1049 sit
796 1014 986 1073 pugna
1016 991 1330 1051 dimicuisse
1361 991 1509 1051 satis.

323 1152 474 1210 lbyz'oe)
498 1169 522 1195 a
542 1151 706 1211 Sibylla
726 1152 980 1208 injunctum
1000 1153 1083 1195 suit
1101 1170 1180 1196 sa-
1262 1155 1380 1210 gnita
1398 1188 1410 1209 ,
1448 1163 1676 1211 acceptum
1704 1169 1867 1196 munus
1886 1185 1898 1207 ,
1928 1162 1973 1196 et
1993 1154 2112 1197 acci-

323 1216 553 1271 orificium,
566 1233 683 1260 anno
691 1217 895 1260 saeculari.
909 1218 1064 1261 Plures
1074 1234 1179 1274 quo-

324 1301 410 1341 que
421 1283 616 1343 Ilithyias
626 1299 715 1326 esse
729 1283 853 1326 aiunt
865 1283 1178 1326 HomerJliad.

324 1360 361 1395 A
378 1382 391 1405 ,
414 1365 494 1408 270
515 1366 525 1400 ;
550 1357 595 1391 et
612 1348 832 1392 Phurnut.
852 1349 918 1402 34.

379 1432 445 1458 22.
457 1417 607 1470 Digna
615 1420 683 1456 est
696 1423 776 1457 etc.
789 1412 989 1457 Corinna
997 1413 1172 1468 scilicet,

320 1480 391 1523 cui
404 1481 547 1523 faveas
564 1497 574 1531 ;
599 1494 695 1535 quae
715 1479 795 1522 tibi
814 1479 914 1522 vitae
934 1495 1096 1523 munus
1111 1495 1175 1522 ac-

320 1553 500 1601 ceptum
521 1545 693 1587 reserat.

376 1610 442 1653 26.
468 1611 532 1652 Tu
543 1612 665 1653 modo
669 1609 755 1665 fac
772 1611 894 1653 tilulo
914 1617 995 1653 etc.
1016 1608 1175 1652 Serves

323 1675 525 1730 amicam,
541 1684 592 1718 ut
606 1674 716 1717 mihi
732 1675 787 1718 sit
804 1674 923 1718 locus
939 1674 1057 1716 dona
1072 1682 1174 1716 ante

322 1739 454 1797 pedes
483 1740 711 1784 deserendi
735 1774 747 1796 ‚
785 1756 882 1797 quae
910 1740 1038 1783 titulo
1058 1740 1174 1783 insi—

1260 1220 1418 1276 pientis
1446 1219 1762 1276 gratitudinem
1782 1219 1829 1262 in
1847 1228 2112 1276 perpetuum

1260 1285 1550 1328 testabuntur.

1314 1367 1378 1404 27.
1411 1351 1461 1392 Si
1475 1356 1614 1392 lamen
1634 1353 1680 1391 in
1706 1354 1826 1391 tanto
1855 1356 1934 1392 etc.
1977 1347 2110 1392 Con-

1258 1430 1383 1457 verso
1400 1413 1454 1456 ad
1468 1415 1607 1471 ipsam
1626 1412 1874 1457 Corinnam
1886 1430 2108 1466 sermone,

1257 1479 1385 1522 timet
1398 1495 1454 1522 ne
1469 1512 1480 1533 ,
1503 1479 1538 1522 si
1557 1478 1611 1522 de
1629 1479 1824 1536 periculo
1840 1479 1886 1521 in
1909 1479 2026 1535 quod
2047 1480 2110 1521 in—

1257 1543 1422 1587 ciderat
1438 1576 1450 1598 ,
1492 1552 1697 1587 moneret
1736 1543 1905 1601 gravius
1922 1576 1934 1598 ,
1969 1544 2110 1599 majus

1257 1609 1531 1666 ingravescat
1551 1608 1819 1670 periculum;
1839 1609 1932 1652 vult
1959 1618 2107 1652 tamen

1257 1690 1332 1729 ne,
1356 1674 1474 1731 quod
1493 1674 1565 1718 iila
1578 1669 1714 1718 semel
1728 1675 1928 1730 tentavit,
1945 1675 2108 1719 iterum

1257 1740 1361 1783 velit
1381 1748 1564 1783 tentare.

902 2030 1297 2101 ELEGIA
1344 2032 1548 2101 XIV.

2007 2155 2029 2173 X

2000 2178 2015 2198 S

412 2338 474 2369 An
504 2337 753 2370 CORINNAM
776 2341 786 2369 t
807 2335 1158 2384 RESANESCERTI
1187 2338 1499 2370 GRAVITATEM
1528 2338 1611 2367 REI
1640 2336 1774 2380 QUAM
1804 2337 2022 2368 PATRARE

796 2421 1135 2464 TENTAVERAT,
1166 2423 1367 2454 EXPONIT
1399 2422 1629 2454 LIBERIUS.

317 2550 555 2655 ⁸(QUID
580 2574 735 2656 juvat
759 2575 1032 2637 immunes
1061 2575 1196 2636 belli
1227 2598 1436 2635 cessare
1466 2573 1684 2658 puellas
1702 2621 1718 2648 ‚

395 2674 512 2750 Nec
540 2671 655 2733 sera
680 2671 914 2755 peltatas
944 2673 1163 2751 agmina
1186 2671 1323 2733 velle
1354 2672 1544 2754 sequi3

314 2769 377 2829 Si
406 2770 524 2830 sine
557 2771 739 2830 Marte
764 2769 878 2829 suis
908 2770 1199 2852 patiuntur
1227 2768 1454 2829 vulnera
1482 2766 1637 2840 telis,

398 2869 474 2927 Et
506 2891 672 2928 caecas
703 2881 918 2928 armant
945 2867 1005 2926 in
1033 2890 1131 2926 sua
1159 2865 1272 2926 fata
1299 2865 1531 2925 manus?

373 3048 410 3074 2.
426 3033 516 3075 Nec
523 3032 626 3086 stra
637 3034 827 3087 stellatas
840 3039 921 3084 eje.
932 3030 1058 3075 pelta
1074 3039 1168 3074 erat
1248 3040 1349 3073 Ducit
1362 3039 1605 3072 Amazonidum
1619 3039 1742 3071 lunatis
1756 3039 1884 3080 agmina
1898 3038 2001 3081 peltis

315 3105 488 3140 scutum
509 3112 693 3153 parvum
717 3105 763 3139 et
787 3097 880 3139 leve
894 3129 906 3151 ,
925 3104 1054 3140 cetrae
1080 3096 1169 3139 ad-
1248 3101 1450 3132 Penthesilea
1476 3100 1589 3132 furens
1609 3107 1673 3131 etc.

317 3161 506 3204 modum
525 3161 678 3205 simile.
707 3162 795 3205 Tit.
815 3162 906 3204 Liv.
926 3176 1038 3205 xxx1
1051 3194 1063 3216 ,
1086 3162 1140 3204 36
1158 3178 1168 3204 :

259 3243 261 3245 ’
320 3244 342 3263 ¹<
365 3227 506 3270 Nocte
521 3232 717 3280 cetratos,
738 3226 855 3283 quod
865 3230 1076 3282 peltastas
1088 3241 1169 3269 vo-

316 3300 434 3345 cant,
450 3291 546 3335 loco
567 3301 817 3349 opportuno
833 3292 949 3335 inter
967 3293 1069 3335 bina
1082 3308 1168 3335 cas-

1252 3162 1427 3205 Harum
1448 3162 1664 3219 originem
1691 3162 1827 3205 refert
1848 3162 2020 3218 Nepos,
2044 3161 2099 3204 ad

1252 3227 1519 3284 Iphicratem
1533 3227 1875 3282 Atheniensem:
1891 3246 1913 3264 «
1929 3227 2005 3270 Ille
2009 3230 2099 3281 pel-

1249 3299 1337 3336 lam
1358 3309 1437 3350 pro
1471 3309 1623 3349 parma
1642 3293 1767 3348 fecit,
1797 3309 1820 3335 a
1841 3308 1930 3349 quo
1949 3301 2098 3348 postea

317 3365 385 3400 tra
405 3359 452 3400 in
472 3359 636 3402 insidiis
672 3358 910 3406 abdiderat.
934 3377 955 3397 »
993 3359 1166 3402 Lunam
1242 3362 1436 3413 peltasloe
1454 3358 1619 3415 pedites
1641 3358 1925 3415 adpellantur.
1947 3375 1969 3395 »

319 3423 605 3480 semiplenam
619 3425 848 3468 referebat.
860 3426 981 3482 Virg.
998 3438 1038 3481 1,
1064 3426 1165 3483 494:

1305 3427 1342 3479 4.
1360 3427 1505 3469 Caecas
1517 3441 1678 3470 manus.
1702 3426 1878 3481 Ignaras
1888 3458 1900 3480 ,
1915 3425 2092 3482 imprib-
