2268 3776
203 308 311 376 428

704 309 769 362 P.
814 309 1111 365 OVIDII
1156 307 1524 367 NASONIS

284 423 464 483 Vinea
490 447 502 482 :
528 447 598 483 ne
627 447 858 484 nascens
888 451 994 486 uva
1025 426 1098 486 sit
1128 441 1254 486 usta
1273 474 1288 499 ,
1318 428 1464 487 time.

204 523 304 584 Ille
332 524 503 584 habet
525 524 585 583 in
612 525 795 585 reditu
822 526 1005 587 navim
1031 552 1042 587 :
1069 550 1217 587 mare
1248 551 1464 611 semper
1492 528 1748 612 iniquum

291 627 546 705 Cogitet,
579 642 633 686 et
664 627 865 688 damno
897 627 1065 688 litora
1094 628 1241 689 foeda
1272 653 1391 688 suo,

1917 651 1966 708 57
1973 667 1998 691 ‹,›

202 729 377 790 Filius
406 730 555 790 hunc
582 730 769 805 mileS,
796 747 849 792 te
878 731 990 793 filia
1019 731 1232 792 nubilis
1262 748 1468 811 angant
1492 757 1505 805 3

286 834 361 891 Et
387 832 510 915 quis
541 847 654 891 non
686 857 873 895 causas
901 830 1050 894 mille
1083 833 1296 893 doloris
1326 833 1541 894 habet?

205 937 288 995 Ut
314 936 498 1018 possis
531 935 716 996 odisse
747 951 924 1009 tuam,
953 937 1112 1009 Pari,
1143 937 1340 997 funera
1367 935 1600 998 fratrum

288 1039 575 1099 Debueras
612 1037 788 1099 oculis
820 1040 1179 1100 substituisse
1207 1040 1336 1100 tuis.

206 1141 375 1204 Plura
408 1143 778 1226 loquebatur3
808 1143 1089 1228 placidum
1116 1130 1347 1228 puerilis
1377 1145 1562 1224 imago

1919 1162 2000 1221 575

285 1247 560 1307 Destituit
591 1272 849 1308 somnum
876 1273 887 1307 :
915 1249 963 1308 si
990 1249 1162 1308 modo
1195 1273 1423 1309 somnus
1451 1263 1583 1309 erat.

207 1349 363 1427 Quid
390 1349 584 1410 faciam
607 1353 630 1411 Ρ
657 1350 840 1412 media
868 1351 1051 1411 navim
1080 1350 1377 1411 Palinurus
1406 1352 1468 1411 in
1493 1350 1644 1411 unda

282 1452 505 1511 Deserit
530 1477 542 1512 :
568 1452 789 1530 ignotas
822 1476 994 1530 cogor
1023 1453 1165 1512 inire
1192 1453 1323 1514 vias.

208 1553 482 1636 Quisquis
510 1578 684 1625 amas,
718 1554 840 1614 loca
869 1554 988 1614 sola
1015 1569 1247 1628 nocent,
1281 1554 1401 1614 loca
1430 1553 1551 1639 sola
1578 1569 1786 1615 caveto.

287 1657 420 1736 Quo
456 1657 642 1735 fugis?
671 1658 730 1716 in
758 1656 975 1741 populo
1008 1659 1186 1718 tutior
1212 1682 1330 1719 esse
1360 1673 1540 1742 potes.

1921 1674 2003 1719 580

207 1758 338 1818 Non
370 1759 477 1818 tibi
507 1761 758 1835 secretis,
791 1776 998 1840 augent
1027 1777 1234 1823 secreta
1260 1762 1507 1835 furoreS,

212 1955 278 1990 est
310 1936 514 2004 paratum
535 1963 546 1989 :
567 1949 700 1989 bonus
729 1963 836 1990 vero
868 1956 912 1991 et
939 1965 1070 1992 novus

211 2030 323 2071 saepe
344 2014 525 2057 confusa
549 2029 572 2055 a
592 2014 790 2057 librariis.
814 2015 980 2058 Bunm.

268 2080 361 2138 569.
398 2080 479 2122 Ille
510 2081 640 2121 habet
665 2083 710 2121 in
749 2082 884 2123 reditu
917 2084 1068 2122 navim.

214 2143 380 2187 Sensus
412 2152 503 2198 est,
526 2144 647 2200 juxta
675 2144 831 2187 Burm.
865 2145 939 2201 qui
960 2145 1070 2188 nihil

214 2210 424 2266 possidet,
449 2219 610 2267 praeter
630 2211 807 2254 unicam
824 2227 1000 2265 navem,
1020 2226 1071 2253 ex

216 2292 301 2331 qua
320 2276 457 2319 vitam
478 2277 658 2331 toleret,
681 2285 726 2319 et
758 2286 974 2333 quaestum
995 2278 1070 2320 fa—

211 2341 296 2384 ciat
309 2374 320 2395 ,
339 2342 500 2398 cogitet
515 2358 690 2399 semper
709 2358 832 2385 mare
848 2342 1069 2399 iniquum.

268 2409 361 2463 570.
391 2409 562 2449 Damno
582 2411 709 2450 litora
734 2423 846 2451 soeua
876 2424 966 2450 suo.
991 2409 1073 2450 121·-

216 2471 434 2525 torafoeda
451 2473 593 2529 prima
611 2472 746 2515 editio
761 2481 804 2516 et
817 2473 963 2530 scripti
979 2489 1071 2516 om-

217 2552 296 2579 nes
326 2537 542 2580 meliores.
575 2537 701 2593 Quid
722 2537 756 2581 si
765 2537 886 2594 foela
905 2538 1020 2594 legas
1050 2537 1070 2580 ?

216 2602 372 2658 Virgil.
395 2602 499 2644 AEn.
518 2601 589 2645 lib.
605 2603 650 2657 I,
670 2605 718 2645 51
740 2618 751 2645 :
771 2605 1014 2647 Nimborum
1027 2607 1073 2645 in

207 2674 395 2724 patriam
405 2704 416 2722 ‚
429 2673 526 2712 loca
536 2669 1070 2724 soetafurenlibusaustris,

218 2736 407 2778 AEoliam
427 2740 554 2777 venit.
575 2735 743 2778 HEINS.

272 2803 348 2859 571
356 2834 366 2843 .
375 2802 419 2842 T
411 2818 434 2843 e
429 2803 536 2858 filia
547 2803 706 2844 nubilis
719 2805 891 2856 angant.
906 2800 960 2842 In
974 2799 1073 2842 Lei-

220 2865 345 2908 densi
366 2875 460 2909 erat
474 2899 485 2921 ,
507 2872 631 2909 urat:
647 2865 870 2922 eleganter
892 2864 1074 2908 meher-

219 2931 330 2973 cule.
346 2931 460 2974 Vide
476 2947 572 2987 quae
585 2931 640 2974 ad
654 2931 740 2984 III,
754 2931 850 2974 Art.
863 2930 963 2973 Am.
978 2931 1070 2983 541.

220 2998 353 3041 Hanc
372 3014 478 3041 vero
496 3013 590 3041 non
608 3014 697 3041 esse
712 2998 856 3041 levem
870 2997 1073 3040 sollicitu-

219 3063 373 3107 dinem
404 3065 531 3107 docet
553 3064 770 3108 Lucianus
799 3065 846 3107 in
875 3063 1035 3106 Toxari
1058 3096 1070 3117 ‚

222 3146 317 3187 pag.
351 3129 459 3184 6242
478 3131 639 3182 Mam-oz
660 3135 699 3174 δ’.)
719 3134 789 3174 αὐτ
793 3134 829 3173 ἂν
854 3135 939 3182 ἡνία
960 3137 1075 3184 onyx-

218 3203 294 3257 τὴρ
316 3196 409 3247 αυτὴ
427 3228 438 3250 ,
460 3198 641 3250 ἐπίγαμος
663 3200 734 3247 ἤδη
758 3201 823 3238 καὶ
846 3196 1074 3238 daz-moad}-

224 3262 332 3309 κάτις
354 3267 456 3305 οὖσα.
478 3261 640 3304 BURM.
844 3288 849 3294 ·

279 3330 373 3385 572.
387 3329 510 3370 Mille
527 3331 697 3371 doloris.
721 3327 959 3385 Eleganter
971 3290 1075 3368 Μο-

224 3393 309 3435 reti
330 3409 443 3436 unus
459 3426 470 3447 ‚
495 3396 608 3435 mille
632 3397 817 3435 salutis:
839 3409 971 3449 quam
993 3392 1074 3434 ni-

226 3460 391 3503 mirum
407 3477 456 3505 ex
472 3460 692 3505 doloribus
705 3469 749 3505 et
762 3461 875 3505 curis
888 3493 899 3517 ‚
912 3469 955 3504 et
966 3459 1075 3503 meis

1150 1950 1375 2006 praeceptis
1387 1982 1399 2003 ,
1412 1957 1456 1993 et
1469 1948 1576 2002 aliis,
1593 1963 1690 2005 quae
1702 1947 1791 2004 ipse
1806 1947 1885 1991 sibi
1899 1947 2002 1990 dare

1150 2024 1292 2071 potest
1313 2023 1483 2057 amator
1499 2047 1510 2068 ‚
1533 2013 1679 2056 habet.

1208 2083 1301 2139 574.
1333 2082 1607 2123 Subslitmkse
1625 2084 1721 2122 luzis.
1750 2081 2008 2123 Sustinuzzcse

1150 2147 1298 2203 scripti
1316 2146 1528 2203 plerique,
1545 2160 1648 2188 cum
1663 2145 1811 2187 Jureti
1824 2153 1868 2187 et
1889 2144 2006 2187 Sca-

1151 2212 1276 2269 ligeri
1297 2211 1518 2268 excerptis.
1552 2210 1768 2266 Excerpta
1796 2209 2007 2252 Politiani

1153 2286 1198 2320 et
1218 2294 1291 2321 sex
1320 2276 1390 2320 alii
1410 2275 1579 2320 codices
1596 2308 1608 2330 ,
1632 2279 1923 2330 proeposutlrse.
1946 2275 2008 2317 H.

1150 2346 1465 2388 —Sustmm‘sse
1477 2341 1593 2385 aliud
1610 2341 1713 2398 quid
1728 2341 2007 2398 significaret:

1154 2408 1273 2466 quod
1295 2407 1363 2451 hic
1384 2406 1557 2450 admitti
1587 2414 1731 2463 posset
1759 2414 1908 2448 tamen
1924 2438 1936 2459 ,
1959 2413 2009 2447 ut

1153 2474 1313 2517 scilicet
1343 2471 1553 2517 Paridem
1575 2471 1848 2529 ignaviorem
1866 2469 2007 2512 indu-

1153 2548 1223 2583 cat
1234 2572 1246 2594 ,
1260 2539 1336 2596 qui
1351 2538 1569 2581 debuisset
1586 2536 1748 2580 audere
1768 2552 1919 2579 coram
1940 2550 2009 2577 as-

1153 2606 1298 2662 picere
1328 2605 1486 2647 funera
1510 2604 1699 2646 fratrum
1721 2617 1730 2644 :
1750 2600 1827 2645 sed
1846 2600 2007 2656 vulga-

1154 2680 1247 2714 tam
1268 2667 1401 2713 etiarn
1414 2668 1587 2712 retineo
1602 2701 1613 2723 ,
1630 2666 1710 2710 etsi
1729 2665 2008 2722 singulariter

1156 2735 1324 2779 dictum
1344 2735 1411 2778 sit.
1431 2734 1598 2777 BURM.

1202 2801 1710 2855 576.Dest17uitsomnum.
1720 2793 1884 2851 Scripti
1898 2809 2008 2837 non-

1155 2866 1263 2909 nulli
1278 2868 1478 2921 placide5
1504 2873 1548 2907 et
1568 2866 1780 2906 Destituit
1805 2877 1976 2904 somnus
1989 2895 2000 2912 ‚

1155 2948 1257 2975 cum
1270 2931 1411 2988 prima
1425 2930 1618 2973 editione
1632 2947 1643 2981 ;
1658 2928 1728 2971 vel
1741 2928 1890 2982 etiam,
1901 2930 2009 2970 Des-

1154 3001 1283 3039 tz'luor
1308 3012 1451 3038 somno
1472 3012 1484 3037 :
1505 3009 1751 3052 perperam.
1781 2995 1916 3035 Plura
1934 2995 2009 3034 lo·-

1154 3066 1375 3119 quebatur,
1404 3062 1489 3104 hoe
1510 3069 1575 3104 est
1589 3094 1600 3115 ,
1623 3068 1855 3117 postquam
1883 3058 2009 3115 plura

1155 3136 1267 3171 esset
1285 3128 1476 3183 locutus,
1494 3125 1690 3169 destituit
1703 3139 1924 3167 somnum.
1948 3123 2010 3166 H.

1212 3194 1304 3236 581.
1334 3195 1446 3237 Nam
1473 3195 1555 3234 tibi
1567 3195 1746 3233 secretos
1760 3194 1916 3244 augent
1930 3204 2008 3230 se-

1156 3267 1270 3303 creta
1268 3260 1438 3316 furores
1447 3267 1527 3302 etc.
1539 3259 1648 3301 Haec
1661 3254 2009 3313 inquinatissima

1156 3335 1271 3369 sunt.
1288 3326 1378 3368 Pro
1391 3329 1570 3368 secretos
1581 3357 1591 3374 ‚
1615 3322 1723 3365 alter
1737 3321 1900 3377 Regius
1913 3352 1924 3373 ‚
1939 3335 2008 3362 se-

1156 3396 1306 3434 cretis:
1326 3406 1406 3447 pro
1437 3391 1549 3433 Nam
1576 3389 1828 3431 Puteaneus
1843 3417 1857 3438 ‚
1876 3385 1971 3426 Non
1988 3396 2002 3432 ,·

1158 3466 1204 3501 et
1231 3455 1432 3513 sequenti
1458 3470 1588 3502 versu
1619 3468 1723 3510 pro,
1755 3451 1939 3500 auxilia,
1963 3451 2007 3489 ιἰι
