2268 3776
490 339 747 395 ARTIS
797 336 1264 391 AMATORIAE
1305 337 1466 390 LIB.
1519 337 1643 390 111.

1842 335 1947 385 3⁶3

1885 382 1903 406 Ι

269 455 418 526 Nos,
449 454 673 515 hilarem
703 451 1005 536 populum,
1034 450 1238 511 femina
1266 450 1386 510 laeta
1414 450 1576 532 capit.

189 552 488 633 Nunquam
507 572 610 627 ego
630 562 681 609 te
693 593 708 620 ,
723 546 1132 619 Andromache,
1146 569 1246 606 nec
1260 560 1340 617 te,
1354 547 1660 617 Tecmessa,
1673 566 1921 622 rogarem
1939 589 1953 612 ,

271 647 351 704 Ut
379 667 496 705 mea
525 644 590 704 de
620 644 782 704 vobis
809 643 977 704 altera
1004 643 1173 703 amica
1201 641 1361 702 soret.

1877 657 1958 699 520

193 739 424 801 Credere
453 740 542 800 vix
566 740 780 812 videor,
806 763 977 823 quum
1009 761 1176 817 cogar
1203 735 1421 798 credere
1451 752 1611 820 partu
1630 783 1644 807 ,

270 837 384 895 Vos
410 859 513 914 ego
544 859 669 896 cum
698 836 893 897 vestris
923 834 1291 896 concubuisse
1318 833 1471 892 viris.

194 930 413 993 Scilicet
438 932 594 1013 Ajaci
623 930 820 992 mulier
848 930 1198 992 moestissima
1224 929 1363 989 dixit
1379 974 1395 999 ,

271 1029 393 1088 Lux
420 1030 574 1090 mea!
608 1051 838 1111 quaeque
869 1026 1050 1087 solent
1077 1026 1243 1087 verba
1268 1025 1454 1107 juvare
1483 1024 1670 1085 viros?

193 1125 348 1206 Quid
374 1140 519 1186 vetat
546 1149 576 1185 a
605 1125 820 1204 magnis
850 1124 920 1185 ad
946 1147 1034 1185 res
1064 1122 1310 1207 exempla
1338 1122 1581 1183 minores

1882 1139 1964 1181 525

272 1220 526 1294 Sumere,
552 1245 652 1282 nec
681 1244 886 1281 nomen
915 1220 1263 1303 pertimuisse
1295 1218 1450 1279 ducis
1475 1219 1500 1277 Ξ)

192 1316 322 1376 Dux
350 1316 536 1376 bonus
566 1314 696 1376 huic
726 1327 947 1376 centum
978 1315 1254 1376 commisit
1279 1315 1390 1376 vite
1419 1313 1721 1392 regendos,

275 1410 420 1471 Huic
451 1399 696 1493 equites;
726 1409 993 1489 illi‘sigua
1020 1412 1224 1472 tuenda
1253 1411 1420 1472 dedit.

195 1507 312 1567 Vos
330 1530 552 1590 quoque
566 1555 580 1580 ,
606 1507 671 1567 de
694 1507 861 1567 nobis
882 1532 1043 1590 quem
1069 1509 1305 1591 quisque
1324 1509 1397 1569 sit
1418 1523 1580 1591 aptus
1605 1507 1672 1568 ad
1692 1529 1851 1567 usum
1866 1551 1880 1577 ,

273 1604 568 1687 Inspicite;
597 1619 652 1665 et
676 1619 825 1665 certo
855 1605 1047 1687 ponite
1079 1629 1350 1688 quemque
1381 1605 1521 1665 loco.
1888 1619 1967 1662 53⁴»

197 1701 432 1760 Munera
462 1701 555 1762 det
583 1701 731 1762 dives
758 1726 770 1762 ε
791 1703 881 1783 jus
913 1704 1008 1785 qui
1035 1702 1416 1786 profitebitur,
1440 1701 1614 1762 adsit:

242 1805 257 1811 ’
276 1797 568 1858 Facundus
592 1821 813 1859 causam
843 1822 984 1881 saepe
1016 1798 1230 1860 clientis
1260 1813 1401 1877 agat.

164 1898 165 1902 ’
199 1891 453 1955 Carmina
483 1894 579 1977 qui
608 1894 866 1966 facimuS,
895 1895 1179 1959 mittamus
1200 1895 1440 1956 carmina
1470 1908 1683 1955 tantum
1709 1917 1722 1951 :

276 1989 382 2050 Hic
411 1989 615 2051 chorus
644 2006 769 2051 ante
801 1990 938 2051 alios
969 2006 1132 2074 aptus
1163 2015 1340 2052 amare
1369 2015 1577 2051 sumus,

195 2165 268 2201 tur
279 2155 504 2214 Sophoclis
519 2163 1039 2207 ΑιΑΣΜΑΣΤιΓοψοΡοΣ.

250 2222 342 2265 518.
371 2222 513 2276 Capit.
544 2223 681 2277 Rapit
698 2236 814 2264 unus
835 2220 1006 2263 Heinsii
1026 2252 1038 2274 ,

197 2285 432 2343 eleganter.

251 2353 345 2393 520.
358 2351 645 2408 Antio-aforet.
661 2354 788 2395 Fores
800 2353 959 2395 rectius
978 2351 1044 2396 le·

197 2422 334 2470 gatur.
370 2415 537 2459 Ilnms.
570 2418 720 2459 Altera
744 2423 876 2471 nupta
890 2417 1010 2472 fhret
1029 2450 1040 2467 ‚

198 2478 392 2522 Barthol.
402 2479 652 2524 notandum
663 2495 769 2523 vero
784 2483 959 2523 alteram
974 2479 1044 2524 hic

197 2544 305 2600 poni
316 2559 396 2601 pro
406 2537 668 2588 ulterutram:
679 2545 740 2589 sic'
754 2545 869 2602 apud
884 2545 1042 2601 Quint.

198 2607 270 2654 lib'.
288 2609 380 2653 VII
392 2641 405 2663 ,
425 2610 531 2654 lust.
550 2624 586 2653 c.
605 2622 638 2652 1.
658 2610 784 2653 Alter
792 2614 922 2665 egitur
936 2615 1045 2654 insi-

197 2675 340 2715 diatus
347 2678 422 2717 est.
442 2675 578 2717 Uter?
586 2674 780 2729 Profecto
792 2676 975 2718 Clodius.
990 2677 1043 2719 B.

253 2740 305 2785 5³
314 2755 330 2782 1
337 2772 348 2780 .
361 2741 496 2794 Quum
502 2743 797 2795 cogar-credere
797 2747 936 2795 partu.
948 2745 1052 2784 Nisi

197 2819 333 2859 coeat
344 2807 512 2849 ›ct-edem
526 2811 676 2860 partus
687 2838 699 2855 ,
739 2806 881 2862 prima
909 2806 1045 2850 editio

198 2875 245 2911 et
263 2867 355 2917 duo
367 2870 528 2926 scripti.
550 2870 810 2919 Mentelian.
823 2903 835 2926 ,
866 2876 1043 2915 mtcico-

195 2948 278 2987 gat
291 2935 453 2976 emam
463 2940 604 2989 partu.
629 2935 744 2993 Lege
764 2952 775 2979 ε

199 3003 335 3055 Credere
345 3003 404 3036 vix
420 3005 550 3044 videar,
562 3006 734 3047 nisimgu·
747 3007 876 3039 exedere
892 3015 1012 3050 μεως

205 3063 300 3118 vel,
329 3070 484 3120 cogant
504 3072 673 3120 lam-tus.¹
689 3067 827 3111 Natus
853 3068 974 3112 enim
992 3085 1045 3112 ex

202 3128 514 3174 Andromacha
528 3131 712 3174 Hectori
727 3131 970 3191 Astyanax:
993 3150 1046 3178 ex

201 3194 433 3238 Tecmessa
454 3194 577 3252 Aiaci
603 3195 844 3254 Eurysaces
859 3229 872 3251 ,
905 3213 929 3240 a
957 3214 1044 3254 quo

203 3259 479 3319 Eurysacidae
490 3290 502 3313 ‚
525 3259 757 3304 clarissima
775 3261 889 3318 apud
906 3262 1045 3306 Athe-

203 3326 376 3370 nienses
384 3326 557 3368 familia.
568 3328 837 3381 Ve'aepossum,
848 3327 1045 3372 Lincoln.

258 3393 351 3449 5²7·
379 3393 547 3434 Centum
566 3397 774 3435 commisit
792 3397 876 3436 vite
894 3410 1046 3448 regen-

207 3456 294 3508 dos.
308 3455 484 3500 Viteam
495 3456 660 3514 virgam
669 3456 879 3514 intelligas
890 3488 902 3513 ,
914 3473 1047 3513 quam

1122 2160 1343 2217 gestabant
1359 2158 1666 2204 Centuriones.
1684 2156 1801 2199 Male
1819 2155 1964 2212 igitur,

1122 2225 1195 2280 qui
1201 2225 1312 2279 jure.
1331 2223 1442 2267 Cod.
1456 2223 1563 2266 alter
1579 2223 1686 2279 Reg.
1704 2222 1858 2271 Μανίας
1874 2236 1963 2262 non

1121 2289 1289 2332 melius.
1300 2289 1401 2331 Juv.
1413 2288 1465 2330 de
1479 2287 1640 2340 Mario,
1653 2287 1743 2330 Sat.
1753 2299 1859 2338 vm,
1876 2287 1966 2341 ²47³

1120 2360 1287 2392 Nodoonm
1304 2358 1434 2400 posthac
1449 2357 1617 2398 frangebat
1637 2358 1761 2388 vertice
1773 2358 1887 2388 vitem.

1178 2422 1270 2479 529.
1313 2422 1441 2473 Quem
1472 2421 1642 2474 quisque
1669 2421 1750 2459 en't
1770 2423 1894 2470 aptus
1923 2420 1967 2457 in

1123 2500 1254 2527 usum.
1273 2484 1352 2525 Ad
1359 2498 1477 2526 usum
1490 2482 1634 2539 scripti
1650 2493 1660 2521 2
1683 2480 1843 2524 deinde
1857 2485 1967 2536 quis-

1124 2565 1201 2605 que
1218 2552 1278 2590 sit
1294 2548 1628 2604 Neapolitanus,
1651 2555 1696 2590 et
1717 2546 1837 2603 prior
1860 2546 1972 2587 Am—

1125 2612 1376 2656 brosianus:
1398 2613 1523 2656 bene.
1544 2612 1710 2654 Heius.
1728 2610 1799 2653 Ad
1820 2610 1889 2652 lib.
1910 2610 1968 2661 V,

1126 2678 1238 2721 Met.
1254 2696 1267 2720 ι
1280 2695 1294 2720 ι
1304 2695 1326 2720 2
1341 2709 1352 2731 ,
1364 2679 1623 2720 adhibendus
1634 2681 1679 2719 ia
1688 2691 1788 2718 usus
1798 2675 1971 2731 praesert

1127 2743 1335 2786 Heinsius
1349 2773 1362 2796 ,
1386 2751 1439 2801 τῷ
1459 2744 1522 2784 ad
1535 2756 1647 2783 usus.

1181 2810 1272 2853 530.
1295 2811 1357 2851 Et
1373 2813 1485 2851 certo
1497 2812 1642 2863 ponite
1659 2821 1853 2862 quemque
1870 2809 1973 2848 loco.

1126 2874 1219 2917 Suo
1246 2888 1466 2930 quemque
1495 2879 1738 2913 amatorem
1762 2870 1856 2912 loco
1880 2870 1970 2912 col-

1125 2939 1271 2982 locent
1289 2939 1449 2996 puellas
1468 2946 1619 2980 monet
1640 2969 1652 2990 ‚
1687 2952 1773 2992 quo
1800 2937 1968 2979 certio-

1126 3018 1223 3046 rem
1243 3019 1294 3045 ex
1314 3001 1393 3044 illis
1413 3001 1641 3043 utilitatem
1662 2999 1823 3043 ducant
1845 3018 1856 3051 ;
1890 3016 1969 3042 nec

1126 3069 1319 3112 carmina
1339 3074 1490 3123 petant
1519 3082 1543 3108 a
1573 3068 1719 3113 debite,
1744 3065 1812 3107 vel
1829 3082 1972 3108 mune-

1126 3151 1196 3181 ra,
1229 3134 1280 3176 ab
1300 3133 1373 3175 illo
1396 3132 1470 3188 qui
1489 3131 1591 3175 facit
1606 3132 1824 3185 carmina,
1844 3141 1923 3175 etc.

1181 3198 1274 3240 532.
1319 3198 1500 3239 Causam
1527 3213 1637 3251 soepe
1662 3199 1832 3239 clientis
1861 3203 1977 3251 agal.

1127 3263 1308 3315 Malim,
1333 3278 1485 3315 nempe.
1508 3262 1676 3304 Hssms.

1184 3328 1275 3381 534.
1297 3328 1407 3370 Nam
1426 3329 1588 3369 chorus.
1608 3329 1696 3370 Hic
1709 3330 1860 3370 chorus
1878 3343 1978 3370 me-

1125 3393 1256 3435 liores
1273 3392 1444 3447 scripti,
1467 3408 1569 3435 cum
1595 3393 1741 3448 prima
1759 3393 1951 3436 editione
1975 3407 1982 3431 :

1129 3473 1242 3500 unus
1267 3457 1429 3514 Regius
1444 3488 1456 3511 ,
1480 3459 1572 3502 Nos
1592 3459 1754 3501 chorus.
1780 3457 1915 3500 Imm.
