2268 3776
602 296 866 354 ARTIS
915 296 1392 354 AMATORIAE
1437 302 1596 357 LIB.
1641 304 1689 359 1.

1924 304 2029 375 2!in

343 415 621 497 Quaelibet
650 412 835 475 officio
861 436 1023 474 causa
1052 412 1126 474 sit
1151 427 1281 496 apta
1311 429 1422 477 tuo.

264 515 436 577 Pallia
460 513 506 575 si
536 527 690 573 terrae
718 509 951 571 nimium
981 510 1216 572 demissa
1243 511 1507 592 jacebunt
1526 561 1542 586 ,

347 609 584 687 Collige,
614 621 668 668 et
695 606 979 668 immunda
1008 606 1232 669 sedulus
1261 606 1396 669 effer
1422 609 1609 670 humo.

264 704 525 768 Protinus
557 702 724 764 officii
750 704 1022 787 pretium,
1046 704 1289 788 patiente
1320 704 1534 789 puella,
1963 733 2039 773 155.

343 801 685 881 Contingent
713 799 890 862 oculis
921 825 1079 863 crura
1108 801 1342 864 videnda
1371 804 1498 864 tuiS.

188 909 197 916 '
262 898 496 982 Respice
518 913 804 981 praeterea,
835 913 968 981 post
993 923 1092 959 vos
1123 900 1455 984 quicumque
1486 901 1731 978 sedebit,

339 997 424 1056 Ne
454 1010 668 1078 premat
698 995 963 1079 opposito
995 994 1183 1058 mollia
1210 1011 1361 1077 terga
1392 1022 1554 1078 genu.

260 1095 434 1155 Parva
454 1092 600 1154 leves
630 1092 858 1178 capiunt
888 1092 1099 1154 animos
1124 1119 1138 1154 ε
1164 1093 1272 1154 fuit
1299 1092 1434 1156 utile
1466 1094 1656 1157 multis
1675 1145 1689 1169 ,

340 1189 636 1251 Pulvinum
664 1188 812 1251 sacili
843 1190 1221 1275 composuisse
1250 1215 1435 1252 manu.

1961 1220 2035 1259 1‹i‹=

172 1311 175 1315 ‘
259 1288 482 1350 Profuit
510 1303 566 1349 et
590 1287 742 1349 tenui
772 1302 999 1349 ventum
1027 1287 1265 1350 movisse
1296 1287 1531 1362 tabella;

339 1388 415 1448 Et
444 1409 571 1447 cava
599 1385 704 1446 sub
734 1398 984 1446 tenerum
1015 1409 1233 1446 scamna
1260 1384 1473 1448 dedisse
1497 1387 1708 1471 pedem.

262 1523 390 1584 Hos
419 1521 601 1582 aditus
630 1521 935 1604 Circusque
964 1544 1112 1581 novo
1142 1520 1417 1604 praebebit
1438 1525 1644 1597 amori,

343 1624 652 1708 Sparsaque
682 1622 922 1684 sollicito
954 1624 1129 1684 tristis
1158 1648 1320 1686 arena
1348 1624 1490 1686 foro,

263 1725 364 1788 Illa
387 1750 528 1810 saepe
554 1750 694 1810 puer
722 1727 956 1787 Veneris
989 1727 1260 1810 pugnavit
1289 1750 1452 1788 arena
1476 1754 1488 1788 ε
1969 1753 2043 1794 165.

343 1830 418 1889 Et
447 1829 545 1913 qui
572 1827 839 1913 spectavit
867 1827 1117 1903 vulnera,
1148 1827 1349 1891 vulnus
1376 1829 1563 1892 habet.

249 2023 360 2053 usos
372 2007 501 2052 fuisse
513 2015 685 2051 veteres
698 2006 902 2063 peniculo
915 2040 927 2062 ,
941 2015 986 2050 et
1002 2022 1109 2051 cau-

258 2074 324 2119 dis
355 2073 528 2118 bubulis
558 2072 613 2116 ad
646 2071 923 2117 excutiendas
957 2072 1108 2118 sordes

258 2139 386 2184 docet
403 2137 596 2196 Scaliger
616 2136 670 2181 ad
694 2138 924 2181 Moretum
942 2154 983 2195 p.
1009 2138 1106 2182 162:

257 2209 490 2265 perperam
511 2211 658 2248 autem
687 2203 757 2248 hic
777 2203 957 2261 quidam
977 2203 1109 2248 codi-

256 2287 350 2328 ces,
379 2270 693 2320 dlscutt'endus,
721 2269 789 2312 vel
815 2270 1080 2327 rejiciendus.

316 2337 407 2379 155ss
434 2337 635 2379 Proteum
654 2333 992 2389 osficiipretium.
1017 2332 1109 2389 Os·-

240 2403 351 2458 ficio
365 2399 529 2457 Regius
539 2431 551 2454 ,
565 2397 830 2443 oxoniensis
841 2431 853 2454 ,
868 2407 913 2442 et
930 2413 1045 2442 unus
1058 2414 1110 2442 ex

258 2465 380 2512 meis.
393 2465 561 2508 Hmns.
577 2466 810 2507 Pro-stante
818 2465 978 2519 puella}
997 2463 1111 2506 Am-

255 2531 484 2576 brosianus
501 2546 512 2574 :
530 2528 780 2586 conttgrermt'
805 2545 979 2588 quoque
1008 2546 1111 2574 mox

257 2597 496 2642 Beruensis
515 2605 559 2640 et
579 2596 774 2652 quinque
794 2595 941 2652 scripti
960 2611 970 2639 ε
989 2612 1111 2639 crura

256 2664 440 2713 nitendo,
457 2677 573 2705 unus
589 2660 817 2704 Mentelii:
836 2660 954 2705 unde
970 2661 1109 2704 Hein-

255 2727 343 2772 sius
362 2727 620 2783 conjiciebat
639 2725 745 2769 olim
758 2759 770 2780 ,
788 2728 988 2771 notanda.
1067 2729 1069 2731 ’

316 2791 407 2836 160.
436 2793 657 2836 Pulvinum
670 2791 1111 2848 facilc‘composmsse

258 2874 396 2902 manu.
432 2857 624 2916 Scaliger
664 2857 876 2902 scribebat
898 2890 910 2912 ,
944 2874 1109 2914 suppo-

261 2928 408 2968 suisse.
427 2923 563 2968 Recte
585 2933 837 2981 utrumque.
864 2923 922 2968 D.
940 2924 1108 2969 Hmns.

265 2987 479 3032 Ceterum
490 2990 772 3046 pulvinorum
787 2989 976 3034 usumin
992 2989 1110 3034 thea-

262 3053 440 3097 tralibus
459 3055 708 3110 spectaculis
731 3064 821 3098 tam
841 3055 958 3098 inter
974 3056 1107 3110 viros,

264 3133 399 3175 quam
413 3118 610 3161 foeminas
623 3119 751 3162 fuisse
764 3120 894 3162 etiam
906 3136 956 3162 ex
965 3119 1110 3162 Theo-

263 3181 425 3239 phrasti
446 3181 762 3226 characteribus
781 3183 984 3226 discimus
1001 3200 1011 3235 ;
1035 3184 1110 3239 qui

263 3246 518 3303 hujusmodi
535 3246 729 3290 officium
741 3281 752 3302 ,
770 3248 895 3304 quale
913 3248 1109 3291 hocloco

264 3314 403 3371 tangit
419 3314 536 3358 Naso
549 3347 558 3363 ‚
575 3313 692 3355 inter
706 3313 944 3356 adulatoria
957 3322 1002 3356 et
1015 3330 1110 3357 ser-

264 3378 363 3421 vilia
382 3378 587 3434 obsequia
607 3387 818 3422 recenset.
846 3379 1053 3435 Apposite
1074 3379 1110 3422 is

265 3457 370 3499 ergo
393 3450 476 3505 περὶ
494 3449 710 3493 Κολακείας.
738 3450 819 3489 Καὶ
836 3452 902 3487 τεῦ
920 3448 1054 3492 πκιδὲς
1075 3446 1109 3487 ἕν

1188 2017 1244 2069 τῷ
1263 2011 1415 2072 θείη-ρῳ
1437 2010 1660 2067 &filiumve
1679 2013 1730 2056 τὰ
1747 2015 2041 2073 προσκυροῦαια,

1191 2074 1301 2124 &ur-'5
1321 2078 1556 2137 ὑποςρῶσαι.

1250 2139 1339 2182 161.
1369 2139 1539 2194 meut't
1553 2145 1599 2183 el
1618 2145 1737 2185 tenui
1753 2148 1922 2185 mntem
1943 2159 2043 2185 mo-

1191 2208 1301 2248 visse
1319 2208 1490 2248 tabella.
1513 2206 1616 2249 Vid.
1636 2223 1734 2264 quae
1755 2209 1845 2264 jam
1865 2208 1919 2252 ad
1939 2210 2041 2252 Am.

1191 2283 1249 2313 111
1265 2303 1277 2325 ,
1302 2270 1422 2328 Eleg.
1446 2284 1483 2315 11
1499 2304 1511 2327 ,
1532 2272 1586 2315 38
1601 2306 1613 2327 ,
1638 2275 1897 2319 notavimus.

1250 2335 1340 2378 162.
1369 2339 1431 2379 Et
1446 2353 1554 2380 caea
1573 2341 1651 2381 sub
1666 2344 1848 2383 tenerum
1867 2356 2045 2384 scamna

1190 2401 1356 2443 dedisse
1363 2404 1526 2457 pedem.
1542 2403 1609 2447 Ne
1627 2403 1715 2447 scil.
1731 2404 1921 2461 pendula
1942 2405 2045 2448 diu-

1191 2465 1276 2508 tius
1293 2474 1497 2523 torpeant
1511 2467 1776 2512 lassitudine.
1793 2468 1928 2514 cure
1942 2471 2044 2527 qui-

1191 2530 1295 2574 dem
1316 2530 1500 2576 leviores
1516 2565 1528 2587 ,
1551 2541 1597 2575 et
1619 2538 1665 2576 e'n
1686 2537 1807 2577 tenui
1818 2538 1968 2586 labor:
1999 2544 2044 2578 at

1191 2611 1358 2640 merces
1369 2611 1461 2640 non
1473 2598 1633 2653 tenuis,
1644 2598 1852 2655 placuisse
1865 2601 2019 2658 puellae
2031 2602 2039 2642 !

1191 2659 1245 2705 de
1255 2677 1429 2706 scamno
1442 2671 1591 2707 autem
1607 2665 1734 2707 Varr.
1744 2664 1798 2708 de
1812 2665 2044 2723 Ling,Lat.

1190 2738 1269 2782 IV,
1297 2727 1351 2771 35
1374 2744 1384 2771 :
1413 2727 1571 2784 «Quia
1602 2729 1783 2786 simplici
1815 2731 2041 2774 scansione

1189 2792 1457 2843 scandebant
1476 2794 1522 2837 in
1553 2793 1715 2837 lectum
1745 2810 1836 2837 non
1871 2795 2008 2838 altum
2027 2829 2040 2851 ,

1188 2861 1420 2902 scabellum
1435 2875 1448 2902 :
1467 2859 1514 2902 in
1536 2858 1736 2902 altiorem
1754 2892 1766 2912 ‚
1783 2875 2041 2904 scamnum.»

1189 2923 1324 2967 Unde
1335 2924 1536 2981 colligere
1550 2933 1630 2978 est,
1644 2925 1811 2980 poetice
1823 2923 2039 2975 Ovidium

1188 3005 1391 3040 scamna,
1414 3004 1494 3045 pro
1519 2992 1771 3039 scabellum,
1792 2989 1957 3034 dixisse.

1236 3071 1252 3097 1
1259 3055 1325 3108 64.
1336 3055 1568 3110 Sparsaque
1577 3058 1762 3098 sollicilo
1770 3061 1906 3099 trislts
1912 3073 2042 3100 arena

1177 3119 1293 3175 foro.
1314 3119 1403 3162 Per
1420 3135 1602 3170 arenam,
1623 3120 1741 3163 illam
1763 3122 2041 3179 amphiteatri

1190 3193 1361 3241 partem
1385 3184 1611 3242 intelligit,
1635 3186 1708 3229 ubi
1731 3189 2037 3245 pugnabatur,

1191 3258 1235 3303 et
1254 3265 1350 3305 quae
1366 3265 1465 3291 eam
1485 3249 1542 3292 ob
1559 3266 1734 3294 causam
1753 3269 1883 3295 arena
1901 3269 2039 3298 cons-

1190 3315 1307 3357 terni
1333 3313 1498 3357 solebat
1517 3331 1527 3357 :
1547 3319 1706 3360 tristem
1726 3319 1886 3375 merito
1907 3318 2038 3374 dicit,

1191 3394 1287 3434 quae
1307 3377 1564 3436 sanguinem
1578 3414 1590 3436 ,
1607 3390 1650 3424 et
1669 3381 1917 3426 humanum
1939 3385 2039 3440 qui-

1191 3443 1293 3487 dem
1316 3477 1326 3498 ,
1363 3445 1491 3488 toties
1526 3447 1809 3491 combiberet.
1848 3450 2038 3497 Sollicilo
