2268 3776
245 279 315 332 62
724 279 789 332 P.
838 279 1128 335 OVIDII
1167 279 1550 338 NASONIS

325 396 417 455 An
447 406 606 477 putat
634 393 885 472 ignotam
912 397 1218 479 nequitiam
1243 422 1362 460 esse
1393 401 1594 461 suam?

243 493 490 553 Tithono
519 489 711 551 vellem
741 492 807 552 de
839 506 892 553 te
919 516 1142 554 narrare
1172 493 1399 556 liceret:
1967 515 2022 558 35

321 588 532 650 Fabula
559 613 675 649 non
702 589 833 650 caelo
862 592 1081 674 turpior
1108 590 1222 652 ulla
1250 591 1409 654 foret.

239 687 406 748 Illum
433 685 564 746 dum
593 686 829 765 refugis,
870 686 1041 766 longo
1075 689 1206 770 quia
1236 688 1472 768 frigidus
1502 713 1615 752 aevo
1634 708 1653 765 ‚'

323 785 517 862 Surgis
547 783 614 843 ad
642 784 846 844 invisas
876 809 907 844 a
936 808 1064 845 sene
1091 809 1251 846 mane>
1281 801 1449 846 rotas,

239 883 318 942 At
345 881 391 942 si
424 904 586 964 quem
614 880 874 940 manibus
906 880 1213 964 Cephalum
1245 882 1530 967 complexa
1559 878 1817 958 tenereS,¹

324 977 597 1038 Clamares
621 979 826 1037 :Lente
858 977 1060 1038 currite
1086 979 1271 1039 noctis
1298 979 1442 1062 equi.
1965 1001 2019 1055 (1⁰

242 1075 357 1135 Cur
382 1096 485 1151 ego
515 1071 726 1155 plectar
752 1097 938 1133 amans
956 1120 970 1147 ,
1005 1074 1053 1133 si
1081 1073 1166 1134 vir
1194 1074 1300 1134 tibi
1320 1090 1527 1136 marcet
1555 1075 1625 1136 ab
1657 1075 1861 1136 annis?

317 1172 468 1231 Num
494 1193 580 1230 me
609 1170 854 1253 nupsisti
881 1169 1210 1232 conciliante
1241 1171 1401 1232 seni?
1643 1171 1650 1175 ⁸

235 1267 501 1350 Adspice,
537 1291 679 1351 quos
711 1291 936 1328 somnos
960 1268 1150 1349 juveni
1181 1268 1403 1330 donarit
1431 1284 1613 1331 amato

316 1366 508 1437 Luna3
536 1388 638 1425 nec
667 1362 819 1424 illius
845 1363 1023 1426 forma
1053 1366 1293 1427 secunda
1323 1382 1447 1428 tuae.

234 1533 422 1591 margini
436 1532 700 1590 adscriptum
710 1541 804 1576 erat
818 1565 830 1588 ,
846 1532 980 1590 idque
988 1549 1089 1576 ma·-

234 1614 299 1640 nu
330 1598 564 1642 recentiori
590 1630 603 1653 ,
649 1600 766 1652 Quid
795 1602 842 1641 si
874 1600 1085 1655 Cephalio.

239 1662 373 1706 Certe
386 1661 439 1705 de
456 1661 652 1720 Cephalo
671 1679 810 1718 quum
822 1679 923 1706 mox
938 1664 993 1707 sit
1005 1679 1086 1707 ac—

234 1738 358 1771 turus
373 1760 385 1782 ,
405 1727 541 1771 otiosa
555 1735 619 1770 est
631 1727 715 1771 hoc
734 1727 830 1770 loco
850 1728 944 1783 ejus
965 1744 1087 1771 men-

231 1794 306 1836 tio.
337 1792 518 1850 Mycillo
538 1793 672 1835 etiam
693 1808 741 1835 ac
762 1791 956 1836 Grutero
982 1809 1087 1836 sus-

232 1866 411 1915 pectum
425 1857 666 1901 habebatur
678 1857 765 1901 hoc
779 1857 1007 1902 distichon.
1025 1858 1086 1900 H.

285 1923 353 1966 35.
394 1925 575 1966 Tithono
596 1925 746 1966 vellem
776 1931 857 1966 ete.
888 1922 1087 1980 Maligne

230 1989 371 2046 tangit
380 1988 567 2032 Aurorae
577 2005 678 2033 cum
694 1989 890 2046 Cephalo
902 1998 947 2032 et
958 1989 1087 2033 Orio-

229 2070 289 2096 ne
312 2070 484 2098 amores
497 2087 509 2108 ‚
533 2055 608 2111 qui
628 2054 663 2097 si
685 2054 882 2097 Tithono
902 2059 1082 2106 nartali,

228 2119 367 2176 ipsam
381 2119 464 2162 toti
484 2122 586 2162 coelo
604 2119 790 2176 turpiter
796 2120 1086 2176 fabulandum

228 2186 470 2229 traderent.
497 2209 552 2222 -v-
575 2187 647 2228 De
676 2191 719 2228 le
738 2202 908 2229 narrare
927 2190 1086 2230 liceret.

228 2254 403 2295 Liberat
420 2260 528 2308 puto
549 2267 559 2294 :
581 2251 627 2294 in
651 2251 787 2294 Fastis
807 2264 858 2295 VI
873 2284 885 2306 ‚
909 2251 988 2294 325
1010 2267 1022 2295 ε

228 2320 300 2351 Nec
315 2319 410 2361 libet,
420 2327 453 2351 et
465 2321 597 2360 longum
606 2327 654 2351 est
666 2321 779 2362 epulas
790 2331 930 2352 narrare
936 2321 1084 2352 deorum.

231 2381 323 2424 Ubi
354 2380 447 2438 pari
467 2381 602 2424 modo
621 2381 892 2438 peccabatur.
917 2381 1086 2425 HEINS.

287 2446 354 2488 36.
397 2449 564 2489 Fabula
584 2463 668 2489 non
695 2449 797 2489 caelo
817 2451 978 2502 turpior
997 2449 1088 2489 ulla

142 2507 149 2516 ’
217 2510 351 2566 soret.
373 2513 538 2553 Fabula
558 2512 808 2554 Puteaneus
829 2512 959 2566 alter,
982 2528 1086 2555 cum

233 2576 443 2633 excerptis
478 2576 702 2620 Vossianis
730 2591 740 2618 ε
760 2585 891 2619 recte.
924 2578 1086 2622 Noster

228 2660 362 2701 supra
382 2644 455 2687 lib.
475 2658 505 2687 x
522 2676 535 2698 ,
564 2643 685 2700 Eleg.
705 2656 754 2685 1x
771 2659 781 2686 :

226 2719 321 2750 Mars
335 2729 467 2761 quoque
481 2718 659 2759 deprensus
674 2717 804 2749 fabrilia
816 2717 948 2749 vincula
963 2718 1083 2756 sensit,

269 2780 391 2812 Notior
403 2779 438 2810 in
455 2779 532 2810 caelo
540 2778 670 2822 fabula
682 2778 773 2810 nulla
789 2777 867 2809 fuit.

232 2840 354 2884 Artis
378 2840 524 2883 Amat.
544 2839 615 2883 lib.
636 2854 675 2882 11
691 2872 703 2895 ,
725 2838 802 2882 561
827 2854 838 2880 ε

230 2916 362 2947 Fabula
373 2922 524 2946 narratur
534 2921 603 2947 toto
617 2914 788 2946 notissima
803 2913 881 2945 caelo
893 2937 904 2952 ‚

230 2977 424 3018 Mulqibeiis
438 2976 525 3018 capti
539 2976 696 3017 Marsque
712 2976 889 3016 Venusque
904 2973 999 3004 dolis.
1038 2972 1042 2976 “

233 3037 294 3081 Et
312 3037 382 3080 lib.
405 3051 476 3092 lv,
500 3038 611 3079 Met.
633 3038 732 3096 189,
755 3035 810 3080 de
833 3035 987 3079 eadem
1007 3049 1082 3077 re:

849 3112 982 3152 Diuque

231 3173 310 3203 Hire
326 3172 391 3204 fuit
407 3174 441 3204 in
457 3179 524 3204 toto
536 3173 705 3204 notissima
711 3174 837 3217 fabula
854 3173 943 3203 coelo.
971 3171 1020 3203 H.

285 3233 351 3291 37.
374 3235 520 3289 Longo
533 3238 632 3289 quia
640 3234 833 3288 frigidus
848 3250 944 3277 oem.
969 3234 1085 3275 Lon-

226 3317 281 3356 go
312 3305 410 3356 quia
433 3303 638 3355 grandior
649 3316 734 3343 oevo
762 3301 1013 3343 Puteaneus
1041 3307 1085 3341 et

229 3365 475 3421 complures
493 3365 576 3408 alii.
599 3365 731 3407 Trist.
755 3378 804 3407 IV
821 3398 833 3419 ,
862 3377 938 3406 10:

234 3436 321 3475 Smpe
337 3444 411 3463 snas
429 3434 574 3466 volucres
594 3434 670 3472 legit
689 3432 769 3463 mihi
781 3434 946 3475 grandi-21·
961 3443 1040 3462 nivo.

1167 1534 1239 1578 De
1259 1550 1400 1578 macro
1413 1567 1426 1586 ,
1450 1542 1568 1578 certe
1586 1549 1689 1577 mox
1706 1533 1854 1578 denuo
1873 1535 2018 1591 sequi-

1168 1609 1241 1643 tur
1261 1616 1271 1644 ε
1290 1605 1336 1643 si
1343 1604 1413 1644 vir
1420 1603 1671 1643 tibimarcet
1678 1602 1734 1642 ab
1743 1603 1897 1642 annis:
1916 1599 2019 1643 binc

1164 1667 1421 1720 grandevus.
1439 1664 1498 1707 H.
1522 1664 1638 1707 Mihi
1655 1664 1818 1708 arridet
1831 1665 2018 1708 maxime

1169 1730 1412 1774 Herculani
1439 1729 1596 1774 codicis
1625 1731 1838 1787 scriptura
1854 1763 1865 1785 ‚
1896 1734 2021 1786 longo

1167 1794 1462 1851 quiafnkz'dus
1480 1810 1566 1837 oeeo
1579 1807 1592 1833 .·
1613 1794 1748 1851 frigus
1764 1795 1886 1837 enim
1905 1795 2020 1838 senis

1167 1875 1271 1902 vera
1288 1875 1414 1903 causa
1428 1891 1440 1913 ,
1470 1874 1550 1902 cur
1567 1859 1790 1915 resugeret
1808 1860 2018 1902 maritum

1169 1923 1345 1967 Aurora
1358 1941 1368 1977 ;
1387 1932 1432 1967 et
1443 1939 1545 1966 mox
1556 1939 1656 1967 sene
1669 1924 1879 1979 sequitur,
1899 1923 2018 1980 quod

1166 1988 1287 2032 idem
1317 1997 1382 2032 est
1409 1988 1528 2046 quod
1545 2021 1558 2044 ,
1592 1991 1797 2045 grandior
1822 2006 1932 2041 (ενα,
1967 2003 2017 2032 11.

1168 2054 1323 2099 Amor.
1346 2068 1415 2100 vu
1429 2088 1441 2110 ‚
1463 2067 1519 2114 9:

1391 2147 1430 2157 ...
1446 2126 1486 2155 In
1499 2133 1532 2156 te
1545 2124 1834 2167 quoquest-igidus
1853 2134 1934 2155 esse.

1167 2187 1240 2231 Sic
1255 2186 1412 2244 passim
1426 2219 1438 2241 ,
1447 2186 1623 2243 sngidoe
1630 2189 1803 2242 puelloe,
1823 2193 1868 2229 et
1887 2187 2026 2239 tepide·

1165 2257 1257 2297 viri.
1281 2252 1443 2296 Bumu.

1220 2318 1287 2376 39.
1307 2318 1374 2361 At
1382 2321 1427 2359 si
1434 2332 1552 2373 quem
1568 2317 1796 2371 Cephalum
1812 2317 2016 2358 manibus.

1169 2384 1298 2437 Quod
1309 2384 1460 2425 malles
1483 2383 1714 2436 Cephalum
1727 2413 1738 2431 ‚
1772 2379 1919 2423 Jureti
1940 2395 2018 2422 ex-

1165 2456 1325 2505 cerpta.
1353 2446 1504 2491 Scribe
1526 2479 1538 2501 ,
1566 2462 1685 2502 quem
1709 2447 1859 2488 malles
1872 2478 1884 2496 ,
1925 2446 2015 2487 Ce-

1157 2518 1349 2570 phalum.
1371 2514 1538 2557 Hnms.
1561 2511 1677 2555 Mihi
1697 2511 1868 2569 vulgata
1887 2511 2015 2554 lectio

1164 2579 1480 2636 elegantissima
1500 2577 1685 2621 videtur.
1718 2579 1898 2632 siquem
1923 2579 2013 2620 Ce—

1156 2648 1358 2701 phalum,
1392 2644 1558 2687 dictum
1578 2659 1660 2700 pro
1688 2658 2015 2699 quemcumque

1162 2713 1374 2768 juvenem
1392 2712 1577 2765 Cephalo
1592 2709 1794 2763 similem,
1807 2707 2014 2765 quemad·

1163 2775 1350 2819 modum
1372 2784 1490 2818 recte
1511 2774 1691 2831 explicat
1711 2775 1895 2816 Marius.
1914 2774 1966 2816 B.

1217 2843 1284 2896 41.
1304 2843 1488 2883 Plectar.
1510 2839 1690 2896 Legitur
1704 2839 1836 2881 etiam
1849 2842 2021 2893 plector

1162 2907 1209 2950 in
1230 2905 1557 2962 exemplaribus.
1581 2903 1712 2946 MAR.
1727 2906 1905 2947 Pleclar
1915 2920 2014 2947 me·-

1162 2972 1303 3014 liores.
1327 2971 1495 3013 HEINS.

1217 3035 1282 3088 43.
1325 3035 1514 3089 Adspice
1543 3048 1646 3090 quos
1664 3049 1844 3077 somnos.
1867 3033 1984 3090 Lege
1999 3065 2012 3086 ‚

1162 3104 1281 3156 quot,
1306 3114 1356 3140 ex
1369 3098 1536 3155 scriptis
1554 3115 1565 3150 ;
1588 3098 1663 3141 sed
1679 3098 1791 3141 male
1808 3096 2014 3154 quidem;

1163 3171 1207 3205 et
1216 3178 1316 3205 mox
1325 3178 1427 3205 cum
1436 3161 1605 3217 iisdem,
1617 3179 1745 3219 neque
1753 3161 2014 3217 illlusforma

1162 3231 1348 3270 secunda
1358 3234 1440 3270 tua·
1455 3244 1467 3270 .·
1480 3244 1573 3270 non
1586 3233 1660 3270 lua
1673 3234 1751 3270 est.
1763 3229 1964 3282 Propert.
1976 3239 2011 3279 1,

1162 3293 1284 3350 Eleg.
1307 3308 1344 3336 11
1359 3327 1372 3349 ‚
1396 3312 1422 3354 9
1439 3312 1457 3346 ;-
1482 3303 1530 3336 ut
1548 3293 1830 3337 scribendum
1852 3307 1862 3334 ε

1161 3365 1307 3405 Adspice
1320 3372 1400 3406 quot
1411 3366 1581 3395 submittat
1591 3364 1712 3394 humus
1722 3363 1862 3395 fiirmosa
1873 3363 2009 3394 colores.

1218 3428 1283 3479 44.
1303 3428 1444 3482 Neque
1459 3427 1725 3482 illt'usfotma
1738 3425 1924 3469 secunda
1937 3428 2011 3465 lua
