2268 3776
334 301 435 378 174
785 307 848 357 P.
902 307 1197 362 ov1n11
1243 307 1628 366 NASONIS

400 416 465 473 In
494 411 731 495 liquidas
761 416 1011 476 nondum
1043 441 1177 500 quas
1207 443 1361 479 mora
1390 421 1553 480 vertit
1583 446 1768 504 aquaS.
1815 476 1818 477 γ

319 510 650 583 Candidior,
678 511 831 592 quod
859 511 1036 573 adhuc
1068 516 1279 595 spumis
1308 516 1672 578 stridentibus
1701 519 1874 592 albet,

396 611 472 667 Et
499 607 666 667 modo
698 608 976 682 siccatam,
1002 609 1165 682 lacte,
1190 611 1456 695 relinquit
1485 639 1658 675 ovem.

314 707 531 765 Taurus
560 719 674 764 erat
702 729 883 766 comes
912 706 1070 778 huic,
1094 706 1326 768 feliciter
1353 709 1444 770 ille
1475 712 1737 784 maritus;

398 802 648 884 Cumque
679 826 777 862 sua
806 817 1046 863 teneram
1078 804 1310 886 conjuge
1336 807 1539 887 pressit
1567 808 1814 869 humum.

314 899 464 958 Dum
485 898 649 979 jacet,
678 914 733 959 et
759 898 903 959 lente
930 916 1208 961 revocatas
1238 903 1482 963 ruminat
1506 904 1706 966 herbas
1722 954 1736 978 ,

391 997 578 1078 Atque
609 996 809 1057 iterum
838 1013 998 1079 pasto
1030 999 1276 1080 pascitur
1303 1014 1427 1059 ante
1460 999 1622 1072 cib03

311 1093 480 1152 Visus
511 1106 655 1164 erat,
682 1116 879 1152 somno
903 1093 1044 1154 vires
1075 1094 1377 1166 adimente,
1406 1094 1603 1156 ferenti

396 1189 760 1267 Cornigerum
790 1205 944 1249 terrae
970 1190 1294 1273 deposuisse
1325 1206 1524 1275 caput.'
2044 1227 2097 1254 20

313 1287 439 1345 Huc
466 1285 680 1346 levibus
711 1287 903 1346 cornix
932 1288 1130 1369 pennis
1159 1288 1378 1371 delapsa
1405 1313 1506 1371 per
1536 1313 1693 1350 auras

361 1453 365 1459 .
395 1383 593 1455 Venit,
625 1398 681 1442 et
705 1383 764 1442 in
790 1383 951 1442 viridi
983 1383 1198 1461 garrula
1227 1385 1370 1446 sedit
1400 1385 1572 1446 humo
1597 1411 1610 1459 3

311 1480 529 1562 Terque
557 1480 719 1540 bovis
748 1480 917 1561 niueae
938 1479 1209 1563 petulanti
1239 1497 1464 1564 pectora
1493 1498 1675 1544 rostro

395 1577 594 1650 Fodit,
619 1591 674 1637 et
694 1575 943 1638 albentes
971 1578 1205 1639 abstulit
1231 1604 1324 1641 ore
1343 1580 1525 1662 jubaS.

370 1752 432 1777 12.
450 1738 502 1777 In
518 1736 702 1791 liquidas
721 1737 902 1778 nondum
921 1752 1026 1792 quas
1045 1753 1164 1779 mora

311 1805 438 1843 vertit
449 1817 597 1857 aquas.
612 1800 762 1843 Terris
778 1801 898 1842 enim
910 1801 1161 1858 aliquandiu

311 1872 538 1910 immorata·
566 1866 727 1909 sensim
754 1866 1023 1923 flavescunt,
1062 1878 1164 1912 tan-

315 1935 503 1991 demque
531 1934 739 1993 Zephyro
760 1942 912 1991 putres
927 1967 938 1987 ‚
974 1940 1095 1978 cant}
1112 1939 1164 1979 de

311 2002 521 2042 montibus
538 2003 772 2056 liquuntur,
794 1999 839 2040 in
861 1999 1052 2054 gelidum
1068 2000 1162 2043 hu-

313 2080 487 2107 morem
507 2064 708 2107 resolutae
725 2082 735 2118 ;
758 2065 804 2107 in
826 2064 1010 2121 liquidas
1031 2082 1162 2123 aquas

314 2145 547 2173 conversae.

373 2194 435 2235 13.
460 2195 594 2236 lacte
597 2227 701 2237 ........
721 2196 836 2250 quod
849 2197 988 2237 adhuc
1004 2200 1163 2249 spumis

312 2262 583 2302 stridentibus
605 2263 730 2303 albet.
758 2261 789 2303 J
792 2277 967 2303 uvencae
988 2260 1161 2303 cando-

314 2341 411 2368 rem
443 2325 541 2367 lacti
572 2334 793 2382 comparat
815 2358 827 2380 ‚
859 2325 977 2382 quod
1010 2342 1162 2369 recens

314 2390 532 2433 emulsum
545 2422 556 2443 ,
593 2390 756 2447 spumis
795 2390 949 2434 stridet
975 2394 1164 2434 albenti-

313 2460 402 2499 bus.
426 2479 481 2488 ·—
506 2457 716 2498 Siccatarn
736 2473 848 2499 overn
862 2491 871 2507 ,
899 2457 1133 2500 emulctam
1148 2492 1160 2513 ‚

313 2520 577 2565 exhaustam.
597 2544 652 2552 —
666 2522 941 2565 Stridentr'bus
959 2527 1083 2566 albet.
1104 2523 1158 2566 In

313 2585 472 2628 eodem
497 2585 607 2627 libro
632 2588 918 2629 candentibus.
939 2589 1160 2631 Stre'dentz'-

311 2654 390 2694 bus
407 2652 544 2701 ardet,
571 2649 805 2694 Palatinus.

372 2716 435 2769 14.
460 2716 685 2770 Relinquit.
720 2714 774 2756 In
804 2715 1013 2764 ambobus
1041 2716 1158 2761 libris

313 2779 523 2835 antiquis,
555 2782 736 2834 reliquit,
760 2781 967 2836 praeteriti
985 2790 1159 2839 tempo-

313 2847 371 2890 ris
395 2863 405 2890 :
430 2845 583 2902 placet.
609 2844 740 2890 CloF.

373 2915 437 2955 15.
466 2915 661 2954 Felleiter
684 2915 758 2955 ille
786 2918 971 2956 maritus.
1005 2914 1124 2957 Felix
1142 2947 1154 2969 ,

316 2979 386 3022 cui
411 2979 505 3022 talis
528 2980 688 3035 conjux
712 2979 927 3037 obtigerit.

354 3068 365 3079 .
373 3063 388 3087 1
398 3063 433 3102 7.
443 3046 554 3087 Dum
556 3046 683 3099 jacet
689 3052 732 3087 el
741 3049 849 3088 lente
866 3052 1080 3088 revocatas
1095 3064 1158 3089 ru-

311 3114 447 3153 minat
475 3112 635 3152 herbas.
677 3111 770 3153 Nec
806 3126 859 3153 eo
892 3119 1123 3154 contentus
1141 3145 1153 3166 ‚

315 3189 416 3216 mox
439 3172 559 3215 addit
578 3186 588 3212 t
611 3180 733 3230 atque
753 3180 898 3217 iterum
910 3181 1039 3229 pasto
1053 3192 1154 3230 pas-

313 3241 425 3280 citur
441 3242 539 3278 ante
561 3241 684 3289 cibo5
710 3238 824 3293 quod
847 3248 990 3282 toturn
1014 3248 1077 3282 est
1092 3257 1156 3282 ru·

315 3305 557 3343 mz‘natt'onr's
575 3302 818 3345 artificium.
836 3303 923 3346 Sed
944 3321 1074 3360 quam
1090 3320 1156 3347 or-

313 3375 415 3408 nate
432 3399 443 3421 ,
467 3383 599 3423 quam
616 3368 782 3423 poetice
807 3370 954 3411 omnia
974 3369 1066 3413 haec
1081 3386 1156 3413 ex-

313 3433 562 3487 ponuntur!
585 3435 832 3477 Ruminatio
850 3443 996 3478 autem
1012 3467 1024 3489 ,
1046 3444 1152 3479 teste

1243 1737 1399 1781 Servio
1415 1770 1427 1793 ‚
1453 1738 1508 1782 ad
1530 1739 1620 1783 Ecl.
1644 1753 1714 1792 vl,
1739 1741 1817 1795 54,
1850 1739 1962 1784 dicta
1981 1748 2045 1783 est
2068 1756 2093 1782 a

1245 1820 1363 1845 ruma
1375 1838 1386 1856 ,
1408 1805 1632 1848 eminente
1649 1806 1834 1862 gutturis
1850 1814 1971 1861 parte
1983 1838 1995 1860 ,
2015 1821 2095 1861 per

1245 1885 1378 1925 quam
1405 1868 1616 1913 demissus
1640 1871 1759 1914 cibus
1780 1887 1803 1913 a
1821 1871 1948 1914 certis
1967 1887 2093 1914 revo-

1245 1941 1368 1977 catur
1387 1935 1655 1980 animalibus.
1670 1954 1693 1973 »

1305 2017 1366 2059 19.
1387 2002 1538 2043 Somno
1560 2005 1669 2045 vires
1693 2004 1900 2045 adimente
1910 2002 2093 2057 ferendi.

1243 2066 1414 2107 Ferenti
1429 2066 1679 2109 Puteaneus
1693 2099 1705 2120 ‚
1734 2066 2061 2109 Arundelianus
2079 2102 2091 2122 ‚

1243 2138 1288 2172 et
1316 2146 1430 2173 unus
1451 2131 1618 2173 Moreti
1648 2131 1830 2186 scilicet,
1861 2138 1986 2175 terroe.
2020 2133 2094 2176 Sic

1245 2193 1410 2237 Statius
1425 2227 1437 2249 ,
1463 2208 1501 2237 11
1516 2227 1528 2249 ,
1549 2193 1690 2238 Theb.
1717 2196 1792 2252 178
1813 2208 1822 2235 :
1848 2198 2094 2252 Quantaque

1230 2258 1437 2314 fi’rentern
1448 2261 1673 2302 Fortunam
1683 2264 1833 2302 virtute
1839 2263 1985 2303 domas
1997 2261 2008 2303 Ι
2025 2261 2092 2303 Ita

1244 2324 1482 2379 e‘tserentes
1499 2331 1619 2368 venti
1637 2327 1776 2383 poetis
1795 2340 1805 2366 ι
1822 2328 1903 2371 suit
1923 2344 2060 2384 quum
2078 2362 2090 2384 ,

1244 2393 1400 2433 virenti
1413 2395 1526 2433 terroe
1542 2391 1822 2434 scribendum
1839 2409 2090 2446 censerem3

1246 2454 1365 2511 quod
1388 2455 1622 2499 confirmat
1641 2457 1950 2501 Mentelianus.
1976 2459 2037 2501 H.

1296 2536 1362 2561 20.
1386 2522 1650 2576 Cornigerum
1667 2527 1793 2565 terroe.
1820 2524 1946 2564 Terra
1959 2556 1970 2574 ,
1998 2523 2093 2566 Pu-

1239 2592 1421 2630 teaneus
1445 2593 1489 2628 et
1508 2586 1847 2631 Arundelianus.
1868 2588 2005 2630 IDEM.

1294 2651 1362 2692 23.
1388 2653 1544 2706 Terque
1565 2655 1692 2694 bovis.
1714 2652 1768 2694 In
1793 2669 1884 2695 uno
1908 2669 2088 2696 eorum-

1240 2714 1343 2756 dem
1359 2748 1371 2770 ,
1394 2721 1518 2770 atque
1536 2719 1653 2758 bovis
1670 2729 1683 2755 .’
1707 2717 1872 2772 verius,
1896 2726 1944 2760 ut
1966 2727 2087 2774 puto.

1243 2777 1374 2821 CIOF.
1405 2803 1461 2811 —
1484 2781 1705 2822 Petulanti
1729 2788 1873 2824 rostro.
1904 2782 2089 2828 Adludit

1238 2844 1420 2887 sortasse
1443 2843 1494 2887 ad
1516 2845 1711 2902 linguam
1731 2863 1961 2903 procacem
1978 2882 1990 2903 ,
2008 2867 2089 2905 pe-

1238 2914 1438 2954 tulantem
1457 2912 1566 2955 lenae
1582 2946 1594 2964 ,
1624 2913 1678 2955 de
1701 2930 1785 2969 qua
1810 2915 1938 2971 paulo
1962 2926 2084 2973 post,

1237 2978 1284 3020 in
1304 2979 1463 3021 somnii
1484 2979 1862 3036 interpretatione.

1294 3046 1357 3099 24.
1377 3047 1506 3087 Fodit
1523 3052 1567 3087 et
1583 3050 1782 3090 albentes.
1803 3050 1954 3099 Caedz't,
1974 3049 2084 3106 frag-

1237 3118 1440 3152 mentum
1468 3112 1729 3154 Patavinum
1745 3145 1756 3167 ,
1795 3113 1912 3169 quod
1933 3115 2083 3171 placet.

1237 3172 1535 3219 Scriverianus
1550 3208 1562 3230 ,
1589 3179 1732 3220 Radit.
1777 3179 1820 3220 T
1812 3182 1963 3223 undere
1982 3179 2087 3222 dixit

1241 3238 1398 3282 Cicero
1416 3241 1586 3284 Arateis
1606 3275 1618 3297 ,
1649 3258 1753 3285 220:

1237 3315 1426 3345 Extremum
1441 3316 1545 3347 nitens
1561 3318 1705 3357 plumato
1717 3328 1851 3359 corpore
1865 3329 1982 3349 corvus

1894 3380 2016 3409 Eunu.

1237 3460 1289 3469 --
1335 3439 1416 3483 Ore
1440 3439 1589 3494 jubas.
1624 3440 1677 3483 In
1710 3456 1799 3484 uno
1829 3441 2041 3485 Vaticano
2064 3474 2075 3495 ‚

1235 3375 1355 3407 Rostro
1370 3376 1497 3415 tundit,
1514 3383 1544 3406 et
1556 3377 1609 3407 hic
1628 3385 1690 3408 etc.
