2268 3776
260 278 366 350 398

721 278 784 329 P.
838 277 1133 332 OVIDII
1181 277 1568 337 NASONIS

256 394 552 476 Principiis
585 393 746 453 obsta
770 418 782 453 :
808 417 930 454 sero
960 394 1229 455 medicina
1254 411 1509 478 paratur,

338 492 529 570 Quum
557 487 699 548 mala
724 513 825 572 per
850 489 1045 569 longas
1071 491 1397 553 convaluere
1425 517 1625 553 moras.

256 588 367 648 Sed
395 609 662 668 propera;
690 609 794 646 nec
823 601 877 647 te
907 602 1163 663 venturas
1195 587 1357 650 differ
1383 591 1442 650 in
1472 591 1658 651 horas.

337 685 456 765 Qui
483 708 601 744 non
631 699 714 744 est
742 683 911 745 hodie
929 732 944 757 ‚
975 709 1093 744 cras
1121 685 1305 746 minus
1335 676 1499 769 aptus
1529 689 1649 748 erit.

253 785 440 844 Verba
466 782 559 842 dat
589 782 769 842 omnis
796 806 978 855 amor,
1002 783 1316 866 reperitque
1340 784 1597 847 alimenta
1622 788 1910 849 morando.
1981 809 2037 865 95

338 880 569 963 Optima
595 878 850 939 vindictae
878 881 1133 962 proxima
1163 883 1393 964 quaeque
1426 882 1559 943 dies.

254 978 507 1040 Flumina
537 1001 711 1059 pauca
739 977 890 1038 vides
922 977 988 1038 de
1018 977 1235 1055 magnis
1264 977 1522 1038 fontibus
1553 994 1673 1039 orta
1700 1005 1712 1040 ε

334 1074 583 1135 Plurima
613 1072 857 1135 collectis
886 1072 1334 1157 multiplicantur
1363 1076 1539 1157 aquis.
1861 1107 1872 1146 ³-

254 1173 314 1233 Si
345 1172 455 1232 cito
487 1171 750 1231 sensisses
770 1218 784 1243 ,
818 1182 1090 1254 quantum
1119 1193 1345 1255 peccare
1375 1196 1628 1255 parareS‚

329 1270 460 1329 Non
489 1283 698 1347 tegeres
726 1268 913 1328 vultus
942 1270 1145 1329 cortice
1165 1317 1180 1342 ‚
1212 1270 1469 1352 Myrrha,
1506 1284 1654 1329 tuos.

1958 1302 2034 1330 100

249 1366 382 1426 Vidi
408 1390 541 1445 eg0,
567 1363 721 1448 quod
751 1365 932 1447 primo
961 1364 1141 1426 fuerat
1169 1364 1415 1426 sanabile
1435 1413 1450 1439 ‚
1480 1365 1683 1426 vulnus

330 1468 582 1529 Dilatum
611 1468 793 1546 longae
822 1467 1021 1527 damna
1051 1467 1243 1528 tulisse
1272 1491 1455 1528 morae.

250 1573 390 1645 Sed‚·
416 1571 545 1655 quia
575 1570 809 1631 delectat
837 1570 1070 1632 Veneris
1099 1571 1390 1654 decerpere
1420 1570 1612 1642 flores,

254 1687 269 1697 “
330 1675 583 1735 Dicimus
609 1672 839 1733 adsidue
865 1699 879 1733 z
910 1674 1044 1735 Cras
1078 1698 1303 1757 quoque
1329 1674 1426 1735 fiet
1452 1674 1616 1735 idem.

248 1865 314 1899 est
337 1854 544 1907 dubium3
569 1852 646 1896 sed
673 1856 798 1896 arbor
811 1860 913 1896 acta
944 1857 1104 1896 viribus

247 1929 292 1966 in
309 1927 569 1975 immensum,
589 1937 644 1964 an
664 1928 781 1963 recte
804 1919 917 1963 dicat
974 1955 985 1971 ‚
1006 1936 1104 1977 pro-

248 1988 446 2032 bandum
464 1995 569 2030 erat.
589 1986 691 2028 Vid.
711 1986 801 2039 IV,
878 1994 934 2029 et.
952 1986 1047 2045 659.

303 2071 370 2112 92.
382 2054 608 2095 Inoaluere.
627 2052 878 2092 convaluere
889 2050 986 2092 libri
1002 2059 1102 2093 tres.

254 2118 412 2162 Cicero
438 2133 448 2159 :
469 2133 521 2159 ne
532 2120 603 2165 ,rei
622 2118 851 2158 crudelitas
868 2122 1106 2169 experrecta

244 2190 289 2228 in
310 2199 395 2232 me,
421 2185 464 2224 in
485 2196 561 2222 vos
580 2179 861 2222 convalescat.
888 2179 988 2222 Hoc
1010 2189 1099 2234 est,

246 2250 359 2293 vires
380 2256 425 2290 et
447 2246 583 2288 robur
602 2244 814 2287 adsumat.
843 2242 971 2286 Idem
994 2259 1004 2286 :
1025 2249 1102 2286 im-

239 2330 353 2371 pune
366 2315 429 2356 ad
444 2314 624 2375 omniuln
634 2313 860 2364 perniciem
881 2309 1102 2352 convales-

248 2388 330 2424 cet.
348 2380 530 2422 BERSM.
550 2377 767 2418 [maluere
783 2373 911 2416 multi
927 2374 1098 2431 scripti,

249 2455 294 2488 et
317 2445 401 2487 hoc
420 2443 575 2486 Douza
595 2451 640 2484 et
660 2441 817 2484 Franc.
841 2441 1098 2497 probabant.
1122 2450 1125 2451 ’

300 2510 366 2569 93.
382 2510 471 2552 Nec
489 2513 529 2549 te
543 2512 738 2549 venturas
754 2505 887 2560 dff’r
897 2509 941 2547 in
960 2507 1099 2546 horas.

247 2575 397 2631 Profer
425 2575 677 2616 Puteaneus
709 2571 933 2628 optimus:
968 2571 1099 2628 longe

250 2641 503 2699 elegantius.
528 2640 602 2683 Sic
630 2648 675 2682 et
704 2639 819 2681 infra
842 2638 957 2695 apud
984 2640 1101 2682 Nos-

248 2705 369 2749 trum
388 2739 399 2761 ,
420 2705 501 2760 642
515 2737 526 2759 ,
546 2703 750 2746 meliores
770 2703 1038 2746 membranae
1063 2714 1074 2741 ε

247 2783 334 2822 Nec,
346 2782 375 2812 si
387 2781 468 2812 scire
483 2781 586 2818 voles,
594 2779 676 2821 quid
689 2784 761 2819 agat
771 2785 879 2808 tamen
893 2778 948 2808 issa
958 2777 1099 2817 rogabis.

289 2843 402 2880 Profer
414 2853 422 2874 ε
437 2842 500 2872 erit
516 2842 607 2872 lucro
620 2840 730 2880 lingua
743 2845 867 2870 retenta
879 2849 949 2870 suo.

248 2903 381 2962 Apud
402 2903 583 2946 Terent.
601 2935 612 2957 ,
640 2900 811 2944 Andria
833 2900 879 2944 II
896 2933 908 2955 ,
931 2914 948 2942 1
965 2934 977 2956 ‚
1013 2917 1067 2959 29
1087 2917 1098 2943 z

249 2975 399 3013 sallem
414 2973 585 3025 aliquot,
603 2971 694 3011 dies
698 2966 865 3022 profer:
879 2965 995 3022 quod
1011 2964 1101 3007 Do-

250 3044 377 3078 natus
396 3034 713 3090 interpretatur
729 3065 740 3086 ,
752 3034 933 3086 produc,
959 3030 1099 3085 dl‘sfi’r.

252 3100 374 3143 Hinc
391 3114 457 3142 res
465 3101 665 3152 prolala7·
691 3097 766 3153 qui
785 3095 994 3152 loquendi
1010 3111 1100 3137 mo-

251 3165 331 3209 dus
353 3164 540 3207 occurrit
557 3163 934 3219 frequentissimus
951 3194 962 3216 ‚
985 3161 1100 3217 apud

250 3229 436 3286 optimos
457 3227 702 3270 Latinitatis
725 3236 936 3270 auctores.

303 3295 370 3352 95.
397 3294 544 3335 Omnis
562 3308 690 3334 amor.
711 3292 877 3334 Amans
896 3292 987 3333 sere
1009 3305 1100 3331 om-

248 3374 327 3400 nes
350 3358 495 3414 scripti
515 3366 560 3399 et
589 3356 695 3399 editi
715 3356 822 3398 olim
846 3374 857 3408 ;
883 3355 959 3399 sed
984 3372 1105 3397 amor

251 3423 390 3466 Aldus
404 3457 416 3478 ‚
449 3424 656 3467 Heinsius
676 3432 720 3467 et
736 3422 804 3465 alii
819 3429 1096 3478 receperunt.

1185 1856 1431 1911 Bectjoilque
1445 1858 1657 1905 ah‘menta,
1681 1853 1870 1897 San-avii
1889 1852 2036 1897 codex.

1240 1935 1307 1977 97.
1324 1921 1520 1962 Flumina
1535 1935 1691 1974 magna
1705 1921 1824 1963 vides
1829 1923 1974 1974 parvis
1989 1922 2039 1960 de

1174 1982 1374 2037 fontibus
1393 1990 1497 2027 orla.
1520 1983 1593 2027 Sic
1612 1983 1842 2037 nonnulli;
1867 1983 1942 2027 sed
1961 1983 2038 2026 ha-

1184 2048 1259 2090 bet
1281 2047 1443 2091 Aldina
1465 2048 1592 2092 lectio
1615 2064 1624 2091 :

1183 2117 1337 2148 Flumina
1344 2128 1461 2159 pauca
1481 2117 1573 2148 vides
1591 2117 1716 2158 magnis
1731 2117 1772 2148 de
1793 2116 1939 2157 fontibus
1954 2123 2035 2148 orta.

1187 2178 1325 2233 Quod
1347 2187 1410 2221 est
1432 2191 1442 2218 ε
1468 2178 1674 2221 Flumina
1696 2195 1788 2220 non
1811 2178 1958 2221 statim
1983 2179 2035 2222 ab

1183 2251 1283 2286 ortu
1295 2258 1374 2285 suo
1387 2258 1546 2299 magna
1557 2251 1675 2294 sunt;
1689 2242 1764 2285 sed
1775 2242 2035 2298 plerumque

1183 2318 1403 2367 augentur
1422 2309 1469 2352 in
1490 2325 1621 2352 cursu
1637 2342 1648 2363 ‚
1671 2309 1794 2364 aquis
1811 2308 2036 2352 undecun-

1183 2390 1267 2431 que
1292 2375 1490 2431 acceptis.
1519 2373 1637 2430 Quae
1655 2373 1785 2417 lectio
1805 2373 1962 2416 melior
1977 2375 2034 2417 vi-

1182 2439 1315 2495 detur
1328 2472 1339 2494 ,
1364 2455 1417 2482 eo
1446 2439 1566 2496 quod
1595 2439 1793 2495 sequitur
1805 2471 1817 2493 ‚
1847 2441 2035 2481 Plurima

1181 2508 1369 2547 collecltlr
1384 2512 1466 2547 etc.
1490 2505 1672 2548 Habent
1692 2506 1812 2547 enim
1830 2503 2034 2547 collatio-

1180 2585 1287 2612 nem
1304 2570 1422 2613 inter
1441 2586 1485 2612 se
1500 2602 1512 2624 ,
1531 2586 1674 2624 pauca
1694 2578 1738 2613 et
1750 2572 1947 2624 plurima.
1964 2569 2031 2612 M.

1237 2653 1303 2696 99.
1322 2638 1724 2690 Quanlumpeccare.
1735 2636 1868 2679 Forte
1882 2669 1892 2689 ,
1907 2652 2032 2691 quam

1182 2706 1227 2743 lu
1238 2717 1428 2756 peccare.
1462 2701 1630 2744 HEINS.
1658 2704 1840 2744 Peccare
1856 2699 1927 2743 hic
1949 2716 2030 2756 pro

1182 2776 1359 2824 peccato
1376 2768 1581 2823 ponitur:
1602 2767 1661 2810 ita
1679 2771 1814 2822 tJnsum
1832 2782 1975 2809 amare
1991 2773 2032 2809 le

1174 2836 1330 2887 pudet,
1358 2832 1517 2887 Quint.
1542 2831 1664 2874 Decl.
1686 2845 1772 2886 xv,
1797 2848 1837 2890 9.
1865 2830 2029 2873 BURM.

1241 2914 1257 2938 1
1265 2898 1331 2939 03.
1358 2899 1405 2939 V
1395 2899 1529 2939 euenit
1536 2900 1746 2951 decerpere
1747 2898 1891 2951 flores.
1901 2898 2032 2938 Fruc-

1181 2969 1266 3004 tum
1291 2963 1431 3018 prima
1468 2960 1603 3004 editio
1632 2977 1736 3006 cum
1772 2962 2000 3004 Puteaneo
2016 2995 2029 3015 ‚

1184 3026 1325 3083 Regio
1341 3035 1385 3069 et
1402 3034 1590 3082 quatuor
1608 3026 1719 3078 aliis3
1741 3026 1894 3081 multi,
1907 3026 2032 3081 fruc-

1182 3096 1250 3133 tus
1270 3091 1338 3134 vel
1344 3094 1493 3148 florem
1512 3104 1525 3130 .’
1546 3106 1703 3147 parum
1719 3091 1865 3133 refert.
1887 3090 2004 3145 Puto
2016 3123 2028 3145 ,

1174 3173 1421 3211 praecerpere
1441 3172 1531 3198 esse
1553 3154 1833 3199 scribendum
1851 3173 1861 3207 3
1887 3155 2031 3197 nimi-

1182 3239 1283 3265 rum
1293 3232 1529 3279 antequam
1539 3221 1788 3265 desinamus
1798 3237 1959 3264 amare.
1970 3221 2029 3264 H.

1244 3290 1333 3341 104.
1358 3290 1463 3330 Cras
1478 3291 1721 3345 quoquefiet
1734 3290 1855 3330 idem.
1870 3287 2027 3329 Trans-

1181 3354 1281 3396 tulit
1293 3353 1466 3396 Persius
1479 3352 1570 3395 haec
1587 3352 1849 3404 Nasoniana‚
1870 3349 1923 3392 ad
1937 3365 2027 3391 ver—

1180 3420 1288 3463 bum
1309 3419 1428 3474 fere,
1453 3418 1542 3461 Sat.
1563 3432 1620 3473 v,
1648 3418 1727 3472 64,
1744 3432 1837 3472 sqq.
1859 3432 1867 3457 z
