2268 3776
311 261 410 312 128

767 258 830 312 P.
890 255 1187 315 OVIDII
1233 259 1609 318 NASONIS

384 375 674 434 Sternatur
699 398 901 456 pugnae
930 376 1103 436 tristis
1133 401 1293 437 arena
1324 379 1463 438 tuae?

305 469 363 529 Si
393 492 514 529 mos
543 468 784 551 antiquis
812 469 1110 552 placuisset
1136 474 1409 534 matribus
1440 474 1585 534 idem
1605 521 1620 548 ‚

387 566 536 625 Gens
566 564 859 625 hominum
889 566 1025 626 vitio
1057 568 1370 649 deperitura
1392 570 1498 630 suit
1524 595 1536 629 :
1981 574 1986 578 ’
2037 600 2086 628 ιο

306 665 532 747 Quique
563 664 762 724 iterum
797 666 1010 742 generis
1038 665 1239 745 jaceret
1267 667 1571 749 primordia
1597 666 1778 727 nostri

383 763 452 821 In
482 785 654 820 vacuo
686 761 898 843 lapides
929 762 1095 833 orbe,
1124 761 1404 844 parandus
1432 778 1562 823 erat.

304 859 448 939 Quis
479 858 684 918 Priami
713 857 967 936 fregisset
996 881 1153 940 opeS,
1188 859 1234 918 si
1262 881 1467 917 numen
1491 882 1757 941 aquarum

382 955 545 1013 Justa
573 968 880 1013 recusa-sset
908 953 1158 1036 pondera
1185 953 1325 1013 ferre
1355 951 1590 1014 Thetis?

301 1051 403 1113 Ilia
432 1051 480 1111 si
511 1050 727 1110 tumido
759 1050 1007 1129 geminos
1035 1050 1094 1109 in
1118 1065 1305 1111 ventre
1335 1065 1585 1111 necasset
1604 1098 1619 1124 ‚
2042 1068 2090 1109 15

383 1149 628 1209 Casurus
657 1147 896 1207 dominae
927 1146 1189 1207 conditor
1214 1148 1374 1208 urbis
1402 1164 1535 1209 erat.

299 1247 360 1307 Si
389 1248 581 1307 Venus
613 1246 827 1306 AEnean
861 1242 1083 1322 gravida
1113 1259 1430 1305 temerasset
1455 1246 1515 1305 in
1545 1243 1694 1319 alm,

384 1341 695 1403 Caesaribus
724 1340 888 1426 tellus
920 1341 1059 1400 orba
1088 1341 1276 1401 futura
1303 1341 1426 1401 fuit.

300 1442 390 1501 Tu
421 1462 675 1522 quoque,
713 1462 884 1520 quum
915 1461 1109 1520 posses
1138 1437 1290 1497 nasci
1318 1436 1589 1510 formosa,
1619 1437 1885 1520 perisses;

381 1544 698 1614 Tentasset,
731 1539 882 1623 quod
915 1555 1002 1613 tu,
1038 1540 1085 1600 si
1113 1554 1207 1623 tua
1238 1541 1413 1600 m'ater
1443 1563 1601 1623 opus.
2039 1571 2092 1599 20

304 1650 432 1731 Ipse
463 1670 598 1726 eg0‚
634 1668 806 1728 quum
839 1643 1039 1704 fuerim
1068 1643 1264 1705 melius
1297 1644 1577 1728 periturus
1602 1643 1869 1716 amand0‚

359 1829 397 1870 8.
433 1828 651 1870 Sternatur
666 1841 818 1880 pugna!
852 1832 932 1867 etc.
967 1826 1161 1879 Pugnam

303 1900 422 1936 recte
443 1892 536 1947 jam
563 1890 756 1944 vocavit,
795 1888 956 1945 Elegiae
977 1888 1162 1945 praeced.

304 1957 462 1999 ultimo
476 1971 620 2008 versu,
637 1954 893 2011 sacrilegum
912 1953 995 1996 hoc
1017 1961 1161 1996 tenta-

304 2038 412 2064 men
433 2029 478 2064 et
499 2029 653 2063 contra
672 2027 878 2063 naturam
893 2051 905 2073 ‚
934 2034 1030 2074 quae
1052 2027 1162 2061 ten-

305 2088 417 2131 tanti
436 2092 663 2142 repugnat,
702 2085 859 2129 obnixa
875 2100 969 2126 non
992 2083 1161 2126 cedere.

309 2153 556 2197 Continuat
573 2151 896 2208 metaphoram,
916 2160 960 2193 et
981 2166 1162 2193 arenam

307 2218 452 2273 addit,
466 2234 551 2274 qua
565 2216 941 2274 amphitheatrum
963 2231 1164 2272 consper-

308 2286 490 2344 gebatur
504 2318 516 2340 ,
550 2300 607 2327 ne
631 2284 874 2327 occisorum
895 2297 1052 2326 cruore
1071 2297 1163 2338 pu-

309 2358 492 2408 gnantes
512 2358 813 2406 turparentur,
836 2357 911 2391 aut
931 2348 1163 2403 cruoripse

308 2417 543 2467 horrorem
563 2416 857 2473 spectantibus
878 2415 1109 2458 incuteret.

369 2498 432 2525 10.
451 2484 569 2524 Gens
584 2484 794 2524 hominum
813 2485 919 2524 vilio
933 2482 1167 2535 deperitura

298 2546 407 2602 fuit.
426 2544 578 2588 Barth.
601 2544 784 2587 Advers.
802 2559 846 2599 x,
871 2557 1027 2587 xxvn:
1048 2545 1167 2586 Gens

310 2613 520 2654 bominum
541 2614 637 2652 vitae
647 2613 916 2664 proeperitura
924 2609 1044 2663 foret
1060 2624 1072 2650 .’
1095 2623 1167 2649 ar—

314 2673 741 2732 gute,mehercules!
764 2672 916 2715 dubito
938 2681 1087 2714 tamen
1109 2687 1165 2712 an

310 2757 428 2784 vere.
449 2741 580 2784 Meus
604 2738 871 2782 Chartaceus
887 2771 899 2793 ‚
922 2743 1021 2780 vino
1042 2739 1167 2791 depe-

311 2811 446 2850 ritura
473 2822 486 2849 :
517 2805 626 2848 alter
646 2804 814 2859 Moreti
831 2836 842 2858 ,
876 2819 959 2845 non
980 2806 1168 2857 peritura

303 2872 448 2928 foret:
466 2870 572 2913 latet
592 2868 752 2926 aliquid
776 2885 786 2912 ε
807 2869 919 2911 sorte
938 2900 949 2922 ,
967 2882 1072 2922 gens
1086 2869 1168 2908 bu-

314 2952 443 2979 mana
462 2938 599 2978 simul.
632 2935 801 2978 HEINS.
824 2931 1030 2975 Barthius
1050 2946 1166 2974 con-

315 3002 531 3057 jecturam
551 3000 670 3042 illam
690 3014 815 3042 suam
837 2996 1048 3040 adstruxit
1071 2995 1166 3038 loco

317 3066 473 3109 AEneae
497 3065 639 3108 Gazaei
653 3099 664 3119 ,
695 3080 790 3121 pag.
811 3065 864 3106 28
878 3095 889 3117 ,
915 3077 1046 3118 quem
1068 3061 1168 3103 licet

318 3130 446 3174 adeas
462 3130 560 3174 :sed
575 3133 754 3185 deperire
765 3137 936 3171 rectum
954 3135 1041 3177 est;
1062 3142 1168 3168 nam

317 3205 443 3239 notat
463 3195 635 3252 penitus
653 3194 811 3252 perire.
826 3194 919 3236 Lib.
935 3207 969 3247 1,
987 3192 1052 3234 El.
1066 3191 1166 3234 ult:

319 3271 410 3310 Ergo
426 3281 530 3312 quum
544 3269 649 3300 silices
663 3292 673 3308 ‚
691 3280 793 3310 quum
808 3269 886 3298 dens
903 3268 1054 3309 patientis
1071 3265 1168 3297 aratri

359 3335 554 3376 Depereant
569 3344 637 3364 mvo
652 3355 662 3370 ,
689 3332 832 3362 carmina
846 3338 948 3362 morte
961 3337 1082 3361 carent.

381 3413 442 3439 11.
478 3397 634 3451 Quique
652 3399 796 3438 ilerum
817 3403 896 3439 etc.
926 3390 1169 3438 Deucalion

1243 1825 1364 1868 alter.
1399 1825 1515 1870 Nota
1548 1825 1704 1868 sabula.
1736 1827 1789 1867 In
1829 1841 1965 1868 vacuo
1986 1828 2093 1868 orbe.

1243 1890 1317 1934 Sic,
1332 1890 1463 1933 Maro
1475 1923 1486 1945 ,
1510 1889 1564 1933 de
1582 1890 1741 1933 eodem
1760 1907 1770 1941 ;
1788 1889 1999 1947 Georg.1‚
2015 1890 2093 1933 62:

1589 1966 1664 2006 Quo
1677 1972 1821 2006 tempore
1835 1966 1979 2006 primum

1241 2027 1422 2059 Deucalion
1438 2037 1582 2058 vacuum
1598 2026 1721 2067 lapides
1731 2027 1874 2067 jactavit
1885 2026 1918 2057 in
1931 2026 2054 2058 orbem.

1304 2088 1365 2130 13.
1390 2090 1495 2142 Quis
1509 2090 1764 2130 Priamietc.
1780 2087 1810 2129 J
1814 2096 1910 2130 usto
1924 2087 2096 2144 longius

1243 2153 1507 2196 immoratur
1543 2161 1673 2208 poeta
1713 2151 1758 2193 in
1795 2152 2095 2208 exemplorum

1244 2217 1571 2261 coacervatione
1590 2250 1602 2270 ,
1645 2224 1694 2258 ut
1715 2217 1871 2272 probet
1893 2217 2007 2273 quod
2032 2226 2099 2260 tot

1246 2283 1514 2340 argumentis
1529 2290 1645 2325 certe
1661 2298 1755 2324 non
1778 2291 1871 2325 erat
1891 2298 2098 2338 compro-

1245 2347 1455 2392 bandum.
1490 2347 1605 2403 Quis
1638 2347 1759 2390 enim
1781 2347 1950 2390 dubitet
1971 2348 2097 2404 peri-

1246 2423 1397 2458 turum
1436 2413 1600 2456 human
1609 2429 1685 2455 um
1725 2428 1862 2470 genus
1886 2445 1897 2466 ‚
1935 2412 1969 2456 si
2007 2428 2098 2455 uno

1247 2479 1506 2536 eodemque.
1521 2494 1737 2521 consensu
1759 2486 1922 2521 matres
1943 2494 2097 2522 omnes

1246 2547 1374 2589 soetus
1396 2545 1440 2588 in
1463 2553 1591 2587 utero
1613 2553 1826 2587 necarent
1848 2543 1868 2586 ?

1309 2612 1371 2664 14.
1404 2612 1536 2652 Justa
1547 2612 1750 2664 pondera.
1780 2608 1896 2663 Quae
1925 2616 2098 2663 tempus

1247 2675 1370 2717 soetui
1390 2674 1656 2716 destinatum
1670 2673 1870 2728 implent;
1888 2688 1983 2728 quae
2005 2688 2096 2714 non

1247 2738 1551 2794 intempestive
1560 2738 2098 2794 excutiuntur,antequam

1248 2811 1395 2858 partus
1407 2802 1682 2853 sitmaturus;
1694 2810 1738 2845 et
1752 2802 1809 2843 ita
1820 2802 1967 2843 omnia
1970 2803 2100 2856 justa

1248 2876 1483 2922 vocantur,
1509 2883 1605 2923 quae
1634 2883 1845 2909 numeros
1876 2882 1974 2910 suos
2003 2867 2098 2909 im·—

1248 2932 1392 2988 plent;
1411 2941 1460 2974 ut
1473 2934 1719 2974 Juslianni
1735 2947 1763 2974 x
1782 2963 1794 2984 ‚
1816 2932 1999 2973 Metam.
2022 2931 2099 2974 36:

1248 3000 1379 3040 Jusla
1386 3004 1561 3047 statura,
1576 2997 1849 3040 Suet.Tiber.
1860 2997 1925 3038 68.
1936 2996 2099 3039 BURM.

1309 3082 1325 3106 1
1334 3067 1370 3107 5.
1390 3066 1476 3106 Ilia
1487 3068 1532 3106 si
1539 3064 1696 3106 tumido
1705 3067 1893 3117 geminos
1903 3071 1983 3104 etc.
2002 3061 2096 3103 Ro-

1250 3131 1421 3174 mulum
1436 3131 1594 3174 scilicet
1610 3146 1711 3172 cum
1733 3130 1877 3171 Remo
1896 3130 2042 3171 fratre.

1309 3198 1370 3239 18.
1399 3198 1633 3239 Caesaribus
1650 3197 1776 3236 tellus
1794 3202 1873 3236 etc.
1907 3191 2099 3247 Regibus

1251 3262 1467 3318 primum,
1491 3260 1649 3303 deinde
1671 3257 2002 3315 imperatoribus
2023 3271 2100 3297 ro-

1250 3328 1392 3370 manis
1406 3360 1417 3381 ,
1452 3326 1527 3382 qui
1545 3341 1699 3367 omnes
1720 3339 1855 3380 genus
1879 3322 1931 3364 ab
1953 3321 2098 3363 AEnea

1251 3393 1499 3443 ducebant3
1533 3390 1651 3448 quod
1684 3387 1909 3446 splendide
1934 3386 2097 3430 admo-
