2268 3776
521 358 778 415 ARTls
835 355 1071 410 AMAT
1089 354 1306 409 0111AE
1348 356 1507 411 LIB.
1559 358 1678 410 111.
1875 358 1983 431 339

309 481 447 541 Mox
475 477 670 539 cecinit
697 473 883 535 laudes
913 473 1262 557 prosperiore
1292 472 1422 557 lyra.
1933 493 1984 534 50

230 576 289 637 Si
313 562 452 640 bene
481 588 532 634 te
561 571 724 645 novi,
757 568 932 631 cultas
957 594 1026 631 ne
1056 568 1188 630 laede
1214 568 1460 652 puellas;

314 670 499 732 Gratia
518 716 532 742 ‚
563 668 694 729 dum
720 668 895 741 vives,
919 667 1024 727 ista
1053 666 1289 751 petenda
1319 666 1439 726 tibi.

228 767 418 830 Dixit:
444 779 498 827 et
526 789 555 826 e
585 778 762 849 myrto
775 772 800 838 ,'
820 778 997 848 myrto
1020 785 1147 825 nam
1171 762 1353 823 vincta
1382 761 1607 846 capillos

309 863 678 936 Constiterat,
702 861 897 923 folium
927 882 1206 944 granaque
1231 882 1406 944 pauca
1435 860 1601 921 dedit.

205 943 512 1023 'Sensimus
540 959 776 1043 acceptis
804 982 1008 1020 numen
1040 980 1262 1041 quoque
1289 980 1303 1017 τ
1335 957 1529 1040 purior
1556 959 1725 1020 aether
1939 977 1991 1018 55

310 1057 511 1131 Fulsit,
544 1072 598 1118 et
624 1081 651 1118 e
680 1071 801 1117 toto
831 1070 1055 1139 pectore
1085 1051 1250 1115 cessit
1278 1077 1435 1115 onus.

231 1157 381 1217 Dum
409 1154 538 1215 facit
560 1153 842 1232 ingenium
860 1198 875 1225 ,
901 1152 1069 1236 petite
1101 1152 1230 1212 hinc
1260 1166 1555 1235 praecepta,
1587 1153 1781 1235 puellae
1799 1202 1813 1225 ‚

314 1251 468 1331 Quas
495 1249 702 1333 pudor,
733 1263 789 1338 et
816 1248 965 1327 leges
983 1295 999 1322 ,
1033 1262 1087 1309 et
1117 1271 1216 1309 sua
1240 1248 1361 1330 jura
1388 1248 1596 1309 sinunt.

224 1349 490 1409 -Venturae
518 1368 786 1407 memores
811 1346 920 1428 jam
949 1369 1098 1406 nunc
1129 1359 1302 1406 estote
1331 1359 1592 1406 senectae:

195 1450 201 1455 ’
315 1443 406 1504 Sic
435 1441 651 1503 nullum
680 1442 840 1503 vobis
873 1457 1089 1526 tempus
1117 1441 1300 1503 abibit
1326 1441 1489 1502 iners.
1949 1462 2005 1503 συ

236 1623 455 1653 summam
507 1614 778 1650 senectutem
822 1599 1082 1663 pervenisse.

243 1671 500 1717 Catanensis
513 1687 569 1714 ne
585 1670 716 1714 suerit
731 1670 1080 1725 anHimerensis,

240 1738 358 1782 inter
379 1737 606 1794 scriptores
626 1735 888 1792 ambigitur;
908 1735 982 1780 sed
990 1735 1087 1792 suit

241 1809 331 1847 tola
348 1806 392 1847 e'n
415 1804 582 1846 Gracia
597 1817 755 1844 summo
767 1807 937 1856 propter
957 1806 1085 1857 inge—

239 1874 352 1916 m’um
369 1872 519 1913 bonore
535 1869 579 1912 e'l
593 1872 768 1912 nominc.
785 1866 875 1911 Cic.
893 1867 939 1911 in
956 1869 1085 1910 Verr.

241 1938 294 1981 de
311 1933 702 1992 &puin—Laudat
722 1948 894 1990 quoque
907 1932 1086 1976 Aristot.

242 2000 291 2045 in
304 1998 525 2044 Rhetoric.
541 1997 615 2041 ubi
634 1996 881 2054 Apologum
900 1995 1010 2041 illius
1025 1996 1087 2038 in·

245 2064 365 2109 ducit
379 2062 434 2107 de
447 2078 561 2120 equo
582 2061 771 2105 hominis
788 2077 918 2119 opem
940 2061 984 2104 in
1000 2077 1088 2104 cer-

242 2145 348 2174 vum
379 2128 654 2186 implorante.
683 2126 919 2184 Magnifice
949 2125 1002 2168 de
1035 2140 1088 2168 eo

247 2192 436 2251 Quintil.
450 2191 591 2236 Instit.
607 2190 732 2235 Orat.
746 2191 803 2243 X,
828 2208 859 2233 1.
879 2191 1091 2233 Poemata

246 2257 483 2304 Stesichori
500 2272 572 2300 sex
595 2264 639 2299 et
658 2255 810 2313 viginti
831 2254 948 2297 libris
967 2269 1093 2297 com—

246 2324 385 2383 posita
407 2321 584 2366 tradidit
615 2320 783 2364 suidas.
818 2319 1026 2363 Meminit
1046 2327 1091 2362 et

249 2394 432 2450 ᾀσμάτων
447 2388 686 2433 Athenaeus
700 2421 712 2442 ,
730 2401 840 2439 XI113
858 2404 939 2431 nec
955 2388 1093 2430 amori

208 2467 213 2472 ·
248 2453 527 2498 mediocriter
561 2451 760 2495 deditum
789 2451 991 2496 adfirmat
1014 2470 1024 2506 ;
1053 2456 1092 2497 οὐ

249 2526 408 2582 μετρίως
436 2520 616 2582 Epioe-exig.

307 2586 373 2627 51.
402 2584 454 2626 Si
469 2585 569 2626 bene
591 2587 630 2624 le
649 2585 756 2624 novi.
777 2582 939 2625 sibene
957 2588 998 2625 te
1015 2598 1096 2625 mo-

253 2652 332 2693 nui
348 2648 512 2706 Regius
526 2662 618 2690 non
637 2646 748 2689 male
764 2662 774 2690 :
789 2647 898 2690 sorte
915 2680 927 2701 ‚
940 2650 985 2690 s1'
998 2650 1099 2691 bene

253 2731 316 2758 me
328 2716 465 2757 nosti:
481 2711 557 2757 s'ed
571 2720 614 2755 et
626 2715 777 2755 sibene
790 2718 829 2755 te
840 2716 940 2755 novi
948 2712 1098 2769 placet.

253 2777 430 2824 Deinde
453 2783 625 2825 {enecas
651 2777 886 2820 Bernensis
915 2785 959 2820 et
986 2794 1098 2821 unus

247 2843 460 2896 'Heinsii3
489 2848 628 2887 cultas
655 2846 763 2886 mihi
784 2845 908 2887 redde
932 2848 1101 2900 puellas

244 2909 415 2967 ‘Apros
433 2913 570 2953 cultas
581 2926 633 2953 ne
645 2913 741 2953 lude
751 2913 921 2966 puellas
935 2911 1064 2955 More
1069 2911 1102 2956 ti

261 2982 306 3018 et
325 2973 442 3018 alius.
466 2974 629 3018 Bunu.

317 3041 383 3082 52.
414 3041 569 3082 Gratia
583 3073 594 3089 ‚
615 3041 712 3083 dum
738 3043 871 3092 vives,
907 3046 995 3085 ista
1015 3058 1103 3097 pc-

264 3105 390 3145 tenda
415 3105 504 3144 tibi.
539 3103 641 3145 Non
663 3119 686 3145 a
705 3102 799 3147 Diis
813 3136 825 3158 ,
858 3112 906 3147 ut
930 3104 1106 3148 Merula

265 3167 462 3225 exponit;
485 3166 560 3211 sed
576 3184 599 3210 a
614 3169 780 3224 puellis,
797 3178 845 3213 ut
864 3171 916 3213 sit
932 3187 1104 3214 sensus:

269 3233 412 3278 danda
431 3249 561 3291 opera
582 3234 659 3277 tibi
681 3243 744 3278 est
759 3268 770 3288 ,
786 3235 894 3278 dum
911 3235 1040 3290 vivis,
1060 3245 1109 3279 ut

267 3298 380 3343 hanc
394 3299 575 3356 gratiam
596 3314 619 3341 a
636 3299 785 3355 puellis
804 3299 946 3356 ineas,
961 3317 1018 3344 ne
1034 3301 1109 3345 lae-

267 3363 366 3407 sisse
386 3362 580 3406 videaris.
605 3363 776 3407 MICYL.

325 3429 390 3472 53.
418 3430 477 3471 M
463 3435 560 3488 yrlo
578 3446 675 3472 nam
692 3436 844 3474 vincta.
867 3431 989 3474 Nexa
1010 3431 1111 3474 Va-

272 3493 435 3537 ticanus
456 3509 465 3536 t
474 3494 573 3549 jam
591 3510 702 3538 nexa
719 3494 951 3538 Palatinus.
977 3494 1048 3539 Sic
1067 3495 1108 3549 I,

1164 1605 1319 1649 Amor.
1340 1619 1377 1650 11
1393 1637 1404 1659 ,
1429 1605 1481 1648 23
1502 1621 1512 1648 ε
1536 1611 1653 1648 necte
1670 1621 1830 1649 comam
1848 1614 2006 1667 myrto:

1164 1679 1252 1715 tres
1282 1669 1413 1714 etiam
1445 1673 1611 1722 cincla,
1636 1678 1683 1713 ut
1716 1671 1791 1713 ins.
1824 1672 1933 1731 392;
1964 1684 2008 1718 et

1166 1734 1290 1789 alibi,
1309 1734 1382 1778 ubi
1401 1733 1469 1778 hae
1488 1749 1613 1779 voees
1633 1736 1894 1778 commutari
1914 1752 1938 1779 a
1957 1737 2010 1780 li-

1164 1797 1319 1842 brariis
1333 1797 1487 1841 solent.

1223 1867 1288 1920 54.
1321 1867 1486 1907 Folium
1502 1881 1714 1923 granaque
1725 1883 1869 1922 pauca
1886 1871 2012 1911 dede‘l.

1168 1929 1271 1974 Hoc
1295 1945 1346 1972 ex
1381 1929 1563 1973 Hesiodi
1605 1931 1872 1987 imitatione,
1908 1934 1980 1989 qui
1999 1967 2011 1986 ‚

1168 1983 1305 2051 quum
1326 2010 1459 2052 pauca
1480 1998 1530 2037 e'x
1544 1995 1757 2040 Helicone
1779 1997 1877 2040 solia
1897 2015 2012 2042 sum-

1167 2061 1310 2113 sisset,
1338 2076 1389 2102 ex
1408 2068 1577 2117 pastore
1595 2071 1720 2118 poeta
1735 2063 1900 2106 subitus
1916 2080 2016 2107 eva-

1167 2125 1221 2170 sit
1242 2143 1251 2168 :
1271 2130 1407 2172 αὐτίκα
1422 2129 1527 2183 μάλα
1546 2135 1703 2180 ποιητὴς
1718 2131 1753 2172 ἔκ
1766 2134 2017 2185 ποιμένοςκα-

1169 2196 1278 2246 τίς-η.
1307 2192 1483 2236 Luciau.
1508 2193 1637 2237 Rhet.
1662 2196 1871 2253 Praecept.
1902 2197 2015 2241 Vide

1171 2273 1344 2314 quoque
1360 2254 1552 2301 B'roukh.
1570 2258 1621 2301 ad
1639 2259 1799 2303 Tibull.
1812 2260 1875 2317 II,
1893 2261 1958 2306 El.
1975 2277 2017 2306 ν.

1226 2325 1292 2366 53.
1308 2322 1519 2378 δεξιειὶιιιιε
1527 2330 1742 2380 acceptum
1756 2342 1906 2370 numen
1917 2345 2021 2384 quo-

1171 2404 1249 2444 que
1260 2404 1272 2430 .·
1276 2391 1557 2443 puriora-lber,
1567 2391 1715 2434 Falsis.
1722 2392 1769 2436 A
1770 2398 1926 2449 cceplelr
1935 2393 2020 2450 pri-

1173 2452 1419 2503 ma'editio.
1455 2454 1557 2497 cuin
1579 2456 1747 2512 scriptis
1777 2452 2020 2516 plerisque:

1173 2526 1290 2561 recte
1317 2534 1328 2580 ς
1357 2527 1453 2576 post
1486 2528 1656 2578 accepta
1687 2521 1788 2565 solia
1820 2532 1863 2581 et
1887 2540 2021 2581 grana

1174 2582 1322 2642 myrti.
1334 2585 1633 2627 Clm'oraether
1641 2585 1843 2630 Ambros.
1854 2596 1897 2630 et
1909 2603 2023 2632 unus

1176 2647 1331 2691 Heius.
1352 2647 1509 2691 eadem
1528 2649 1711 2694 varietas
1733 2650 1847 2708 apud
1869 2651 2021 2708 virgil.

1177 2725 1214 2754 11
1227 2744 1240 2767 ,
1261 2715 1369 2772 590:
1392 2718 1438 2756 el
1449 2730 1559 2769 pura
1578 2731 1658 2770 per
1681 2721 1839 2758 noclem
1868 2719 1913 2758 in
1932 2719 2025 2758 lucc

1175 2776 1366 2835 refulsit,
1389 2778 1463 2821 ubi
1482 2782 1599 2821 clara
1618 2779 1795 2836 quidam
1815 2779 1997 2836 codices.

1234 2846 1299 2902 57.
1314 2845 1428 2886 Dum
1431 2842 1552 2899 facit
1559 2849 1779 2900 ingenium.
1792 2844 2021 2898 Putabam,

1178 2911 1354 2964 ingenio.
1370 2909 1585 2952 Tristibus
1607 2909 1676 2952 III
1689 2943 1701 2964 ,
1724 2923 1827 2964 xw,
1849 2927 1865 2952 1
1884 2926 1894 2952 :

1181 2985 1294 3015 Cultor
1307 2991 1337 3014 et
1352 2985 1485 3014 antistes
1498 2984 1665 3014 doctorum
1682 2994 1806 3014 summe
1820 2985 1965 3016 virorum
1981 3009 1993 3024 ,

1221 3045 1288 3085 Qui
1301 3044 1380 3074 sucis
1396 3044 1523 3083 ingenio
1535 3054 1660 3085 semper
1676 3045 1779 3075 amice
1791 3057 1872 3077 meo.

1165 3106 1296 3148 'Dum
1306 3107 1420 3147 valet
1430 3108 1653 3160 ingenium,
1678 3106 1874 3163 Aprosii;
1893 3108 1967 3164 qui
1985 3117 2030 3150 et

1172 3171 1299 3226 favel
1315 3185 1393 3226 pro
1409 3169 1525 3212 var'ia
1542 3170 1662 3214 lect.:
1685 3180 1734 3214 ut
1754 3172 1885 3214 etiam
1902 3173 2029 3215 multi

1186 3236 1290 3278 editi
1311 3245 1356 3277 et
1374 3236 1518 3291 scripti
1535 3253 1545 3287 3
1568 3236 1641 3279 sed
1659 3253 1740 3294 ego
1757 3237 1865 3280 nihil
1880 3247 2028 3281 muto:

1187 3299 1293 3341 dum
1304 3300 1546 3355 ingenium,
1560 3300 1675 3357 quod
1685 3318 1708 3343 a
1717 3303 1899 3344 numine
1910 3319 2030 3345 nunc

1188 3364 1370 3418 calescit,
1378 3365 1507 3420 facit,
1519 3374 1563 3408 et
1577 3376 1830 3423 promptum
1846 3377 1924 3421 est,
1943 3385 2029 3410 au—

1190 3429 1276 3472 dite
1290 3445 1361 3473 me
1375 3439 1583 3487 tanquam
1600 3441 1743 3474 vatem
1756 3465 1768 3486 ,
1788 3432 1862 3488 qui
1885 3433 2032 3475 divino

1190 3495 1362 3537 monitu
1382 3505 1594 3553 praecepta
1614 3497 1772 3542 amoris
1792 3514 1912 3542 cano.
1936 3499 1993 3541 H.
