2268 3776
258 308 357 360 183

732 307 798 358 P.
847 306 1141 362 OVIDII
1182 307 1565 365 NASONIS

326 423 441 481 Nec
471 420 602 479 satis
634 435 883 480 exactum
907 436 1016 496 est,
1044 446 1250 504 corpus
1277 447 1347 484 an
1369 424 1570 485 umbra
1597 423 1790 486 forem.

249 518 390 597 Quae
416 516 553 576 mihi
584 532 813 577 ventura
843 533 956 591 est,
985 519 1262 602 siquidem
1291 536 1521 581 ventura
1539 569 1553 595 ,
1587 537 1839 583 senectus
1859 568 1873 594 ‚

330 615 522 700 Quum
552 613 696 675 desit
723 617 966 677 numeris
994 617 1115 698 ipsa
1134 616 1360 696 juventa
1384 617 1542 677 suis?

248 711 339 771 Ah
366 711 541 794 pudet
567 736 869 786 annorum,
905 738 1015 796 quo
1044 736 1130 772 me
1158 713 1524 796 juvenemque
1547 714 1839 797 virumque
1857 761 1871 787 ‚

328 810 444 869 Nec
467 809 747 889 juvenem,
779 834 880 870 nec
908 835 995 870 me
1025 809 1199 870 sensit
1228 810 1399 870 amica
1424 811 1604 870 virum
1630 814 1642 871 !
1991 841 2045 869 20

248 905 338 966 Sic
364 905 607 967 flammas
634 906 850 967 aditura
877 907 999 990 pias
1023 921 1224 974 aeterna
1251 907 1513 968 sacerdos

331 1002 523 1081 Surgit
541 1049 555 1075 ‚
584 1018 638 1063 et
667 1027 699 1063 a
727 1026 854 1063 caro
884 1002 1049 1063 fratre
1080 1002 1318 1064 verenda
1349 1027 1525 1064 soror.

250 1098 329 1158 At
356 1122 538 1182 nuper
565 1099 656 1159 bis
685 1099 823 1160 flava
853 1099 1022 1171 Chie,
1052 1114 1136 1160 ter
1163 1100 1398 1161 candida
1424 1101 1621 1174 Pitho,

330 1196 439 1256 Ter
467 1196 636 1257 Libas
669 1196 852 1258 officio
885 1197 1209 1258 continuata
1238 1221 1381 1258 meo,

250 1298 484 1376 Exigere
516 1324 546 1360 a
573 1300 741 1360 nobis
771 1316 1007 1379 angusta
1031 1316 1194 1361 nocte
1230 1301 1569 1373 Corinnam,
1997 1315 2051 1358 25

332 1403 427 1462 Me
457 1403 682 1462 memini
710 1427 974 1465 numeros
1006 1403 1340 1464 sustinuisse>
1366 1426 1583 1463 novem.

251 1504 399 1563 'Num
429 1529 547 1565 mea
575 1505 897 1567 Thessalico
929 1504 1198 1585 languent
1230 1506 1426 1566 devota
1450 1527 1663 1566 veneno

336 1608 634 1691 Corpora?
659 1633 793 1668 num
822 1609 1023 1669 misero
1053 1633 1272 1670 carmen
1303 1623 1359 1669 et
1387 1608 1564 1669 herba
1591 1607 1839 1668 nocent?

260 1711 466 1791 Sagave
497 1713 754 1773 Poenicea
782 1713 974 1774 defixit
1002 1714 1228 1774 nomina
1256 1737 1404 1785 cera,

317 1888 333 1913 1
343 1888 378 1927 7.
403 1870 611 1925 Siquidem
629 1876 698 1914 est
713 1877 889 1914 ventura
909 1878 1116 1915 seneclus.

260 1939 466 1993 Siquidem
484 1943 659 1980 ventura
679 1939 865 1982 Putean.
886 1955 989 1982 cum
1010 1955 1117 1995 qua-

259 2013 362 2047 tuor
377 2004 465 2046 aliis
480 2019 489 2046 :
506 2005 775 2062 complures,
794 2011 927 2063 siqua
941 2013 1007 2050 esi
1017 2023 1115 2050 ven—

260 2075 367 2111 tura.
393 2070 506 2112 Fast.
526 2083 599 2125 1v,
624 2071 706 2113 603
729 2084 739 2110 :

260 2138 336 2169 Hoc
344 2149 474 2180 quoque
482 2145 655 2179 tentemus;
665 2140 825 2182 siquidem
832 2140 1117 2182 jejunaremansit.

261 2200 329 2242 Ita
347 2233 359 2254 ,
381 2204 519 2256 siqua
536 2207 604 2243 est
615 2204 735 2244 modo
749 2206 929 2256 corporis
946 2205 1090 2244 umbra
1101 2235 1114 2255 ,

263 2262 363 2307 infr.
387 2264 508 2322 Eleg.
534 2278 583 2308 lx
600 2297 612 2320 ,
638 2265 707 2308 65.

323 2346 384 2388 19·
409 2332 535 2385 Quod
545 2348 609 2374 me
610 2331 894 2388 juvenemque.
917 2333 1006 2386 Quo
1023 2348 1109 2383 nze,

264 2393 518 2438 Puteaneus
539 2411 548 2438 :
571 2395 738 2439 dictum
760 2396 870 2439 alibi.

321 2478 387 2503 22.
413 2462 520 2505 Post
543 2462 662 2506 hunc
684 2480 861 2507 versum
882 2463 970 2506 duo
991 2464 1119 2508 inse-

267 2535 430 2570 runtur
453 2528 500 2570 in
523 2529 740 2574 Beruensi
761 2531 935 2575 codice:

265 2606 386 2638 Factus
403 2607 448 2637 ita
461 2606 602 2638 imbellis
612 2631 622 2646 ‚
636 2608 751 2647 doleo,
765 2609 852 2639 dolet
867 2610 936 2650 ipsa
953 2608 1059 2650 pnella
1067 2633 1079 2648 ‚

306 2667 421 2708 Quum
434 2679 499 2699 non
514 2667 665 2698 humanis
681 2669 804 2699 utimur
820 2670 943 2700 officiis.

324 2729 391 2772 23.
427 2731 541 2772 Chia.
565 2729 744 2774 Nomen
771 2729 854 2773 hoc
883 2729 1124 2773 meretricis

269 2803 343 2838 aut
373 2804 562 2839 tractum
596 2805 660 2840 est
687 2814 712 2840 a
738 2796 929 2840 candore
960 2796 1090 2840 niveo
1108 2829 1120 2851 ,

271 2880 378 2907 nam
402 2863 556 2908 Graece
589 2870 688 2921 χιὼν
715 2866 789 2908 nix
820 2864 1009 2916 dicitur;
1049 2872 1124 2907 aut

273 2931 415 2991 (quod
439 2933 575 2991 magis
593 2933 749 2990 placet)
772 2949 796 2975 a
820 2930 934 2975 Chio
954 2931 1093 2975 insula
1112 2946 1123 2972 ε

273 3015 299 3041 3
316 2998 515 3041 locorum
528 2999 651 3041 ‘enim
666 2997 920 3040 nominibus
933 3030 945 3051 ‚
964 3005 1014 3039 ut
1030 2995 1125 3052 plu-

212 3092 213 3095 =
272 3064 463 3118 rimum,
489 3063 835 3106 nominabantur
862 3060 1126 3104 meretrices.

275 3128 349 3171 Sic
384 3127 499 3185 apud
537 3127 800 3170 Terentium
819 3160 829 3177 ‚
876 3126 1085 3169 Andriam
1113 3141 1126 3176 3

275 3193 390 3250 apud
408 3193 647 3236 Horatium
665 3226 676 3247 ,
702 3195 883 3250 Lydiam
898 3226 908 3242 ‚
932 3191 1128 3248 legimus.

279 3259 965 3314 lnssectiturautemhaee,Ch1z=‚
994 3260 1128 3300 Chies.

277 3326 410 3367 ΜΔΕ.
431 3325 518 3368 ΑΙίἰ
534 3324 670 3368 aliter.
688 3325 961 3375 Puteaneus,
986 3322 1129 3363 Clide'

277 3387 361 3431 hoc
387 3399 451 3432 est
473 3422 485 3444 ‚
524 3395 656 3445 χλιή.δ“
695 3390 813 3444 Clyte
841 3384 1139 3430 Barberinia-

278 3471 359 3498 nus
373 3457 528 3511 3sorte‚
552 3458 690 3501 Chloe.
706 3456 912 3499 -Pz'tba
933 3455 1082 3505 Pitho,
1108 3467 1131 3494 3

1198 1871 1355 1915 Graeco
1367 1874 1491 1915 Πειθὼ
1498 1875 1734 1936 sumptum
1737 1874 1821 1921 est,
1838 1863 1956 1922 quod
1974 1880 2050 1907 no-

1197 1956 1303 1983 men
1318 1938 1577 1991 Suadelam,
1594 1944 1643 1980 ut
1654 1921 1798 1978 Latini
1808 1941 2050 1976 verterunt.

1197 2005 1423 2063 significat.
1454 2005 1609 2061 Quare
1632 2018 1722 2045 non
1745 1999 1949 2053 credula,
1975 1998 2049 2042 sed

1199 2070 1335 2114 active
1356 2069 1524 2127 potius,
1547 2084 1598 2111 ea
1620 2081 1716 2124 quae
1735 2065 1854 2109 facile
1875 2080 2056 2120 persua-

1199 2137 1301 2180 deat
1322 2136 1416 2181 aliis
1430 2170 1442 2191 ,
1464 2133 1713 2192 accipienda
1730 2141 1806 2177 est.
1829 2133 1964 2174 Libas
1981 2147 2055 2173 au-

1199 2212 1291 2247 tem
1311 2219 1334 2246 a
1347 2202 1504 2246 Graeco
1514 2206 1647 2246 Αιέεἳν
1659 2198 1847 2242 derivari
1857 2197 2054 2251 videtur,
2081 2230 2086 2235 .

1201 2269 1322 2327 quod
1340 2269 1474 2313 libare
1496 2285 1545 2312 ac
1562 2267 1793 2325 degustare
1816 2264 2058 2322 significat:

1201 2336 1289 2380 sive
1306 2351 1330 2378 a
1345 2335 1530 2379 libandis
1545 2334 1698 2378 osculis
1711 2366 1724 2388 ,
1738 2333 1826 2376 sive
1843 2348 1868 2375 a
1880 2331 2059 2375 libando

1203 2402 1307 2445 vino
1329 2401 1591 2459 adpellatam
1616 2399 1746 2444 dicas.
1783 2398 1878 2442 Aut
1897 2406 2014 2441 certe
2036 2414 2060 2440 a

1202 2469 1363 2519 Αιέάςω
1374 2499 1386 2521 ,
1400 2465 1518 2522 quod
1525 2465 1684 2509 stillare
1695 2463 1908 2522 significat
1919 2476 1929 2503 ε
1940 2462 2058 2506 unde

1202 2539 1323 2584 Λιέἀς
1338 2568 1350 2590 ,
1374 2543 1494 2592 gutta
1508 2566 1520 2588 ,
1546 2531 1614 2576 vel
1627 2531 1858 2589 scaturigo.
1882 2531 2059 2573 MICYL.

1258 2601 1323 2643 26.
1333 2601 1396 2643 Et
1403 2601 1582 2643 metn‘ini.
1592 2597 1666 2640 M
1675 2599 1855 2648 memini,
1868 2595 1915 2637 in
1929 2595 2040 2650 scrip
2048 2618 2059 2625 ·

1205 2667 1272 2711 tis.
1295 2667 1463 2710 Hssms.
1489 2663 1684 2708 suavitas
1707 2661 1907 2719 quaedam
1923 2661 1971 2702 in
1990 2676 2057 2702 re-

1205 2732 1416 2790 petitione
1429 2731 1540 2774 illius
1547 2728 1720 2789 syllabae
1731 2761 1743 2784 ,
1757 2745 1833 2772 me.
1843 2751 1899 2761 —
1909 2729 2061 2771 Nume-

1205 2813 1274 2840 ros
1288 2798 1540 2839 sustinuisse
1558 2809 1711 2836 novem.
1739 2791 1932 2835 Eosdem
1949 2807 2062 2848 pro-

1207 2861 1342 2904 mittit
1366 2857 1600 2916 magnifice
1632 2855 1781 2900 amicae
1807 2872 1919 2911 suae,
1946 2856 1980 2899 si
2006 2855 2061 2898 ad

1207 2941 1313 2968 eum
1326 2923 1638 2966 meridiantem
1654 2921 1805 2964 venire
1824 2920 1929 2963 velit
1941 2953 1953 2974 ,
1978 2918 2062 2963 Ca-

1206 2992 1336 3035 tullus
1359 2991 1506 3047 Epigr.
1527 3002 1678 3031 xxx111
1693 3021 1704 3042 ,
1730 3006 1766 3045 7.

1264 3074 1287 3099 2
1295 3074 1330 3113 7.
1342 3058 1464 3099 Num.
1475 3056 1597 3098 Nunc
1608 3053 1677 3096 vel
1692 3055 1787 3097 Non
1797 3051 1924 3095 multi
1938 3053 2066 3108 scrip-

1211 3122 1243 3164 ti
1269 3133 1279 3160 :
1303 3129 1347 3164 et
1373 3119 1575 3176 sequenti
1598 3133 1726 3163 versu
1747 3117 1880 3160 etiam
1907 3116 2034 3159 multi
2054 3149 2064 3170 ,

1211 3203 1321 3229 nunc
1341 3185 1409 3227 vel
1432 3201 1515 3227 non
1536 3182 1753 3226 exhibent.

1267 3255 1332 3297 28.
1346 3255 1521 3296 Carmen
1531 3257 1574 3294 et
1581 3253 1722 3293 herba.
1739 3250 1864 3292 Virus
1872 3250 2057 3298 etberba,

1213 3329 1410 3377 excerpta
1431 3318 1620 3363 Puteani
1641 3326 1685 3359 et
1705 3314 1793 3357 duo
1816 3313 1994 3356 Moreti.

1271 3402 1336 3444 29.
1356 3386 1493 3437 sagas
1494 3399 1517 3424 e
1530 3383 1729 3424 Poenlcea
1744 3381 1891 3435 defixit
1901 3379 2070 3419 nomina

1213 3465 1322 3493 cera
1344 3449 1482 3491 Locus
1503 3461 1595 3489 non
1620 3443 1719 3488 satis
1746 3441 1990 3486 intellectus
2011 3437 2066 3479 ab
