2268 3776
585 282 847 338 ARTIS
899 281 1375 338 AMATORIAE
1414 286 1574 340 LIB.
1614 287 1661 339 Ι.

1904 286 2008 340 263

236 399 425 480 Quid?
457 423 628 483 quum
655 398 904 459 mendaci
934 397 1134 458 damno
1162 400 1515 461 moestissima
1541 398 1756 484 plorat,

314 498 660 581 Elapsusque
691 520 819 557 cava
847 495 1080 575 fingitur
1106 518 1236 556 aure
1266 494 1447 579 lapis?

235 594 414 656 Multa
443 608 643 673 rogant
667 593 946 655 reddenda
975 593 1093 654 dari
1125 618 1137 653 :
1171 591 1296 653 data
1323 591 1549 654 reddere
1581 593 1798 654 nolunt.

314 690 533 762 Perdis;
564 705 620 751 et
648 690 706 750 in
737 690 938 751 damno
971 690 1146 770 gratia
1173 687 1327 771 nulla
1358 703 1474 749 tuo.

232 788 360 847 Non
381 786 545 860 mihi,
579 785 869 867 sacrilegas
888 788 1237 849 meretricum
1264 801 1331 847 ut
1356 810 1664 869 prosequar
1698 801 1842 846 artes
1861 831 1876 858 ,
1930 804 2011 859 435

315 884 457 945 Cum
487 885 719 946 totidem
752 884 991 965 linguis,
1025 885 1138 946 sint
1166 884 1300 946 satis
1324 907 1425 945 ora
1454 884 1657 946 decem.

234 981 371 1041 Cera
398 980 597 1041 vadum
626 995 832 1054 tentet,
863 982 1001 1042 rasis
1029 980 1214 1042 infusa
1242 979 1497 1042 tabellis:

314 1077 450 1137 Cera
482 1091 588 1137 tuae
615 1077 857 1160 primum
888 1077 1089 1138 nuntia
1113 1078 1316 1139 mentis
1345 1091 1449 1139 eat.

230 1172 536 1235 Blanditias
566 1174 704 1235 ferat
731 1174 826 1236 illa
851 1189 1006 1247 tuas;
1036 1174 1359 1258 imitataque
1389 1187 1669 1235 amantum

311 1270 524 1342 Verba,
557 1294 656 1331 nec
681 1271 933 1350 exiguaS‚
969 1270 1225 1355 quisquis
1254 1295 1342 1346 es,
1374 1271 1513 1333 adde
1544 1293 1751 1354 preces.
1933 1286 2013 1342 440

232 1368 472 1428 Hectora
503 1367 728 1428 donavit
757 1368 977 1428 Priamo
995 1414 1010 1441 ‚
1041 1392 1202 1451 prece
1232 1384 1420 1430 motus
1449 1367 1726 1430 Achilles:

308 1463 577 1526 Flectitur
604 1465 776 1526 iratus
804 1489 937 1526 voce
968 1479 1198 1544 rogante
1230 1466 1401 1527 Deus.

230 1562 530 1622 Promittas
561 1561 726 1622 facito
753 1586 766 1622 :
795 1562 931 1645 quid
961 1561 1107 1623 enim
1137 1562 1465 1646 promittere
1494 1560 1683 1622 laedit?

311 1660 585 1722 Pollicitis
617 1660 766 1720 dives
795 1658 1036 1742 quilibet
1060 1682 1178 1720 esse
1208 1672 1410 1742 potest.

233 1757 370 1840 Spes
402 1771 551 1818 tenet
578 1756 637 1815 in
668 1770 912 1838 tempus,
945 1754 1115 1816 semel
1138 1769 1224 1817 est
1251 1757 1299 1816 si
1326 1755 1566 1828 credita,
1594 1754 1860 1834 longum:
1937 1772 2018 1827 445

312 1853 417 1914 Illa
447 1852 672 1937 quidem
700 1851 863 1913 fallax
880 1898 896 1924 ‚
928 1852 1026 1913 sed
1057 1867 1239 1913 tamen
1268 1866 1398 1936 apta
1418 1852 1538 1913 Dea
1563 1866 1663 1913 est.

231 1950 291 2009 Si
323 1949 536 2011 dederis
565 1947 801 2032 aliquid,
834 1948 1045 2031 poteris
1074 1949 1285 2011 ratione
1312 1948 1555 2032 relinqui
1579 1969 1595 2008 :'

311 2046 655 2108 Praeteritum
687 2044 903 2118 tulerit,
933 2045 1349 2129 perdideritque
1376 2043 1539 2105 nihil.

232 2144 310 2204 At
339 2142 492 2227 quod
519 2167 637 2204 non
668 2142 910 2216 dederiS‚
945 2167 1161 2227 semper
1187 2143 1401 2204 videare
1431 2141 1693 2202 daturus:

287 2309 380 2364 431.
415 2310 532 2363 Quid
553 2324 674 2366 quum
697 2310 894 2351 mendaci
915 2310 1080 2352 damno.

234 2374 436 2416 Mordace·
457 2375 609 2417 damno
641 2374 774 2417 Bern.
809 2388 936 2416 unus.
970 2374 1087 2427 Quid

232 2454 311 2495 quo
329 2440 525 2481 mendaci
544 2441 696 2481 damno
715 2470 725 2489 ‚
759 2437 928 2496 Micylli
961 2436 1079 2480 Edit.

234 2502 355 2547 Nihil
383 2511 518 2547 muta.
548 2503 642 2547 Has
674 2502 899 2560 sacrilegas
932 2518 1081 2545 mere-

234 2568 395 2612 tricum
423 2577 536 2612 artes
553 2568 691 2625 tangit
711 2568 845 2611 etiam
873 2567 1082 2611 Horatius

233 2633 344 2678 libro
363 2634 385 2678 I
399 2666 411 2688 ,
435 2634 571 2692 Epist.
602 2647 724 2689 xvn,
757 2636 835 2677 55:

233 2715 322 2747 Not·
332 2714 429 2747 refert
442 2715 620 2747 meretricis
636 2715 785 2746 acumina
796 2738 806 2753 ,
819 2725 902 2756 sepe
918 2714 1081 2753 catellam,

235 2777 323 2818 Sapo
334 2776 557 2819 periscelidem
575 2783 700 2819 raptam
716 2776 780 2806 sibi
797 2774 904 2806 flentis
913 2798 924 2813 ,
940 2775 991 2805 ut'x
1005 2785 1083 2806 mox

236 2837 269 2869 N
273 2837 338 2869 ull·
350 2837 428 2869 fides
442 2838 572 2869 damnis
582 2861 595 2878 ‚
620 2838 772 2879 veri-que
782 2835 948 2868 doloribus
961 2835 1061 2866 adsit.

291 2902 383 2958 433,
411 2905 551 2948 Malla
568 2911 719 2961 rogant
740 2907 952 2948 reddenda
971 2908 1078 2947 dari.

241 2966 514 3013 Commodus
531 2969 603 3013 his>
623 2970 738 3014 inest
762 2985 926 3013 sensus.
962 2969 1083 3012 Libri

236 3035 385 3093 tamen
397 3048 488 3076 uno
500 3049 715 3090 consensu
730 3034 948 3090 ¹meliores,
964 3039 1079 3076 ulen-

238 3100 296 3140 da
315 3100 415 3140 dari
421 3113 434 3140 .·
452 3097 535 3140 nisi
555 3097 673 3154 qnod
687 3099 717 3140 J
719 3099 835 3141 ureti
853 3097 989 3141 codex
1002 3113 1084 3154 pro

239 3162 409 3219 vulgata
422 3169 506 3204 stat
516 3161 702 3205 lectione
715 3177 726 3204 t
739 3162 917 3219 quidam
928 3162 1081 3216 etiam,

239 3228 443 3270 tradenda
472 3229 582 3269 sibi,-
600 3242 714 3270 unus
731 3259 742 3280 ,
763 3228 952 3282 optamla
979 3227 1087 3287 ἆρ’-ι’.

242 3292 315 3336 Sic
331 3291 431 3335 lena
451 3291 692 3351 instruebat
711 3290 912 3348 puellam.
929 3291 1085 3334 Amor.

243 3356 354 3400 libro
373 3357 394 3400 Ι
411 3389 422 3411 ,
447 3356 567 3413 Eleg.
587 3369 676 3399 vm
693 3371 808 3411 ‚102
829 3372 841 3399 z
1014 3354 1017 3358 ’

285 3428 383 3468 Quod
392 3439 560 3471 nunquam
569 3427 681 3460 reddas
687 3451 697 3467 ‚
703 3412 991 3470 commodetiisque
997 3422 1084 3468 ἄνει.

1218 2310 1311 2365 435.
1345 2309 1407 2351 Ut
1425 2323 1666 2364 prosequar.
1698 2304 1833 2349 Multi
1866 2305 2012 2362 scripti

1161 2386 1208 2421 et
1227 2376 1361 2430 editi,
1375 2384 1619 2431 persequar,
1649 2373 1813 2416 Parum
1845 2371 1986 2414 distat.

1218 2442 1312 2498 437.
1340 2443 1474 2483 Bas-125
1501 2439 1649 2495 infusa
1673 2440 1853 2480 labellis.
1883 2438 2016 2478 Baris

1163 2508 1310 2553 Oxon.
1339 2511 1472 2551 msa&
1500 2505 1683 2550 Palatin.
1710 2503 1785 2548 sed
1812 2518 1920 2545 mse
1940 2510 2014 2544 ta·-

1161 2573 1285 2617 bellae
1313 2581 1417 2617 sunt
1436 2571 1580 2630 polite
1600 2604 1612 2626 ,
1631 2577 1802 2627 equato
1823 2577 1868 2612 et
1898 2567 2014 2611 levi-

1162 2648 1262 2697 gato
1280 2638 1399 2696 ligno
1415 2671 1427 2692 ,
1449 2645 1500 2680 ut
1518 2638 1578 2681 ita
1603 2637 1735 2678 rasile
1763 2638 1979 2689 argentum
1996 2666 2006 2680 .

1163 2708 1315 2748 buxum
1321 2712 1366 2747 et
1376 2701 1532 2747 similia
1542 2700 1683 2744 obvia.
1693 2698 1900 2754 Denique
1914 2700 2019 2739 radi

1162 2767 1291 2812 dicun
1297 2775 1369 2812 tur
1380 2765 1529 2811 omnia
1541 2764 1698 2822 quibus
1718 2762 1923 2819 asperitas
1937 2759 2010 2802 de—

1162 2835 1314 2890 mitur,
1333 2842 1383 2877 ut
1396 2831 1611 2877 sintlaevia
1623 2838 1668 2873 et
1689 2843 1823 2885 aequa.
1846 2827 2009 2870 Bunm.

1216 2901 1310 2960 439.
1339 2902 1589 2952 Imilalaque
1614 2899 1830 2936 amantum
1862 2894 2010 2935 Verba.

1163 2964 1475 3022 Neapolitanus
1489 2976 1499 3002 :
1510 2964 1696 3002 mentem.
1711 2958 1830 3014 Lego
1841 2989 1853 3011 ‚
1864 2972 2011 2999 aman-

1163 3037 1242 3073 tem
1259 3064 1269 3080 ‚
1293 3029 1361 3072 vel
1380 3041 1560 3070 amorem
1580 3038 1595 3075 ,·
1617 3038 1723 3066 nam
1743 3038 1929 3065 amorum
1947 3029 2013 3064 est

1163 3095 1211 3138 in
1231 3087 1473 3138 oxoniensi
1492 3106 1503 3133 t
1521 3089 1635 3132 infra
1652 3088 1730 3130 511
1752 3103 1763 3130 :

1164 3160 1224 3200 Est
1234 3167 1296 3198 tibi
1315 3148 1458 3206 agendus
1476 3173 1586 3195 amans
1602 3186 1613 3202 ,
1639 3161 1862 3203 insinua-qm
1874 3161 2012 3192 vulner-

1267 3227 1377 3260 verbis
1797 3224 1930 3254 Exus-

1220 3290 1311 3345 448.
1325 3289 1579 3330 Ρνωίεηῖαηι
1593 3289 1747 3336 tuleril,
1760 3286 2014 3340 perdiderit-

1166 3351 1243 3413 qbe
1270 3356 1397 3397 mb‘sz'
1413 3354 1574 3395 Tuleris
1595 3367 1713 3394 *unus
1743 3349 1979 3394 patavinus
2005 3366 2014 3391 :

1171 3419 1323 3463 tertius
1362 3418 1525 3475 Regius
1547 3450 1559 3471 ,
1585 3418 1899 3473 perdideritque
1919 3432 1932 3458 .·
1960 3413 2029 3457 nil
