2268 3776
557 325 958 381 AMORUM
1002 325 1090 380 11.
1146 324 1393 381 ELEG.
1445 324 1639 380 VIII.

1896 325 1997 377 105

300 440 659 526 Carpathium
690 440 906 524 tepidos
934 463 1036 524 per
1062 463 1212 501 mare
1243 438 1383 501 ferre
1412 441 1614 500 Notos.
1946 471 1998 498 20

222 541 331 602 Pro
361 540 565 624 quibus
591 537 786 600 officiis
812 538 1053 622 pretium
1081 536 1220 598 mihi
1251 537 1409 599 dulce
1440 536 1679 620 repende
1698 583 1713 609 ,

303 635 648 698 Concubitus
675 633 875 708 hodie,
906 633 1060 694 fusca
1089 632 1353 717 Cypassi,
1383 647 1529 693 tuos.

223 732 376 814 Quid
400 732 625 814 renuis2
642 731 919 815 fingisque
947 752 1153 803 novoS‚
1181 729 1394 807 ingrata
1413 774 1429 801 ‚
1460 727 1724 787 timores?

302 830 492 890 Unum
520 842 606 889 est
634 851 664 889 e
693 827 937 888 dominis
965 825 1260 888 emeruisse
1289 826 1438 886 satis.

222 925 395 1006 Quod
424 925 472 986 si
503 922 672 986 stulta
699 947 893 1003 negas,
923 923 1090 984 index
1116 936 1365 983 anteacta
1390 922 1634 995 fatebor3
1949 938 2003 979 25

301 1022 377 1081 Et
404 1020 617 1082 veniam
646 1018 820 1102 culpae
848 1018 1107 1103 proditor
1138 1020 1256 1103 ipse
1282 1042 1430 1080 meae.

217 1118 464 1202 ⁸Quoque
495 1117 622 1178 loco
653 1131 836 1178 tecum
864 1115 1092 1190 fuerim,
1127 1116 1486 1201 quotiesque,
1518 1115 1776 1199 Cypassi,

296 1214 548 1277 Narrabo
578 1213 840 1287 dominae,
875 1227 1126 1296 quotque
1155 1212 1427 1296 quibusve
1457 1212 1656 1274 modis.

272 1418 340 1447 20.
379 1404 570 1460 Tepidos.
591 1403 788 1459 Rapidos
802 1435 814 1454 ‚
837 1400 1003 1459 Regius
1022 1409 1068 1447 et

220 1466 410 1513 Sam-avii
430 1483 441 1511 :
462 1467 594 1511 etiam
613 1481 707 1509 non
728 1464 855 1509 male.

274 1549 342 1576 21.
362 1533 446 1576 Pm
465 1535 611 1589 quibus
637 1530 805 1589 officiis.
841 1530 1039 1589 Officium
1052 1563 1065 1583 ‚

221 1596 454 1641 Junianus.
479 1596 576 1654 Ego
595 1596 630 1640 si
650 1612 730 1653 per
757 1596 937 1654 scriptos
956 1596 1069 1640 lice-

223 1670 292 1706 ret
305 1694 318 1716 ,
356 1661 534 1705 mallem
560 1677 570 1705 :
604 1663 689 1705 Pm
725 1664 895 1717 quibus,
937 1660 1077 1719 officii

216 1731 398 1784 pretium
430 1730 540 1772 mibi
560 1729 682 1771 dulce
697 1759 710 1782 ,
749 1729 927 1783 repende
949 1729 1072 1770 Con-

222 1796 404 1838 cubitus.
438 1792 505 1837 lta
525 1805 543 1836 1
560 1826 571 1847 ,
612 1791 709 1835 Art.
731 1790 877 1834 Amat.
907 1792 983 1835 155
1004 1806 1016 1834 :

157 1904 159 1906 ,
222 1869 395 1908 Protinus,
410 1867 504 1900 officii
516 1867 658 1909 pretium
669 1889 679 1906 ,
697 1866 836 1908 patiente
853 1866 960 1908 puell·
978 1890 988 1905 ‚

262 1929 454 1970 Contingent
466 1928 569 1960 oculis
581 1937 674 1959 crura
687 1926 828 1959 vidend·
848 1925 925 1958 tuis.
987 1925 1027 1957 B.

277 2007 345 2033 22.
359 1991 499 2033 Fusca
521 1990 713 2047 Cypassi.
734 1987 848 2044 Asm
861 2019 873 2042 ,
897 1986 1069 2031 scilicet.

222 2057 326 2102 Mos
346 2057 467 2101 enim
485 2056 678 2111 romanis
690 2055 962 2110 mulieribus,
979 2054 1071 2111 qui-

221 2123 301 2168 bus
321 2131 365 2167 et
383 2131 518 2167 status
538 2131 583 2166 et
602 2139 672 2166 res
688 2154 700 2177 ‚
734 2129 784 2164 ut
812 2120 985 2166 ancillas
1019 2137 1071 2165 ex

222 2186 370 2232 Africa
397 2194 599 2244 peterent
619 2219 631 2242 ,
668 2201 764 2243 quae
794 2201 887 2229 non
919 2184 1071 2242 perita

221 2253 368 2297 minus
388 2253 435 2296 in
455 2251 708 2297 exornando
731 2252 869 2309 capite
887 2284 899 2307 ,
937 2266 1070 2308 quam

222 2317 271 2361 in
291 2318 420 2369 rebus
437 2318 657 2362 amatoriis
674 2317 857 2362 solerter
876 2325 1071 2361 tractan-

224 2381 303 2426 dis.
337 2383 431 2439 Qui
451 2373 546 2428 inos
568 2382 644 2427 diu
671 2381 786 2440 apud
796 2383 1070 2439 ¹recentiores

227 2447 417 2506 Europa
443 2448 624 2508 populos
649 2445 878 2494 convaluit.

1204 1404 1270 1447 23.
1295 1406 1573 1459 Quidnmuis.
1595 1404 1893 1462 Quidresugt’s,
1916 1405 2002 1449 Re·

1151 1470 1244 1529 gius
1261 1504 1272 1526 ,
1305 1479 1350 1514 et
1371 1479 1560 1528 quatuor
1580 1471 1662 1515 alii.

1207 1537 1271 1591 24.
1299 1537 1436 1580 Unum
1454 1541 1524 1580 es!
1539 1553 1564 1580 e
1584 1539 1765 1581 dominis
1778 1541 2005 1581 emeruisse

1150 1601 1272 1643 sutis.
1296 1601 1454 1657 Quum
1469 1601 1579 1645 duos
1597 1601 1756 1645 habeat
1776 1601 1976 1660 Cypassis
1989 1637 2001 1657 ,

1154 1666 1229 1723 qui
1259 1666 1339 1710 sibi
1371 1666 1616 1724 imperent,
1640 1666 1887 1711 Corinnam
1908 1669 2001 1711 sci-

1151 1730 1254 1776 licet
1274 1739 1319 1774 et
1336 1730 1550 1775 Ovidium
1567 1737 1711 1786 ,Graiis
1730 1732 1788 1775 illi
1807 1733 1863 1776 sit
1879 1749 2004 1777 unum

1153 1811 1177 1839 e
1194 1795 1366 1842 duobus
1387 1796 1630 1852 (Ovidium
1650 1797 1781 1851 dicit)
1807 1798 1886 1842 sibi
1901 1815 2004 1842 con·

1151 1860 1326 1904 ciliasse.
1346 1864 1707 1913 —Promemtsse,
1727 1863 2005 1908 Francosurt.

1151 1925 1221 1969 cui
1242 1925 1456 1970 accedunt
1477 1927 1643 1971 Moreti
1666 1935 1711 1971 et
1733 1927 1899 1973 Douzae
1917 1945 2003 1974 co—

1152 1989 1267 2036 dices
1282 2010 1292 2043 ;
1311 1992 1598 2037 etlectionem
1610 2002 1793 2039 tuentur
1804 1995 2003 2040 Macrob.

1153 2054 1331 2100 saturn.
1351 2070 1403 2111 11,
1428 2074 1475 2115 7;
1498 2067 1544 2102 et
1565 2058 1689 2103 Suet.
1703 2059 1748 2102 in
1772 2060 1883 2117 Aug.
1906 2074 1977 2103 111.

1206 2121 1271 2163 28.
1311 2124 1499 2180 Quotque
1516 2127 1732 2180 quibus-ve
1752 2127 1900 2168 modis.
1935 2126 2002 2169 Ex

1152 2182 1353 2241 Tibullo,
1376 2200 1412 2228 11
1427 2220 1440 2242 ,
1469 2187 1590 2245 Eleg.
1611 2202 1681 2232 v11
1695 2221 1707 2244 ,
1730 2189 1810 2232 33:

1150 2259 1246 2292 Tunc
1254 2261 1484 2302 motion-euris,
1495 2269 1572 2294 tunc
1582 2273 1672 2294 mens
1683 2262 1764 2294 mihi
1777 2263 1902 2305 perdita
1913 2264 2005 2305 fingit

1190 2322 1317 2362 Quisve
1330 2333 1436 2354 meam
1447 2329 1554 2354 tenent
1562 2347 1574 2363 ‚
1590 2331 1672 2366 quot
1686 2331 1833 2356 tene-we
1846 2326 1962 2358 modis.

1136 2383 1272 2440 ,Quae
1291 2383 1326 2428 si
1349 2383 1549 2430 Corinna
1568 2387 1812 2444 resciverit,
1841 2387 1936 2445 quis
1958 2396 2001 2432 te

1151 2447 1275 2493 Deus
1295 2448 1347 2494 ab
1367 2450 1478 2496 irata
1496 2451 1765 2497 servaverit?
