2268 3776
213 298 323 367 406

677 304 739 356 Ρ.
796 305 1095 361 OVIDII
1134 309 1514 366 NASONIS

290 417 414 498 Ipse
447 416 551 476 tibi
580 417 771 477 furtim
797 419 1155 504 decipiendus
1185 425 1308 485 eris.

206 517 294 575 Tu
326 530 534 575 tantum
556 562 570 587 ,
607 517 658 589 i,
687 519 932 599 quamvis
961 519 1133 580 firmis
1163 522 1471 583 retinebere
1501 522 1697 584 vinclis
1715 571 1728 597 ,

287 613 313 669 Ι
342 612 568 693 procul;
596 628 651 673 et
680 613 878 693 longas
909 640 1127 699 carpere
1156 640 1324 700 perge
1352 619 1482 679 vias.

207 705 422 779 Flebis,
453 723 516 768 ut
545 726 794 771 occurret
824 712 1049 773 desertae
1072 737 1278 774 nomen
1307 714 1488 775 amicae
1509 706 1526 775 :-

1908 739 1988 779 215

289 804 472 863 Stabit
500 820 554 865 et
585 806 642 865 in
668 807 848 869 media
879 833 977 891 pes
1007 809 1112 869 tibi
1140 833 1282 892 saepe
1309 811 1431 883 via;

206 898 315 958 Sed
345 917 552 982 quanto
582 904 765 964 minus
793 905 871 966 ire
903 905 1057 966 voles
1076 953 1090 978 ,
1121 906 1297 984 magis
1324 906 1402 966 ire
1432 923 1707 968 memento
1731 934 1743 968 ε

290 996 502 1069 Perfer,
533 1014 588 1058 et
614 1000 819 1062 invitos
854 1025 1068 1062 currere
1100 1025 1236 1080 coge
1265 1001 1450 1085 pedeS.

210 1092 323 1152 Nec
351 1091 566 1174 pluvias
593 1096 760 1168 vites3
788 1121 889 1157 nec
920 1112 972 1157 te
1002 1098 1290 1180 peregrina
1315 1112 1605 1158 morentur

290 1190 558 1263 Sabbata,
588 1217 690 1254 nec
719 1195 936 1255 damnis
963 1195 1112 1256 Allia
1141 1212 1276 1257 nota
1305 1197 1438 1256 suis,

1909 1230 1991 1259 220

206 1289 321 1348 Nec
351 1305 489 1371 quot
520 1293 830 1365 transieriS,
864 1293 959 1353 sed
989 1309 1129 1376 quot
1159 1294 1295 1366 tibi,
1328 1316 1535 1377 quaere,
1566 1294 1848 1377 supersint

288 1385 470 1445 Millia
500 1411 511 1446 ε
542 1411 641 1447 nec
659 1435 673 1460 ,
702 1412 924 1449 maneas
955 1405 1018 1450 ut
1048 1413 1259 1473 prope,
1288 1389 1434 1468 finge
1462 1413 1663 1450 moras.

204 1482 479 1565 Tempora
509 1507 608 1543 nec
637 1509 889 1557 numera,
918 1509 1020 1546 nec
1049 1488 1244 1547 crebro
1275 1487 1486 1570 respice
1514 1489 1784 1558 Romam3

283 1579 392 1639 Sed
420 1579 547 1658 fuge
573 1606 584 1639 :
617 1596 771 1642 tutus
805 1583 984 1643 adhuc
1015 1585 1255 1645 Parthus
1289 1584 1358 1644 ab
1388 1584 1552 1644 hoste
1579 1585 1713 1663 fuga
1741 1597 1841 1643 est.

262 1748 354 1789 213.
385 1749 428 1788 T
421 1765 448 1789 u
462 1754 633 1797 santum,
643 1754 982 1808 quamvis-firmis·
999 1768 1059 1795 re-

208 1816 387 1855 linebere
402 1816 554 1856 vz'nclllr
566 1848 577 1863 ‚
602 1817 630 1856 I
634 1819 786 1870 procul
793 1825 874 1860 etc.
891 1818 957 1861 Ita
974 1818 1058 1862 Re-

209 1877 302 1933 gius
321 1894 423 1920 cum
446 1879 655 1935 vulgatis3
677 1882 809 1924 ceteri
832 1882 990 1937 majori
1008 1899 1059 1925 ex

207 1953 328 2000 parte
342 1977 353 1997 ,
373 1961 475 1987 cum
494 1946 635 2002 prima
655 1946 846 1990 editione
865 1980 876 2001 ,
905 1949 969 1990 Tu
989 1954 1060 1993 la-

209 2024 302 2052 men
319 2017 363 2053 el
371 2027 383 2053 :
395 2009 500 2064 duc,
522 2013 584 2053 Tu
595 2018 734 2054 lamen
743 2016 916 2070 infirmis·
922 2030 1059 2069 quam-

208 2079 269 2117 νίς
289 2092 301 2117 ,·
325 2083 504 2132 quartus
525 2077 776 2120 Puteaneus
794 2109 807 2130 ‚
840 2079 904 2120 Tu
922 2085 1060 2120 lamen

204 2144 276 2184 hic
294 2145 492 2197 quamvis.
513 2142 660 2185 Jureti
679 2141 814 2186 codex
829 2175 842 2195 ‚
875 2145 940 2186 Tu
960 2150 1060 2186 lan-

206 2207 297 2247 dem
313 2207 457 2260 firmis
493 2210 682 2261 quamvis
698 2221 714 2259 ,·
765 2216 810 2250 et
851 2216 938 2251 tres
975 2207 1057 2250 alii.

212 2271 362 2314 Scribe
385 2287 395 2313 :
421 2296 425 2301 ,

208 2346 261 2376 'ru
275 2352 396 2384 tamen,
412 2346 420 2375 i
433 2369 444 2384 ‚
459 2346 610 2387 quamvis
623 2345 724 2377 firmis
739 2346 916 2377 retinebere
927 2346 1059 2385 vinclis,

252 2409 266 2438 1
285 2407 409 2447 procul.
807 2409 940 2439 umus.

264 2486 357 2525 217.
385 2469 472 2511 Sed
493 2474 649 2524 quanto
680 2473 818 2512 minus
849 2478 930 2513 etc.
966 2470 1060 2523 Quo

209 2537 346 2575 minus
365 2538 426 2576 ire
445 2536 583 2579 vides.
609 2540 728 2577 lanto
746 2539 884 2590 magis·
899 2539 959 2576 ire
977 2550 1058 2577 me-

209 2604 358 2648 mento,
378 2614 491 2641 unus
504 2598 640 2641 codex
661 2612 671 2638 ε
689 2616 781 2642 non
794 2600 924 2654 male,
941 2600 975 2643 si
991 2616 1060 2643 vo·

206 2669 267 2707 les
285 2665 453 2721 legatur
473 2678 483 2706 ε
504 2670 659 2719 quanto
684 2669 821 2708 minus
840 2671 901 2709 ire
919 2669 1055 2718 voles,

209 2738 327 2774 tanto
360 2735 421 2774 ire
467 2735 615 2774 minus.
656 2731 780 2774 Alius
826 2738 1022 2788 quantum
1042 2746 1059 2785 ,·

210 2798 343 2841 etiam
363 2796 498 2840 editio
517 2797 658 2853 prima
684 2805 729 2842 et
749 2797 837 2839 duo
853 2798 1012 2854 scripti.

265 2880 358 2922 219.
382 2865 473 2905 Nec
483 2865 654 2916 pluvias
673 2868 783 2916 opta.
815 2862 931 2918 Quae
951 2878 1060 2905 mo·-

211 2944 309 2971 ram
330 2927 407 2971 tibi
428 2928 601 2971 abituro
614 2927 837 2983 injiciant;
860 2937 903 2971 at
919 2928 1060 2985 prima

214 2993 364 3047 editio,
383 2997 501 3043 viles,
512 3009 614 3035 cum
626 2993 795 3036 duobus
809 2993 1059 3036 Farnesian.

211 3059 305 3116 lege
322 3092 335 3113 ,
367 3065 469 3103 vila.
499 3059 572 3102 Sic
603 3059 716 3116 apud
749 3059 954 3107 Gratium
981 3076 991 3104 :
1020 3066 1065 3103 et

203 3126 371 3179 pluvias
396 3129 442 3165 el
470 3125 603 3167 Cauri
619 3124 790 3179 frigora
816 3131 949 3168 vitent
973 3140 985 3167 .·
1016 3132 1060 3167 et

211 3199 365 3233 contra
382 3194 518 3233 vilare
533 3196 690 3234 astum.
712 3192 879 3235 HEINS.
897 3215 952 3223 -
969 3193 1060 3234 Pe-

209 3259 372 3308 regrina
386 3258 578 3298 sabbata.
596 3255 647 3298 ld
667 3264 732 3298 est
749 3255 905 3299 Judaea
923 3272 933 3306 ;
954 3271 1060 3298 nam

210 3318 457 3362 imitatione
476 3320 505 3363 J
509 3319 737 3362 udaeorum
752 3320 885 3362 etiam
901 3320 1060 3362 Roma-

209 3401 289 3428 nos
307 3385 634 3429 hebdomadem
656 3386 829 3429 dierum
847 3404 856 3438 ;
879 3395 924 3429 et
939 3386 987 3428 in
1008 3402 1060 3429 ea

209 3451 420 3507 quosdam
450 3452 541 3497 dies
561 3485 574 3508 ,
616 3470 749 3511 prava
775 3453 1020 3498 imitatione
1042 3485 1054 3508 ,

1140 1751 1335 1806 coluisse,
1353 1751 1481 1796 docet
1495 1753 1679 1807 Petitus,
1694 1751 1742 1794 in
1756 1750 1894 1808 Leges
1906 1750 1989 1794 At-

1141 1816 1267 1870 ticas,
1291 1817 1442 1861 Titulo
1462 1830 1479 1859 1
1497 1849 1509 1871 ‚
1539 1833 1581 1873 p.
1604 1818 1644 1871 4.
1662 1817 1825 1860 Bunm.

1196 1898 1288 1924 220.
1314 1881 1402 1925 Nec
1429 1884 1595 1924 damnis
1610 1882 1742 1925 'Allia
1761 1885 1865 1923 nola
1890 1883 1991 1922 suis.

1141 1944 1269 2003 Legit
1295 1947 1471 1990 hlei-ula
1503 1960 1513 1987 ε
1534 1951 1633 1990 alea
1662 1953 1766 2010 trata
1789 1951 1898 1996 tuis,
1946 1955 1990 1988 et

1141 2010 1322 2065 exponit
1349 2011 1527 2061 Aleum,
1558 2019 1722 2064 sortes,
1750 2025 1847 2066 quae
1873 2009 1991 2065 jactu

1142 2076 1244 2121 aleae
1258 2079 1555 2135 captabantur.
1572 2077 1733 2121 Aldina
1745 2086 1893 2120 autem
1910 2075 1991 2118 lec·

1143 2143 1204 2185 tio
1230 2143 1360 2187 habet
1377 2177 1390 2198 ,
1426 2146 1518 2188 Nec
1545 2147 1713 2187 damm's
1737 2143 1863 2186 Allia
1891 2147 1992 2184 nota

1139 2212 1231 2250 suis
1246 2220 1258 2246 -·
1277 2207 1396 2264 quod
1413 2208 1551 2265 magis
1569 2209 1708 2264 probo
1727 2224 1738 2259 3
1759 2221 1852 2249 non
1869 2206 1991 2249 enim

1142 2274 1197 2318 de
1208 2275 1435 2318 sortitione
1449 2284 1578 2332 poeta
1590 2275 1661 2318 hic
1671 2274 1865 2330 loquitur
1881 2304 1893 2327 ,
1915 2272 1991 2316 sed

1143 2340 1197 2383 de
1211 2340 1362 2384 diebus
1373 2341 1475 2384 atris
1487 2349 1532 2384 et
1545 2339 1820 2396 inauspicatis
1832 2371 1844 2393 ,
1865 2337 1992 2394 quale

1142 2413 1240 2449 tum
1267 2410 1488 2450 sabbatum
1507 2406 1708 2450 habitum
1726 2404 1810 2448 suit
1824 2437 1836 2458 ,
1858 2418 1994 2460 prop-

1142 2479 1211 2513 ter
1246 2471 1276 2513 J
1280 2470 1426 2515 udaeos
1445 2487 1456 2516 ς
1490 2473 1599 2514 item
1629 2465 1837 2514 Alle‘enszlr
1869 2469 1959 2512 dies
1978 2500 1989 2522 ,

1143 2551 1233 2593 quo
1255 2538 1448 2581 Romani
1467 2554 1492 2581 a
1511 2537 1644 2582 Gallis
1665 2536 1718 2580 ad
1736 2536 1895 2579 Alliam
1913 2535 1992 2578 flu-

1142 2619 1245 2646 men
1260 2604 1451 2661 superati
1469 2621 1518 2647 ac
1527 2603 1621 2647 caesi
1633 2611 1738 2646 sunt
1754 2619 1764 2646 :
1778 2602 1832 2646 de
1846 2618 1930 2658 qua
1942 2618 1990 2644 re

1141 2684 1270 2725 supra
1292 2668 1456 2712 dictum
1470 2677 1564 2723 est,
1587 2669 1684 2711 Art.
1699 2668 1802 2711 Am.
1828 2668 1849 2709 1
1863 2698 1875 2720 ,
1897 2667 1991 2720 413.

1198 2752 1293 2777 222.
1314 2737 1403 2778 Nec
1421 2750 1616 2785 maneas,
1639 2750 1716 2776 nec
1734 2748 1864 2788 prope
1872 2734 1993 2789 finge

1142 2814 1292 2840 moras.
1316 2798 1389 2841 Sic
1412 2797 1587 2841 Merula
1605 2797 1832 2853 distinguit
1855 2811 1904 2838 ac
1922 2796 1988 2838 le-

1141 2863 1226 2919 git,
1247 2871 1297 2905 ut
1313 2863 1368 2906 sit
1386 2878 1536 2906 sensus
1551 2878 1562 2905 z
1580 2878 1663 2906 nec
1677 2877 1855 2904 maneas
1868 2892 1880 2914 ,
1902 2859 1990 2903 sive

1139 2928 1341 2972 subsistas
1361 2928 1408 2970 in
1432 2928 1592 2971 itinere
1607 2960 1618 2982 ,
1639 2944 1725 2971 nec
1743 2943 1880 2983 prope
1909 2942 1989 2983 pa-

1142 2993 1271 3035 triam
1288 2992 1406 3050 finge
1421 2993 1531 3037 velle
1549 2993 1726 3036 morari.
1742 2992 1904 3036 Melius
1919 3008 1990 3034 au-

1141 3067 1234 3102 teTn
1260 3058 1421 3103 Aldina
1443 3059 1578 3103 editio
1594 3092 1606 3111 ‚
1632 3059 1708 3102 ubi
1735 3058 1829 3102 haec
1857 3059 1989 3101 verba

1141 3126 1472 3183 distinguuntur
1501 3135 1546 3171 et
1566 3127 1773 3184 leguntur
1797 3126 1845 3168 in
1872 3125 1992 3169 hunc

1140 3193 1326 3236 modum
1345 3211 1355 3238 ε
1371 3197 1472 3245 Nec,
1483 3209 1661 3237 maneas
1668 3200 1862 3249 utprope,
1870 3196 1992 3250 finge

1140 3274 1279 3301 moras
1300 3272 1313 3298 ,·
1334 3258 1451 3314 quod
1471 3267 1562 3309 est;
1587 3272 1644 3300 ne
1662 3257 1752 3314 ipse
1774 3256 1852 3300 tibi
1871 3256 1987 3313 finge

1139 3340 1286 3367 moras
1297 3356 1308 3377 ‚
1323 3339 1411 3380 quo
1425 3339 1599 3367 causam
1611 3320 1822 3365 manendi
1834 3337 1883 3365 ac
1896 3336 1989 3364 ces-

1139 3389 1263 3433 sandi
1284 3389 1456 3432 habeas.
1478 3389 1652 3431 MICYL.

1195 3456 1287 3510 224.
1311 3456 1442 3498 Tutus
1454 3456 1592 3504 adhuc
1606 3461 1684 3497 etc.
1698 3453 1799 3496 Hoc
1811 3448 1930 3493 addit
1942 3447 1985 3490 in
