2268 3776
743 287 1158 344 REMEDIA
1212 289 1588 347 AMORIS.
1954 287 2060 359 441

351 406 524 490 Quod
555 405 602 468 si
631 429 747 466 non
778 405 1012 477 faceret,
1041 405 1279 489 turpiter
1309 422 1456 468 esset
1486 408 1651 467 iners,
1986 428 2069 483 780

273 507 436 568 Certe
465 529 564 584 ego
591 503 868 575 fecissem,
898 527 997 563 nec
1024 526 1147 563 sum
1175 503 1482 586 sapientior
1510 503 1645 565 illo:

352 601 580 663 Invidiae
604 600 820 661 fructus
850 601 1120 662 maximus
1150 598 1241 660 ille
1268 599 1393 660 fuit.

271 701 413 761 Nam
439 698 549 759 sibi
582 696 736 781 quod
763 721 1050 781 nunquam
1082 711 1280 759 tactam
1311 695 1570 758 Briseida
1594 695 1744 779 jurat

355 796 466 857 Per
495 810 780 880 sceptrum
798 842 813 868 ,
841 811 1119 879 sceptrum
1145 818 1259 855 non
1291 808 1455 878 putat
1484 818 1604 856 esse
1629 796 1799 856 Deos.

271 896 346 958 Di
375 894 607 969 saciant,
637 894 871 955 dominae
895 895 1080 978 possis
1110 892 1343 954 transire
1373 891 1578 954 relictae
1851 935 1858 945 ·
1986 912 2069 970 785

350 993 596 1064 Limina;
624 993 916 1077 proposito
946 991 1335 1075 sufficiantque
1364 989 1552 1074 pedes,

266 1092 344 1152 Et
370 1091 582 1174 poteris
609 1115 621 1150 ε
652 1091 822 1152 modo
858 1089 996 1151 velle
1027 1105 1152 1152 tene
1179 1115 1192 1151 t
1217 1112 1367 1150 nunc
1397 1087 1619 1149 sortiter
1642 1089 1721 1149 ire
1742 1135 1758 1162 ,

349 1189 514 1249 Nunc
541 1211 684 1271 opus
714 1204 798 1250 est
829 1187 991 1250 celeri
1025 1186 1262 1249 subdere
1292 1184 1469 1248 calcar
1497 1210 1663 1271 equo,

270 1282 376 1345 Illo
405 1285 800 1369 Lotophagos,
831 1284 929 1346 illo
962 1285 1184 1347 Sirenas
1215 1285 1273 1345 in
1304 1299 1468 1346 antro

349 1383 490 1443 Esse
520 1397 658 1466 puta
683 1409 694 1443 :
725 1383 891 1445 remis
922 1383 1096 1466 adjice
1127 1382 1248 1444 vela
1275 1383 1404 1445 tuis.
1987 1415 2070 1458 790

268 1480 438 1541 Hunc
469 1504 726 1565 quoque,
755 1506 868 1565 quo
901 1481 1186 1565 quondam
1216 1481 1453 1541 nimium
1479 1478 1647 1540 rivale
1679 1478 1909 1540 dolebas
1927 1526 1940 1552 ,

349 1576 566 1640 Vellem
597 1577 876 1640 desineres
905 1578 1090 1639 hostis
1119 1579 1324 1641 habere
1354 1577 1500 1640 loco.

267 1675 349 1737 At
377 1690 553 1748 certe,
590 1676 842 1760 quamvis
874 1676 1006 1737 odio
1031 1692 1377 1749 remanente,
1408 1675 1585 1738 saluta
1610 1701 1623 1735 ε

354 1772 565 1835 Oscula
596 1799 771 1858 quum
804 1775 1017 1859 poteris
1043 1775 1154 1858 jam
1187 1774 1314 1836 dare
1334 1821 1350 1847 ,
1384 1796 1553 1835 sanus
1584 1772 1711 1834 eris.

267 1873 410 1933 Ecce
441 1871 596 1933 cibos
631 1872 826 1946 etiam,
851 1872 1137 1934 medicinae
1163 1870 1367 1951 fungar
1392 1885 1458 1931 ut
1486 1870 1639 1931 omni
1988 1888 2070 1944 795

351 1970 586 2031 Munere
607 2016 622 2043 ‚
657 1993 799 2053 quos
828 1969 1040 2049 sugiaS,
1075 1993 1285 2054 quosve
1315 1992 1578 2052 sequare,
1607 1966 1770 2029 dabo.

265 2065 553 2139 DauniuS,
583 2091 653 2128 an
679 2067 904 2152 Libycis
934 2067 1145 2129 bulbus
1176 2067 1281 2128 tibi
1309 2067 1514 2127 missus
1541 2065 1612 2127 ab
1645 2064 1786 2135 oris,

348 2163 442 2224 An
469 2164 655 2226 veniat
682 2165 957 2244 MegariS,
982 2165 1187 2226 noxius
1217 2164 1401 2224 omnis
1433 2163 1557 2224 erit.

266 2259 388 2334 Nec,
412 2260 600 2322 minus
630 2285 820 2323 erucas
851 2277 1045 2346 aptum
1074 2262 1246 2323 vitare
1274 2261 1514 2334 salaces;

349 2357 426 2417 Et
454 2355 730 2441 quidquid
759 2359 964 2420 Veneri
995 2383 1235 2443 corpora
1262 2373 1452 2421 nostra
1480 2347 1655 2443 parat.
1987 2375 2070 2418 800

267 2452 479 2515 Utilius
508 2477 694 2515 sumas
724 2471 983 2518 acuentes
1012 2456 1224 2518 lumina
1253 2472 1408 2518 rutas
1427 2505 1443 2530 ,

348 2552 425 2612 Et
454 2551 732 2636 quidquid
762 2554 966 2615 Veneri
992 2578 1227 2639 corpora
1253 2570 1448 2616 nostra
1475 2568 1658 2633 negat.

268 2651 428 2732 Quid
458 2652 563 2713 tibi
593 2654 908 2738 praecipiam
940 2654 1007 2716 de
1037 2655 1245 2716 Bacchi
1274 2680 1531 2729 munere,
1563 2654 1802 2738 quaeris?

349 2754 461 2839 Spe
487 2755 713 2818 brevius
742 2758 972 2819 monitis
1005 2759 1292 2842 expediere
1320 2763 1475 2821 meis.

323 2941 418 2987 79⁰·
447 2928 555 2970 Vela
571 2932 670 2972 luis.
689 2928 778 2973 Hic
791 2929 941 2973 denuo
958 2934 1049 2973 suis
1060 2929 1128 2974 le-
1209 2955 1265 2967 —
1296 2933 1461 2974 Missm
1492 2932 1549 2973 ab
1581 2933 1679 2974 ονιῖς.
1714 2930 1788 2973 Ab
1818 2932 1952 2974 bortis
1982 2929 2068 2973 Pu-

268 2990 479 3051 gendum.
500 2992 560 3035 H.
572 3014 628 3025 —
647 2993 768 3037 Nihil
788 2995 1070 3039 mutandum.
1209 3007 1392 3042 teaneus
1405 3012 1487 3054 pro
1499 2996 1880 3040 divemalectione.
1894 2995 1997 3039 Vid.
2008 3009 2064 3048 11,

325 3059 419 3117 794.
453 3059 625 3101 Oscula.
647 3057 745 3102 Viri
766 3061 901 3105 etiam
919 3063 1036 3107 viros
1052 3079 1126 3107 os-
1210 3063 1308 3107 Art.
1330 3064 1425 3116 422.

267 3121 375 3167 culis
396 3123 656 3167 salutabant.
676 3123 860 3170 DouzA.
1268 3144 1360 3187 799.
1389 3127 1552 3182 Aplum
1570 3133 1646 3171 est.
1666 3128 1804 3171 ,Iubeo
1825 3130 1962 3171 vitam
1979 3126 2068 3170 duo

325 3191 417 3248 795.
438 3191 553 3232 Ecce
567 3192 686 3233 cibos
703 3199 784 3234 etc.
801 3190 935 3235 Cibos
949 3208 1125 3250 quoque
1209 3192 1308 3235 libri
1326 3208 1336 3235 :
1359 3198 1504 3248 aptum
1523 3197 1679 3236 cm‘lare
1691 3228 1701 3245 ,
1730 3209 1858 3236 unus.

266 3253 498 3298 libidinem
521 3256 778 3313 incitantes,
799 3257 1002 3303 vitandos
1026 3261 1099 3303 ait.
1267 3258 1363 3301 800.
1377 3261 1562 3313 Corpora
1581 3264 1739 3301 nostra.
1765 3261 1915 3302 Vestra
1935 3258 2006 3302 hic
2023 3267 2066 3301 et

327 3338 418 3382 797.
450 3324 650 3366 Daunius
683 3326 843 3367 bulbus.
875 3324 1044 3368 Bulbus
1075 3341 1127 3368 ex
1209 3324 1410 3381 sequenti
1426 3323 1823 3380 pentametr0,duo
1838 3324 1949 3368 libri.
1963 3323 2066 3368 Vid.

269 3386 428 3443 Apulia
446 3419 458 3441 ‚
479 3403 614 3444 quem
635 3396 732 3445 post
754 3388 984 3433 Africanos
1005 3422 1017 3443 ‚
1048 3406 1126 3433 seu
1210 3389 1347 3432 modo
1370 3389 1461 3447 763.

268 3450 454 3510 Libycos
486 3451 634 3496 laudat
668 3453 837 3496 Plinius
859 3487 870 3506 ‚
903 3453 977 3496 lib.
999 3454 1124 3499 XIX.
1267 3455 1362 3509 804.
1391 3456 1585 3499 Mone'lus
1603 3461 1812 3511 expen‘ere
1828 3471 1953 3499 meos.
1967 3456 2070 3499 Mo-
