2268 3776
424 254 426 256 ’
488 279 757 337 Aflrls
821 277 1302 334 AMATomAE
1354 281 1524 334 LIB.
1571 280 1659 334 11.

184 399 299 461 Nec
331 396 488 459 violae
518 417 763 481 semper,
793 418 898 457 nec
926 395 1140 457 hiantia
1168 394 1285 456 lilia
1311 396 1542 471 florent,
1581 403 1585 405 ’

1858 279 1965 353 293

1895 413 1970 454 115

265 496 342 556 Et
369 495 512 573 riget
539 494 736 555 amissa
764 492 926 576 spina
951 491 1142 554 relicta
1170 514 1310 553 rosa.

183 591 262 652 Et
290 591 394 652 tibi
419 591 529 673 jam
559 591 680 652 cani
702 590 947 663 venient,
980 589 1249 662 formose,
1282 588 1504 673 capilli:

263 689 389 748 Jam
416 688 639 750 venient
666 711 848 767 rugae,
884 711 1006 772 quae
1036 688 1142 749 tibi
1172 710 1379 772 corpus
1409 700 1581 747 arent.

182 787 307 849 Jam
334 784 532 848 molire
563 786 835 859 animum,
870 786 967 870 qui
1002 785 1190 857 duret,
1221 797 1278 846 et
1306 783 1530 845 adstrue
1555 781 1777 843 sormae:

265 881 433 944 Solus
463 882 533 945 ad
559 899 835 945 extremos
863 896 1151 967 permanet
1179 880 1272 943 ille
1299 904 1491 960 rogos.

1898 909 1974 939 120

182 980 300 1043 Nec
327 975 464 1041 levis
493 980 763 1060 ingenuas
791 995 987 1064 pectus
1016 978 1255 1039 coluisse
1287 1000 1389 1061 per
1415 990 1560 1038 artes

266 1077 415 1138 Cura
442 1077 546 1150 sit3
578 1092 634 1139 ct
662 1075 882 1157 linguas
913 1075 1201 1138 edidicisse
1233 1075 1387 1136 duas.

182 1175 316 1237 Non
343 1173 622 1237 formosus
651 1190 792 1248 erat,
825 1173 924 1235 sed
951 1187 1071 1235 erat
1095 1172 1369 1233 facundus
1399 1170 1629 1243 Ulixes;

266 1271 344 1331 Et
373 1284 556 1332 tamen
585 1293 868 1355 aequoreas
899 1269 1062 1331 torsit
1087 1291 1273 1331 amore
1303 1268 1468 1328 Deas.

151 1381 154 1385 ’
188 1367 243 1431 Ο
274 1368 493 1451 quoties
522 1367 679 1430 illum
711 1366 891 1429 doluit
919 1389 1217 1452 properare
1248 1363 1524 1449 Calypso;
1898 1380 1978 1423 125

245 1557 263 1585 1
274 1558 291 1585 1
299 1542 336 1586 5.
354 1542 442 1586 Nec
453 1557 615 1599 semper
626 1545 750 1587 viola·
761 1577 771 1595 ,
791 1558 869 1586 nec
883 1558 1043 1598 semper

185 1608 282 1651 lile'a
281 1609 449 1664 florent.
465 1606 582 1652 Mire
597 1608 798 1652 turbatur
809 1624 957 1652 versus
971 1607 1042 1651 hic

185 1670 236 1715 in
255 1671 436 1716 vetustis
455 1672 573 1717 libris
594 1688 604 1716 z
625 1673 695 1717 alii
716 1673 885 1717 codices
898 1707 909 1725 ,
932 1674 1042 1716 mol-

186 1739 249 1780 lia
268 1739 365 1781 lilia
377 1771 388 1790 ‚
411 1737 479 1782 vel
499 1741 686 1782 candida
702 1755 715 1782 .·
734 1740 927 1797 optimus
948 1739 1044 1783 Re-

189 1801 283 1859 gius
297 1835 309 1859 ,
333 1805 424 1849 Nec
435 1806 563 1847 vae‘olae
574 1820 751 1861 semper,
774 1820 851 1847 nec
862 1806 1044 1863 hyacin-

188 1868 283 1910 thia
304 1870 401 1912 lilia
413 1871 574 1926 floreat
599 1886 612 1913 ‚¹
653 1885 756 1915 cum
789 1869 925 1927 glossa
954 1867 1042 1912 ad·-

188 1931 345 1990 scripta
363 1965 374 1989 ,
404 1936 457 1977 id
473 1940 564 1988 est,
594 1935 855 1991 Apollinea,-
890 1933 967 1978 sed
1001 1935 1045 1978 τὶ

184 1997 300 2056 -bsac
321 1998 436 2045 linea
455 1999 722 2045 subductum
745 2009 863 2055 erat,
886 2015 975 2057 quo
998 1997 1041 2041 id

190 2064 432 2111 delendum
443 2082 534 2111 esse
551 2067 877 2125 significabatur
894 2079 904 2107 ε
923 2074 1042 2110 certe

190 2133 353 2176 cinffiia
370 2134 465 2176 lilla
484 2131 531 2176 in
557 2144 630 2176 sex
657 2132 746 2177 aliis
767 2147 942 2190 quoque
964 2131 1044 2175 in·-

191 2196 307 2242 veni.
350 2195 488 2241 Unde
518 2197 602 2241 suit
631 2213 771 2255 quum
805 2195 1045 2254 legendum

192 2278 421 2308 censerem
439 2277 451 2305 ε

192 2330 264 2363 Nec
277 2331 370 2364 viot-
379 2354 390 2371 ‚
407 2337 466 2362 aut
477 2341 604 2373 semper
617 2330 807 2374 hyacinthi·
827 2331 898 2362 min
915 2329 1045 2362 florent.

196 2393 314 2435 Laia
327 2391 509 2442 enimet
524 2394 778 2451 hyacinthus
790 2391 882 2437 solo
900 2391 1046 2436 colore

194 2456 528 2516 distinguuntur
547 2474 557 2503 :
579 2458 664 2502 nisi
692 2457 838 2512 malis,
860 2460 1048 2515 hyacin—

195 2526 317 2567 thina
327 2536 340 2563 .·
351 2522 576 2581 quomodo
571 2525 722 2579 florem
731 2525 1050 2582 hyacinthinum

199 2587 360 2634 Catull.
369 2588 488 2633 dixit.
497 2589 607 2632 Haec
617 2588 744 2631 olim:
758 2604 880 2631 nunc
886 2587 1027 2632 scribo
1038 2599 1052 2627 τ

195 2659 267 2692 Neo
282 2658 378 2691 violo
389 2669 601 2700 serapi-,pec
614 2657 738 2690 hiantia
751 2658 821 2688 lilin
834 2657 966 2690 florent·

198 2719 345 2778 Atque
365 2720 411 2765 id
430 2719 698 2765 confirmant
716 2727 813 2763 tum
826 2719 1052 2764 Palatinus

198 2802 314 2830 unus
329 2819 341 2842 ,
363 2794 461 2829 tum
474 2785 609 2829 codex
626 2785 774 2843 prob‘ae
793 2793 910 2829 notae
925 2818 938 2840 ‚
961 2801 1050 2841 quo

201 2849 403 2895 Andreas
412 2849 713 2906 Cavalcantes,
725 2850 940 2894 Patricius
952 2850 1051 2894 Flo-

200 2914 430 2975 rentinus,
469 2915 537 2959 vir
566 2916 790 2974 eleganter
816 2915 1016 2959 eruditus
1035 2948 1054 2972 ,γ

201 2995 275 3024 me
295 2978 475 3024 donavit
494 2996 506 3024 ι
527 2989 738 3037 praterea
755 2981 800 3024 in
823 2997 920 3025 uno
938 2981 1052 3025 Am·-

202 3045 407 3089 brosiano
428 3044 475 3088 id
492 3045 637 3102 ipsum
659 3062 833 3103 quoque
854 3046 1020 3091 offendi
1035 3079 1049 3103 ‚

204 3119 250 3155 et
268 3111 315 3155 in
334 3111 568 3155 Hafniensi
589 3127 638 3155 ac
651 3113 941 3157 Menteliano.
962 3114 1023 3158 H.

264 3192 282 3220 1
293 3175 355 3220 16.
371 3178 434 3219 Et
442 3179 550 3232 rige!
558 3179 733 3220 amissa.
745 3177 854 3220 Aret
864 3182 1054 3222 clamis·-

205 3257 278 3293 sa,
302 3257 354 3285 ex
367 3240 567 3285 Palatino
577 3241 799 3285 Gebhard.
810 3242 882 3286 lib.
895 3255 936 3286 11
950 3259 962 3295 ;
979 3252 1052 3287 an-

205 3306 282 3364 tiq.
295 3305 391 3350 lect.
406 3323 433 3367 9
454 3322 465 3350 z
484 3315 529 3351 et
542 3306 602 3351 ita
615 3323 731 3351 unus
746 3307 901 3352 Heius.
915 3314 960 3351 et
975 3324 1054 3352 ca·-

207 3377 279 3416 ret.
301 3372 502 3416 Francos.

267 3453 285 3481 ι
296 3452 358 3497 ¹9·
375 3439 479 3482 Jam
493 3441 636 3483 molire
647 3442 830 3483 animum
842 3447 922 3484 etc.
937 3439 1055 3485 Pru-

1124 1539 1284 1584 denter
1310 1538 1521 1595 iuvenem
1543 1542 1726 1590 monet,
1755 1543 1806 1579 ut
1823 1535 1977 1578 sormae

1123 1604 1415 1650 caducitatem
1433 1602 1598 1661 ingenii
1617 1601 1744 1645 donis
1763 1618 1841 1659 per
1859 1600 1978 1644 labo-

1123 1689 1221 1718 rem
1242 1673 1483 1731 plurimum
1514 1669 1668 1714 exculti
1685 1702 1698 1724 ‚
1731 1676 1873 1712 tentet
1897 1685 1979 1711 re·-

1121 1738 1317 1798 pendere
1338 1755 1350 1790 ;
1390 1737 1681 1792 hortaturque
1721 1742 1770 1778 ut
1806 1750 1858 1778 ea
1897 1734 1977 1777 sibi

1122 1811 1376 1862 comparet,
1407 1818 1503 1859 quae
1521 1803 1693 1851 durent,
1720 1808 1765 1843 et
1788 1798 1887 1843 ideo
1910 1800 1980 1842 di·

1121 1870 1179 1915 cit
1194 1872 1360 1919 molire,
1384 1866 1503 1925 quod
1526 1876 1590 1911 est
1607 1881 1769 1923 magno
1788 1875 1949 1909 conatu
1966 1899 1980 1921 ,

1122 1942 1167 1978 et
1194 1932 1423 1976 molimine
1452 1948 1615 1990 magno
1646 1930 1807 1989 aliquid
1836 1947 1978 1988 agere.

1121 2021 1178 2030 —
1191 1998 1329 2041 Recte
1342 2012 1520 2054 quoque
1537 1998 1709 2039 adstrue
1716 1995 1870 2052 forme
1888 1995 1982 2038 Re-

1124 2063 1219 2120 gius
1238 2079 1342 2107 cum
1361 2061 1568 2120 Scaligeri
1587 2061 1797 2118 excerptis
1817 2068 1861 2104 et
1880 2077 1982 2117 sep-

1125 2137 1217 2173 tem
1246 2128 1368 2172 aliis:
1400 2125 1484 2171 hoc
1506 2135 1599 2182 est,
1631 2128 1877 2182 superadde.
1908 2126 1983 2169 Sic

1124 2212 1274 2239 norum
1294 2199 1428 2240 veleri
1441 2198 1619 2252 aedg'fice‘o
1640 2197 1857 2237 adstruere
1879 2193 1986 2236 dixit

1130 2260 1402 2313 Columella;
1423 2276 1569 2317 neque
1588 2259 1715 2303 aliter
1731 2258 1887 2316 optimi
1904 2259 1982 2301 La·

1127 2326 1310 2371 tinitatis
1327 2333 1539 2369 auctores.

1187 2410 1203 2436 1
1212 2409 1277 2436 ao.
1290 2395 1524 2436 Permanet.
1541 2394 1731 2435 Pertinet
1741 2406 1855 2434 unus
1868 2391 1984 2434 Ber-

1128 2459 1276 2502 nensis
1298 2474 1308 2501 :
1339 2458 1393 2503 dc
1417 2473 1506 2516 quo
1529 2456 1813 2514 cogitandum
1830 2489 1842 2511 ,
1875 2472 1982 2499 nam

1129 2540 1210 2582 pro
1223 2527 1474 2580 perlingere,
1496 2538 1585 2580 quo
1602 2521 1733 2565 hodie
1752 2537 1984 2581 perperam

1128 2598 1343 2643 utuntur,
1379 2596 1549 2632 veteres
1588 2603 1688 2631 usos
1729 2587 1813 2632 hoc
1849 2588 1983 2631 verbo

1130 2654 1260 2698 docet
1274 2654 1430 2698 Burm.
1445 2652 1500 2697 ad
1514 2651 1709 2710 Quintil.
1725 2667 1762 2697 11
1774 2685 1788 2708 ,
1806 2652 1861 2697 de
1877 2654 1986 2697 lust.

1132 2719 1259 2766 Orat.
1283 2722 1321 2776 4.

1190 2805 1207 2831 ι
1216 2805 1280 2831 aa.
1292 2788 1546 2831 Edt'de'ctlrse.
1558 2787 1834 2830 Addua-isse
1846 2786 1985 2842 Apro-

1128 2853 1180 2898 sii
1198 2855 1393 2909 :linguas
1411 2855 1549 2906 duas‚·
1572 2852 1823 2896 Romanam
1843 2851 1987 2894 intel-

1130 2919 1224 2977 ligit
1242 2927 1286 2962 et
1308 2919 1525 2962 Graecam.

1194 2986 1284 3039 124.
1315 2985 1549 3039 AEquoreas
1568 2986 1695 3026 torsit
1715 2997 1857 3025 amore
1871 2983 1988 3024 deas.

1132 3049 1285 3094 Scribe
1303 3081 1315 3102 ,
1349 3063 1577 3104 equoream
1614 3049 1754 3091 Deam
1783 3059 1797 3086 .’
1826 3046 1909 3090 nisi
1942 3055 1991 3090 et

1135 3115 1265 3159 Circe
1287 3113 1451 3157 deabus
1470 3113 1683 3170 aequoreis
1704 3112 1985 3156 accensenda.

1134 3179 1303 3222 HEINS.
1331 3179 1375 3219 T
1367 3181 1484 3220 rasit
1493 3194 1653 3229 amore,
1675 3177 1876 3221 vatican.

1192 3260 1207 3286 ι
1218 3245 1282 3286 25.
1309 3243 1350 3284 0
1368 3245 1527 3298 quoties
1542 3244 1663 3284 illam
1684 3243 1825 3285 dolm‘t
1833 3256 1990 3296 prope-

1132 3324 1226 3351 rare
1247 3309 1430 3365 Calypso
1449 3306 1462 3349 !
1490 3305 1593 3350 Vid.
1617 3307 1805 3350 Homer.
1826 3305 1988 3364 Odyss.

1133 3382 1166 3418 E
1180 3407 1193 3427 ,
1222 3374 1324 3427 203,
1347 3389 1439 3429 sqq.
1461 3380 1506 3416 et
1526 3371 1645 3429 quod
1663 3371 1767 3415 inde
1785 3372 1992 3427 Propert‘.

1135 3438 1376 3496 depromsit
1390 3470 1402 3492 ‚
1426 3438 1475 3494 Ι,
1499 3437 1620 3496 Eleg.
1641 3451 1701 3482 xv
1716 3470 1728 3493 ,
1749 3454 1777 3497 9
1791 3470 1805 3492 ,
1824 3453 1917 3494 sqq.
