2268 3776
307 362 414 432 340

763 362 827 414 P.
876 361 1166 427 OVIDII
1217 361 1590 418 NASONIS

302 484 450 542 Dum
480 479 632 552 licet,
658 492 712 539 et
739 500 898 539 veros
925 479 1086 539 etiam
1115 503 1262 539 nunc
1289 479 1452 540 editis
1482 504 1654 542 annos
1675 525 1689 554 ,
1741 538 1744 542 .

377 577 575 638 Ludite
600 600 612 635 :
639 588 772 636 eunt
798 575 928 635 anni
955 598 1107 636 more
1132 574 1352 635 fluentis
1381 599 1550 658 aquae.

297 678 413 736 Nec
430 720 443 746 ‚
474 694 592 755 quae
620 671 910 754 praeteriit,
937 695 1130 749 rursus
1156 672 1505 732 revocabitur
1532 672 1717 733 unda:

373 772 517 842 Nec,
548 791 666 850 quae
694 768 982 851 praeteriit,
1014 768 1154 828 hora
1179 767 1357 829 redire
1388 782 1591 850 potest.

295 865 576 926 Utendum
604 879 688 925 est
716 878 904 937 aetate3
935 865 1044 925 cito
1074 864 1213 947 pede
1241 863 1448 925 labitur
1479 879 1640 936 aetas;
2004 883 2061 925 65

371 964 486 1022 Nec
511 962 662 1021 bona
690 976 802 1021 tam
830 962 1105 1044 sequitur,
1133 985 1299 1045 quam
1325 961 1477 1021 bona
1506 960 1686 1043 prima
1712 959 1835 1019 fuit.

292 1061 414 1119 Hos
445 1082 547 1137 ego
566 1105 580 1130 ‚
615 1058 711 1140 qui
742 1072 968 1130 canent,
998 1057 1224 1119 frutices
1246 1104 1262 1131 ‚
1288 1057 1516 1118 violaria
1538 1056 1652 1116 vidi
1674 1080 1687 1116 ε

370 1156 490 1214 Hac
518 1154 656 1214 mihi
685 1153 752 1213 de
781 1154 940 1237 spina
969 1169 1123 1232 grata
1151 1177 1356 1214 corona
1382 1154 1509 1214 data
1537 1167 1636 1214 est.

286 1251 529 1332 Tempus
541 1249 695 1334 serit,
723 1273 833 1331 quo
867 1264 958 1320 tu,
989 1273 1109 1331 quae
1140 1273 1291 1310 1111110
1319 1248 1565 1310 excludis
1595 1260 1895 1319 amantem,

364 1344 586 1424 Frigida
615 1344 828 1404 deserta
852 1359 1014 1405 nocte
1036 1345 1243 1426 jacebis
1272 1369 1410 1405 anus
1432 1369 1446 1405 ε
2007 1373 2060 1417 7⁰

286 1443 400 1502 Nec
427 1457 522 1501 tua
549 1455 822 1501 nocturna
847 1440 1132 1518 frangetur
1156 1442 1325 1523 janua
1353 1442 1504 1513 rixa3

367 1539 570 1621 Sparsa
597 1561 696 1599 1100
724 1538 968 1598 invenies
997 1537 1188 1598 limina
1216 1562 1373 1599 mane
1402 1561 1547 1598 rosa.

283 1636 471 1716 Quam
501 1635 611 1695 cito
630 1682 645 1708 ‚
671 1658 758 1695 me
786 1635 1073 1696 miserum!
1105 1634 1359 1695 laxantur
1387 1658 1622 1718 corpora
1648 1632 1832 1712 rugiS‚

366 1730 442 1794 Et
470 1734 615 1816 perit
631 1779 646 1804 ‚
670 1732 731 1792 in
758 1732 938 1792 nitido
970 1732 1067 1815 qui
1093 1731 1203 1793 fuit
1228 1755 1352 1805 ore,
1378 1730 1538 1791 color
1563 1733 1576 1790 !

336 1915 405 1959 61.
434 1916 562 1959 Veros
573 1918 699 1958 eliam
718 1929 830 1958 nunc
839 1916 965 1958 edilis
982 1929 1128 1957 annos.

285 1981 374 2023 Pro
395 1995 514 2023 veros
533 1979 791 2035 conjiciebat
807 1995 953 2022 vernos
972 1978 1128 2022 Heius.

281 2053 332 2089 ut
350 2045 550 2102 Propert-
573 2043 641 2088 IV
654 2077 666 2099 ,
694 2044 814 2101 Eleg.
830 2056 863 2087 v
880 2077 892 2099 ‚
911 2045 961 2100 57
980 2058 990 2085 :

280 2121 369 2151 Dum
381 2126 500 2151 »vernat
511 2119 654 2160 sanguis,
672 2119 753 2150 dum
766 2118 855 2160 rugis
872 2119 995 2159 integer
1009 2129 1126 2158 annm,

322 2182 423 2213 Utere
431 2205 442 2220 ,
458 2192 500 2212 ne
512 2181 586 2223 quis
596 2187 649 2212 eat
660 2180 743 2212 liber
756 2191 865 2213 amore
885 2180 967 2212 dies.

281 2240 610 2285 Arundelianus
627 2274 640 2295 ‚
670 2247 830 2284 teneros
855 2257 1003 2284 annos.
1037 2239 1128 2285 Sed

279 2312 373 2350 veri
385 2310 494 2350 anni
504 2304 710 2349 videntur
723 2310 813 2350 esse
833 2305 1066 2362 juveniles,
1079 2322 1130 2350 30

280 2369 466 2428 proinde
488 2371 709 2414 amoribus
740 2371 841 2428 apti.
860 2371 944 2413 Vir
971 2371 1127 2414 claris-

280 2436 415 2479 simus
434 2434 624 2479 Jacobus
645 2434 896 2479 Gronovius
911 2468 924 2490 ‚
945 2435 992 2477 in
1013 2435 1129 2479 notis

282 2499 336 2543 ad
371 2498 546 2543 Cebetis
577 2492 793 2543 Tabulam
817 2532 830 2554 ,
857 2499 1126 2556 corrigebat,

278 2582 400 2609 veros
430 2568 623 2609 ι’νιεεᾶιῖιῖς
654 2582 789 2609 annos
815 2582 828 2608 .·
855 2566 931 2609 sed
962 2567 1127 2623 optime

279 2630 484 2675 refutavit
506 2630 618 2674 hanc
632 2631 816 2674 minime
830 2631 1127 2687 recipiendam

280 2694 636 2740 emendationem
646 2694 945 2739 Broukhusius
959 2695 1012 2738 ad
1020 2697 1126 2739 Pro-

280 2761 470 2818 pertium
485 2792 498 2814 ‚
521 2759 590 2815 11,
613 2759 837 2815 Eleg.v11,
863 2761 939 2811 55;
962 2768 1005 2802 et
1027 2759 1121 2812 III,

283 2838 340 2868 xx
355 2858 367 2880 ,
384 2840 457 2867 1οι
478 2832 522 2866 et
543 2824 713 2880 egregie
726 2822 916 2866 ostendit
927 2826 1042 2865 edere
1054 2822 1124 2866 hic

281 2890 477 2948 profiteri
497 2905 586 2933 esse
600 2922 611 2944 ,
627 2897 676 2932 ut
696 2888 809 2946 apud
834 2887 1050 2932 Censores
1066 2889 1124 2930 sa-

280 2973 378 3001 cere
402 2955 634 3003 debebant.

331 3021 397 3063 53.
429 3022 516 3062 Nec
541 3036 630 3075 qua·
643 3023 865 3075 praeleriil,
887 3033 1028 3061 rursus
1047 3035 1123 3061 re·-

277 3087 494 3127 vocabilur
508 3086 634 3126 unda.
661 3085 816 3126 Iterum
829 3117 840 3132 ,
863 3083 1006 3140 scripti
1029 3082 1126 3139 ple--

278 3151 401 3206 rique
415 3183 425 3203 ‚
443 3165 545 3192 cum
575 3150 715 3206 prima
735 3149 950 3193 editione:
972 3150 1121 3206 placet.

331 3215 398 3257 65.
430 3214 616 3256 Labitur.
643 3217 831 3258 Volvitur
841 3214 984 3257 Vossii
1000 3214 1122 3257 liber.

274 3283 397 3332 bora,
428 3282 611 3324 Palatin.
946 3283 949 3286 ’

260 3375 263 3377 -
332 3344 398 3386 68.
428 3346 525 3387 Ηαι·
555 3348 662 3387 mihi
683 3348 734 3387 de
760 3349 884 3400 spina
904 3353 981 3389 etc.
1007 3345 1121 3389 Sua-

276 3409 386 3452 viter
407 3410 643 3453 admodum
659 3412 703 3454 in
724 3412 836 3456 hanc
856 3414 1119 3457 sententiam

276 3472 495 3517 Theocrit.
519 3474 639 3532 ldyll.
665 3488 780 3517 xxm
798 3508 810 3528 ‚
836 3476 971 3518 28-32
991 3493 999 3518 :

1209 1919 1291 1958 Καὶ
1308 1915 1351 1958 rei
1366 1915 1475 1973 p‘o'dbv
1491 1915 1600 1957 καλέν
1615 1915 1694 1968 ἔςι,
1710 1918 1776 1956 καὶ
1797 1913 1954 1972 ὅχρᾶνθς
1967 1914 2056 1956 αὐτό

1331 2006 1336 2012 -
1375 1985 1569 2040 μαραίνει.

1208 2050 1289 2088 Καὶ
1309 2045 1439 2092 κᾶλλος
1459 2048 1568 2087 καλόν
1593 2046 1657 2097 ε’ςι
1677 2047 1718 2088 τδ
1740 2047 1915 2087 παιδικῦν
1929 2076 1941 2096 ,
1972 2041 2052 2087 ἀλλ’

1379 2109 1498 2164 σ’Λίγον
1519 2116 1582 2161 ζῆ.

1208 2193 1262 2204 ·—
1276 2173 1375 2214 Hac
1384 2159 1554 2214 mihidb
1576 2174 1712 2226 spina.
1733 2170 1934 2214 Imitatus
1957 2187 2053 2214 auc-

1208 2247 1279 2281 tor
1294 2238 1646 2296 Epigrammatis,
1662 2238 1708 2281 in
1726 2237 1906 2282 Anthol.
1923 2237 1994 2281 lib.
2014 2238 2051 2292 I,

1207 2322 1299 2362 cap.
1321 2317 1377 2348 xc
1396 2339 1408 2361 ,
1431 2322 1526 2363 pag.
1548 2306 1628 2348 256
1647 2321 1658 2348 z

1209 2375 1264 2416 To·
1290 2375 1399 2435 ῥέδον
1430 2374 1597 2429 ἀκμάζει
1621 2374 1732 2429 βαιόν
1763 2375 1907 2428 χρᾶνον·
1942 2372 1985 2423 ἣν
2013 2376 2053 2414 d‘?

1374 2440 1531 2500 παρέλθῃ
1553 2469 1564 2491 ,

1262 2509 1395 2552 Ζητῶν
1416 2505 1583 2563 εὑρήσεις
1605 2505 1644 2546 οὖ
1661 2505 1791 2563 ῥόδων,
1808 2502 1903 2545 ἀλλὰ
1923 2503 2052 2557 βάτον.

1264 2581 1326 2622 72.
1342 2566 1500 2620 Sparsa
1517 2582 1593 2609 nec
1610 2569 1791 2609 invenies
1804 2568 1951 2606 limina
1967 2580 2051 2606 ma-

1206 2643 1258 2670 ne
1275 2645 1386 2671 rosa.
1410 2629 1582 2673 Lucret.
1604 2628 1698 2684 IV,
1721 2645 1848 2685 1170:

1206 2705 1254 2738 At
1267 2706 1436 2737 lacrimans
1449 2707 1601 2738 exclusus
1617 2712 1740 2738 amator
1753 2706 1867 2736 limina
1885 2715 1968 2747 saepe

1203 2765 1358 2797 Floribus
1370 2773 1402 2797 et
1414 2767 1509 2797 sertis
1518 2766 1624 2809 operit
1633 2790 1645 2806 ,
1669 2773 1842 2808 postesque
1855 2766 2008 2806 superbos

1203 2826 1309 2867 'Ungit
1322 2826 1505 2858 amaracino
1516 2849 1527 2865 ,
1551 2833 1584 2857 et
1596 2825 1721 2857 foribus
1734 2827 1832 2857 miser
1843 2827 1954 2858 oscula
1966 2826 2045 2868 figit.

1203 2886 1319 2929 Vide
1337 2902 1509 2943 quoque
1525 2887 1723 2945 Propert.
1742 2888 1763 2931 I
1774 2920 1787 2942 ,
1804 2886 1925 2945 Eleg.
1938 2901 2019 2931 xvl
2034 2923 2044 2940 ,

1205 2969 1337 3010 quam
1356 2961 1480 2995 vocat
1499 2952 1549 2995 cl.
1571 2952 1765 2996 Broukh.
1785 2969 1962 2996 carmen
1979 2967 2047 2997 no*

1202 3023 1302 3069 bile,
1329 3026 1540 3074 argutum,
1567 3035 1745 3063 aureum.
1768 3018 1828 3063 Et
1843 3019 1986 3062 Tibul.
1999 3020 2043 3074 I,

1204 3083 1327 3141 Eleg.
1349 3098 1384 3126 11
1402 3116 1414 3138 ,
1445 3085 1519 3127 13:

1202 3157 1249 3188 Te
1263 3159 1447 3189 meminisse
1459 3158 1569 3198 decet,
1585 3169 1657 3200 quoe
1672 3158 1811 3199 plurima
1827 3169 1904 3190 voce
1918 3161 2025 3200 peregi

1242 3219 1393 3260 Supplice
1400 3243 1412 3258 ,
1430 3231 1532 3261 quum
1547 3219 1628 3260 posti
1642 3217 1757 3250 florida
1770 3226 1854 3250 serta
1866 3220 1988 3250 darem.

1260 3282 1323 3336 74.
1352 3282 1403 3322 In
1426 3282 1571 3322 nilida.
1590 3281 1719 3322 Niveo
1739 3279 1978 3322 Politianus
1998 3288 2042 3321 et

1202 3346 1438 3388 Vaticanus
1457 3354 1501 3388 et
1519 3361 1632 3388 unus
1650 3344 1820 3389 Heinsii
1841 3355 1885 3389 et
1901 3345 2039 3402 prima

1199 3408 1345 3451 editio.
1382 3409 1550 3451 Eadem
1577 3409 1758 3452 varietas
1782 3442 1793 3463 ,
1821 3409 1890 3452 lib.
1922 3410 2035 3460 XV,

1200 3476 1383 3519 Metam.
1404 3476 1483 3520 685
1503 3494 1513 3531 ;
1536 3485 1579 3520 et
1603 3476 1713 3520 alibi.
1740 3476 1901 3521 BURM.
