2268 3776
327 347 424 381 122

797 332 862 383 P.
911 331 1202 387 OVIDII
1243 332 1623 389 NASONIS

851 615 1254 686 ELEGIA
1315 620 1550 690 XIII.

374 928 436 959 AD
465 931 627 961 ISIDEM
652 935 661 961 ἰ
686 931 808 963 ORAT
839 935 902 965 U'r
932 936 1220 968 PRAEGNANTI
1252 938 1477 969 CORINNAE
1505 940 1767 972 SUBVEMAT
1797 940 2027 973 PROPI‘HA.

307 1045 386 1130 D
403 1088 506 1132 ΠΜ
536 1063 829 1135 labefactat
856 1100 999 1137 onus
1031 1077 1242 1156 gravidi
1271 1079 1557 1141 temeraria
1584 1081 1792 1141 ventris
1811 1128 1825 1154 ‚

385 1170 453 1228 In
482 1169 655 1230 dubio
687 1172 810 1232 vitae
841 1171 1260 1243 lassakCorinna
1282 1177 1440 1259 jacet.

302 1263 405 1325 Illa
435 1265 683 1348 quidem,
714 1266 853 1329 clam
883 1294 969 1331 me
997 1285 1212 1332 tantum
1239 1273 1435 1334 molita
1462 1271 1688 1357 pericli,

381 1366 471 1424 Ira
501 1365 668 1443 digna
691 1390 812 1426 mea
837 1391 850 1426 z
875 1368 972 1428 sed
1000 1369 1147 1429 cadit
1172 1370 1254 1430 ira
1280 1385 1449 1431 metu,

1743 1375 1765 1401 κ·

301 1460 411 1521 Sed
440 1475 622 1522 tamen
650 1478 746 1522 aut
772 1488 835 1524 ex
860 1488 946 1524 me
975 1483 1329 1549 conceperat3
1361 1482 1458 1529 aut
1482 1492 1586 1547 ego
1619 1467 1783 1529 credo
1806 1492 1818 1527 :
2065 1487 2090 1528 :3

378 1562 485 1621 Est
513 1560 652 1620 mihi
681 1585 786 1644 pro
813 1561 958 1622 facto
990 1587 1160 1647 saepe,
1195 1565 1349 1648 quod
1377 1589 1493 1626 esse
1519 1579 1723 1648 potest.

297 1657 400 1730 Isi,
433 1658 831 1733 Paraetonium,
868 1659 1210 1744 genialiaque
1242 1684 1369 1721 arva
1399 1660 1618 1743 Canopi

353 1852 371 1877 1
380 1868 389 1876 .
401 1837 515 1878 Dum
528 1836 767 1892 labefacta!
773 1853 881 1880 onus
894 1846 973 1882 etc.
987 1838 1145 1894 Quum

294 1900 518 1956 gravidam
542 1916 587 1944 se
614 1901 814 1945 Corinna
837 1903 1142 1959 intellexisset,

292 1964 402 2007 nihil
421 1981 515 2008 non
543 1967 845 2012 medicaminis
862 2001 873 2023 ,
896 1970 1032 2012 inscio
1050 1970 1145 2015 Na-

290 2046 396 2074 sone
409 2063 421 2086 ,
438 2033 647 2088 tentavit,
669 2042 719 2076 ut
736 2034 940 2077 abortum
960 2036 1145 2079 faceret:

292 2095 411 2139 unde
425 2097 471 2139 in
488 2098 785 2154 gravissimam
804 2116 907 2143 mox
928 2101 1145 2157 aegritudi-

291 2162 570 2207 nemincidit.
591 2162 782 2221 Cognita
800 2182 942 2220 causa,
955 2166 1143 2211 Ovidius

291 2229 336 2273 in
360 2230 546 2273 amicam
579 2231 775 2288 primum
809 2231 1029 2285 irascitur3
1063 2233 1143 2277 sed

290 2295 412 2338 brevi
441 2300 563 2340 cadit
588 2304 654 2342 ira
679 2306 790 2343 melu
808 2334 818 2352 ‚
850 2306 895 2343 et
926 2309 1071 2343 totum
1095 2317 1140 2344 se

289 2362 507 2407 convertit
540 2364 591 2406 ad
636 2365 800 2408 Isidem
835 2375 880 2410 et
912 2367 943 2409 J
946 2383 1146 2410 unonem

289 2426 511 2486 Ilithyiam
530 2463 542 2484 ,
566 2446 663 2486 quae
683 2432 854 2476 miserae
875 2441 1143 2476 succurrant.

342 2509 381 2535 2.
412 2495 556 2536 Lassa
589 2499 785 2539 Corinna.
818 2500 969 2553 lapsa
980 2531 990 2549 ‚
1027 2514 1143 2541 unus

290 2556 454 2613 Regius
465 2593 476 2610 ‚
489 2559 609 2615 quod
621 2562 804 2617 probare
820 2571 992 2619 poterat
1005 2564 1042 2606 F
1042 2579 1144 2605 ran-

289 2622 400 2666 cius:
412 2623 488 2667 sed
504 2627 625 2668 lassa
635 2625 690 2669 de
707 2642 821 2683 aegra
834 2633 952 2670 recte
967 2627 1140 2671 dicitur.

290 2687 474 2732 Terent.
489 2691 653 2750 Hecyr.
667 2704 705 2733 11
719 2724 731 2746 ,
754 2709 770 2734 1
790 2725 802 2746 ,
823 2693 870 2746 41
890 2695 1042 2735 :Enim
1054 2696 1144 2734 las-

287 2769 380 2797 sam
398 2757 550 2810 oppido
569 2761 654 2798 lum
668 2772 761 2799 esse
776 2759 961 2799 aiebant.
980 2758 1142 2802 Noster

286 2819 359 2864 lib.
379 2834 463 2876 111,
486 2821 641 2864 Amor.
662 2836 733 2877 xr,
755 2822 806 2864 8:

325 2892 414 2932 Saepe
433 2892 510 2922 tulit
527 2892 619 2922 lassis
633 2903 752 2923 succus
766 2903 895 2923 amarus
911 2904 1005 2934 opem
1022 2916 1033 2931 ‚

287 2952 363 2994 ubi
382 2952 536 2996 itidem
555 2956 691 3009 lapsis
709 2953 881 2997 volebat
896 2954 1118 2998 Francius.

340 3017 383 3058 3.
420 3019 600 3060 Tantum
620 3021 768 3061 molila
779 3022 941 3074 pericli.
961 3019 1042 3062 Sui
1061 3035 1138 3062 co-

288 3077 392 3122 dicis
412 3079 459 3122 in
479 3082 678 3139 margine
708 3091 937 3125 notaverat
958 3083 1136 3126 Douza:

294 3145 432 3188 Tanto
443 3151 629 3201 peritura
643 3150 831 3202 pert'cl03
854 3148 928 3190 ubi
948 3164 1052 3191 sane
1071 3163 1137 3190 so-

284 3212 409 3254 litam
429 3211 511 3254 viri
535 3212 813 3268 sagacitatem
841 3221 884 3256 et
905 3214 1106 3270 peritiam
1119 3247 1132 3266 ,

285 3276 418 3319 credo
434 3310 445 3330 ,
468 3276 699 3319 desideres.

343 3359 378 3398 7.
408 3344 477 3384 Isi
491 3376 502 3394 ‚
538 3345 817 3385 Paroelonz'um
848 3352 930 3386 etc.
972 3343 1134 3387 Isidem

285 3407 481 3457 invocat,
501 3415 550 3448 ut
572 3423 667 3463 quae
689 3423 839 3449 rerum
860 3425 1016 3464 parens
1032 3409 1134 3451 uni-

285 3486 435 3525 versa,
459 3480 733 3528 praegnantes
761 3473 966 3516 mulieres
998 3490 1134 3530 pecu-

1225 1837 1321 1881 liari
1331 1854 1436 1882 cura
1448 1839 1634 1893 foveret,
1647 1847 1692 1882 et
1700 1838 1904 1895 parituris
1919 1838 2087 1882 adesset

1226 1903 1425 1960 propitia.
1445 1927 1502 1935 —
1520 1906 1815 1947 Para-lonium.
1855 1904 1974 1950 Urbs
1993 1914 2088 1947 erat

1228 1977 1272 2011 et
1298 1977 1449 2025 portus
1479 1969 1689 2028 AEgypti,
1722 1968 1776 2011 ad
1797 1969 1959 2011 ostium
1987 1968 2085 2011 Ca—

1224 2035 1458 2091 nopicum,
1487 2051 1609 2078 nunc
1632 2038 1940 2078 al-Baretoun.
1965 2035 2084 2078 Am-

1225 2101 1424 2143 moniam
1446 2100 1552 2142 olim
1566 2109 1763 2143 vocatam
1784 2101 1912 2143 fuisse
1930 2111 2080 2144 narrat

1225 2165 1442 2208 Straboet
1456 2165 1607 2222 steph.
1630 2164 1813 2224 Byzant.
1840 2166 2080 2208 Memora-

1222 2241 1296 2275 tur
1307 2233 1528 2276 autem-ab
1542 2233 1747 2275 omnibus
1762 2232 2056 2289 geographicis
2069 2249 2080 2283 ;

1227 2300 1534 2342 meminerunt
1556 2307 1600 2341 et
1630 2298 1834 2341 historici.
1869 2297 2010 2341 Auct.·
2027 2297 2082 2339 de

1225 2364 1333 2407 Bell.
1358 2364 1480 2407 Alex.
1510 2381 1546 2407 c.
1567 2365 1604 2406 8.
1630 2364 1747 2406 Flor.
1765 2376 1839 2417 1v,
1868 2381 1931 2406 11.
1965 2363 2082 2406 Mu—

1224 2429 1424 2472 nimenta
1464 2429 1740 2472 justinianus
1787 2428 2043 2471 instauravit
2068 2446 2078 2480 ς

1225 2497 1412 2552 Procop.
1435 2495 1489 2537 de
1522 2493 1658 2537 AEdis.
1679 2507 1729 2536 VI
1745 2526 1757 2548 ,
1782 2511 1890 2536 2.-
1907 2496 2080 2537 Genia-

1226 2565 1365 2617 lt'aque
1383 2577 1486 2604 arva
1505 2562 1678 2615 Canopi.
1695 2560 1875 2603 Fossam
1892 2558 2081 2616 Canopi·

1224 2643 1322 2670 cam
1336 2626 1554 2683 designat,
1570 2642 1649 2682 per
1668 2641 1801 2681 quam
1823 2625 1876 2667 ab
1891 2624 2078 2667 Alexan-

1224 2690 1321 2733 dria
1340 2691 1395 2734 ad
1419 2689 1656 2746 Canopum
1670 2688 1878 2732 naviculis
1895 2687 2077 2730 defere-

1222 2756 1408 2808 bantur,
1425 2754 1500 2810 qui
1520 2753 1574 2796 ad
1594 2753 1807 2797 solemnia
1829 2752 2073 2808 Serapidis,

1221 2820 1346 2875 cujus
1366 2819 1424 2861 ibi
1453 2818 1669 2874 templum
1689 2851 1700 2872 ,
1741 2817 2074 2860 conveniebant.

1225 2886 1429 2926 Gem'alia
1449 2892 1598 2926 autem
1620 2883 1723 2926 dicit
1738 2916 1750 2937 ,
1774 2883 1878 2939 quia.
1902 2882 2075 2924 nullum

1221 2957 1314 2991 erat
1330 2982 1342 3003 ,
1365 2957 1474 2992 teste
1495 2948 1712 2991 Strabone
1726 2981 1738 3003 ,
1759 2962 1857 2991 xvn
1870 2981 1882 3003 ,
1905 2965 1947 3005 p.
1965 2949 2041 2991 801
2059 2980 2071 3003 ,

1218 3014 1450 3071 voluptatis
1465 3031 1624 3071 genus,
1645 3014 1715 3058 cui
1730 3029 1823 3057 non
1838 3014 1955 3057 inter
1969 3031 2074 3059 eun-

1220 3079 1351 3135 dum,
1375 3096 1455 3137 pro
1468 3085 1613 3135 genio,
1638 3079 1918 3136 indulgerem
1940 3087 2075 3124 επᾶσα

1218 3148 1304 3208 γὰρ,
1325 3146 1484 3203 inquit,
1506 3149 1626 3204 ἡμέρα
1638 3152 1705 3189 καὶ
1718 3153 1824 3190 πᾶσα
1842 3151 1907 3200 νὺξ
1920 3149 2073 3196 πληθύει

1217 3221 1291 3255 τῶν
1310 3214 1344 3254 ἓν
1363 3221 1440 3259 τοῖς
1460 3217 1666 3273 πλοιαριόις
1679 3213 1989 3266 καταυλουμένων
2005 3216 2071 3252 καὶ

1217 3279 1526 3338 κατορχουμέυων
1540 3278 1700 3326 ἆναίδην
1713 3279 1812 3331 μετὰ
1825 3286 1891 3326 τῆς
1904 3276 2070 3330 ἐσχάτης

1217 3342 1420 3389 ἀκολασίας
1434 3348 1499 3385 καὶ
1513 3343 1555 3384 ἄν
1563 3347 1657 3403 δρῶν
1668 3349 1939 3396 καὶγυναικῶν.
1950 3341 2066 3383 Rem

1217 3421 1391 3461 quoque
1408 3405 1559 3462 adtigit
1577 3405 1776 3448 Juvenal.
1795 3405 1885 3448 Sat.
1900 3403 1948 3447 'vr
1962 3438 1972 3459 ,
1987 3406 2062 3459 843

1214 3481 1259 3515 et
1290 3473 1380 3518 Sat.
1402 3486 1460 3517 xv
1475 3506 1486 3524 ,
1519 3472 1584 3525 46.
1619 3472 1717 3528 Ipsa
1741 3465 1853 3519 'urbs
1883 3479 2064 3515 centum
