2268 3776
527 275 919 333 AMORUM
970 276 1058 330 ΙΙ.
1108 274 1357 329 ELEG.
1407 273 1587 330 XIV.
1857 294 1955 352 125

174 399 314 479 Quae
339 398 518 482 prima
544 393 790 455 instituit
820 406 1041 454 teneros
1072 389 1380 452 convellere
1407 390 1572 453 soetus
1590 436 1604 462 ‚
1935 412 1958 449 ,ς

254 492 458 556 Militia
485 491 662 553 fuerat
692 489 858 569 digna
886 487 1063 572 perire
1094 509 1209 547 sua.

174 590 424 663 Scilicet,
454 604 518 650 ut
547 602 727 650 careat
756 609 1023 665 rugarum
1054 583 1282 645 crimine
1308 597 1526 655 venter,

172 746 323 790 dentes
349 743 528 803 periculi
565 742 682 801 quod
717 749 905 786 tractant
928 774 939 796 ,
974 749 1019 785 et

171 820 360 856 mortem
380 810 483 854 inde
505 809 660 868 parari.
676 807 850 852 Eodem
860 822 991 851 sensu
1004 839 1017 863 ,

112 895 113 898 ¹
172 878 285 922 Fast.
305 889 323 918 1
338 908 352 930 ‚
374 875 455 919 623
475 891 484 919 :

167 951 261 985 Neve
275 951 366 983 daret
380 957 491 993 partus
504 974 514 990 ,
543 950 610 981 ictu
622 947 791 980 temeraria
807 959 895 979 coeco

142 1008 155 1029 s
208 1011 397 1045 Visceribus
412 1021 558 1043 crescens
575 1010 760 1042 excutiebat
780 1018 874 1041 onus.

223 1076 262 1118 5.
287 1075 388 1128 Quae
400 1076 540 1129 prima
551 1075 737 1116 inslt‘luil
747 1079 826 1114 etc.
846 1070 876 1113 J
880 1086 956 1113 ure
971 1070 1018 1114 in

164 1138 286 1183 illam
304 1138 542 1192 invehitur,
560 1153 656 1194 quae
671 1137 812 1194 prima
828 1135 914 1180 hoc
932 1152 1020 1180 sce-

165 1204 266 1248 leris
282 1211 531 1247 monstrum
555 1202 737 1246 tentavit
754 1201 986 1245 admittere
1003 1234 1018 1256 ,

164 1269 212 1312 in
233 1268 351 1326 quod
378 1268 494 1326 leges
524 1268 771 1326 gravissime
793 1275 838 1311 et
859 1267 1018 1310 merito

167 1334 401 1379 saeviebant
412 1353 421 1387 ;
434 1351 518 1379 nec
530 1334 676 1378 minus
687 1333 910 1388 mulieres,
922 1349 1019 1390 quae

167 1408 430 1457 conceptum
442 1400 490 1443 in
511 1408 638 1443 utero
658 1400 873 1443 infantem
893 1402 1021 1442 abon-

169 1469 267 1508 livis
282 1465 493 1522 expellere
515 1465 747 1523 tentabant
767 1496 779 1520 ,
804 1466 1029 1508 homicidii

170 1544 257 1572 reae
292 1529 559 1573 tenebantur
574 1561 587 1583 ‚
623 1545 755 1586 quam
789 1529 823 1573 si
850 1529 1020 1572 editum

170 1593 500 1638 interfecissent.
536 1593 631 1650 Qui
656 1609 762 1638 vero
790 1597 1022 1638 abortionis

172 1659 380 1717 poculum
401 1659 541 1704 danti:
565 1677 587 1698 «
604 1661 709 1702 Etsi
722 1661 820 1703 dolo
840 1659 1022 1716 nonfa-

173 1730 311 1776 ciunl,
330 1733 478 1769 tamen
493 1758 505 1780 ‚
526 1725 625 1782 quia
641 1723 745 1767 mali
760 1724 943 1781 exempli
956 1741 1025 1768 res

174 1798 264 1840 est,
294 1789 547 1834 humiliores
576 1793 622 1832 in
652 1791 901 1844 metallum5
933 1788 1025 1832 ho-

172 1857 384 1912 nestiores
401 1857 447 1900 in
467 1855 656 1900 insulam
679 1888 692 1911 ,
727 1858 891 1898 amissa
903 1861 1026 1911 parte

169 1924 366 1967 bonorum
380 1954 391 1974 ,
429 1921 694 1978 relegantur.
729 1919 866 1976 Quod
899 1920 934 1963 si
970 1935 1024 1964 eo

171 1985 330 2054 m⁴ulier
353 1994 428 2030 aut
449 1985 585 2029 homo
615 1985 794 2043 perierit
819 2018 831 2041 ,
866 2001 1025 2027 summo

171 2054 378 2107 supplicio
393 2050 673 2095 adficiuntur.
695 2070 717 2090 »
739 2051 877 2095 Paull.
898 2051 968 2105 38,
985 2053 1023 2093 5.

171 2114 322 2160 Exstat
342 2132 393 2159 ea
413 2115 469 2160 de
489 2133 537 2160 re
558 2116 738 2174 insignis
757 2116 942 2160 Tertull.
956 2116 1025 2159 lo-

172 2197 268 2235 cus,
284 2180 330 2224 in
346 2180 531 2238 Apolog.
545 2197 679 2238 quem
695 2180 934 2225 adductum
953 2180 1025 2225 hic

171 2262 308 2290 nemo
325 2263 429 2290 sane
458 2262 552 2290 non
573 2246 683 2290 mihi
707 2246 994 2304 gratulabitur
1012 2263 1023 2290 ε

174 2329 196 2348 α
210 2311 357 2354 Etiam
369 2321 630 2368 conceptum
643 2320 790 2367 utero,
808 2312 916 2355 dum
930 2328 1025 2356 san-

175 2376 268 2432 guis
295 2376 340 2418 in
363 2375 592 2420 hominem
614 2376 879 2420 deliberatur
893 2411 904 2432 ,
928 2376 1026 2421 dis-

174 2439 341 2485 solvere
368 2457 462 2484 non
483 2441 596 2485 licet.
633 2442 870 2484 Homicidii
893 2442 1024 2484 sesti—

175 2506 297 2549 natio
311 2514 389 2561 est,
399 2505 629 2563 prohibere
637 2506 754 2549 nasci
769 2524 779 2558 ;
796 2522 878 2549 nec
888 2508 1024 2549 refert

179 2579 329 2613 natam
347 2571 442 2628 quis
453 2571 606 2628 eripiat
621 2571 831 2625 animam,
853 2587 909 2614 an
924 2587 1028 2615 nas-

177 2644 353 2679 centem
369 2635 573 2680 deturbet
594 2652 604 2679 :
626 2636 762 2679 homo
778 2645 843 2680 est
856 2670 868 2691 ,
894 2646 937 2680 et
952 2637 1026 2693 qui

174 2701 354 2745 futurus.
373 2710 437 2746 est
455 2735 467 2756 ,
497 2711 543 2745 et
573 2703 740 2745 fructus
764 2702 953 2746 hominis
977 2705 1025 2747 in

175 2767 344 2812 semine
360 2776 436 2812 est.
458 2786 480 2806 »
499 2767 601 2811 Mos
613 2767 684 2812 hic
699 2767 858 2825 impius
875 2778 1024 2811 ortum

175 2830 280 2874 inde
307 2833 466 2889 cepisse
493 2834 657 2888 fertur,
688 2833 805 2891 quod
834 2851 1021 2892 carpen-

177 2903 326 2939 torum
338 2913 439 2941 usus
453 2899 664 2942 matribus
675 2900 868 2945 romanis
882 2901 1023 2943 suerat

175 2969 364 3017 ereptus.
391 2962 507 3006 Rem
527 2973 676 3007 narrat
696 2965 857 3009 Noster
873 2998 885 3020 ,
910 2966 1024 3010 Fast.

175 3024 288 3069 libro
309 3039 328 3068 1
341 3059 353 3081 ,
374 3027 457 3088 619
477 3044 488 3071 ε

175 3107 263 3143 Nam
274 3109 366 3150 prius
377 3108 540 3142 Ausonias
554 3118 672 3143 matres
686 3119 835 3154 carpenta
844 3112 1020 3145 vehebant:

215 3171 295 3201 Hoc
308 3181 438 3213 quoque
452 3172 492 3202 ab
507 3173 651 3203 Evandri
666 3173 752 3204 dicta
767 3181 900 3215 parente
920 3185 1002 3205 reor.

175 3232 259 3264 ‘Mox
269 3231 372 3264 honor
383 3231 533 3273 eripitur,
545 3240 755 3275 matronaque
766 3233 906 3268 destinat
918 3235 1023 3267 omnis

215 3295 365 3335 Ingratos
378 3294 469 3324 nulla
485 3294 572 3335 prole
585 3305 704 3326 novere
717 3295 817 3326 viros.

178 3380 233 3391 -
245 3361 480 3404 Convellere
487 3359 637 3415 soetus.
651 3358 725 3403 Sic
736 3359 783 3402 in
800 3375 891 3402 uno
905 3359 1025 3404 Mas-

179 3424 308 3468 seian.
340 3424 392 3467 In
416 3424 550 3469 altero
568 3457 580 3480 ,
610 3428 805 3470 evellere:
825 3440 916 3468 non
935 3425 1024 3469 dis-

1100 739 1240 798 plicet.
1271 738 1403 783 Cmr.
1439 742 1675 783 Convellere
1695 739 1841 797 scripti
1864 755 1952 798 po-

1099 805 1232 849 tiores
1252 819 1263 847 :
1285 804 1345 847 sic
1370 803 1505 860 Epist.
1527 817 1625 847 xvn
1643 837 1655 859 ‚
1684 821 1698 847 ι
1713 821 1754 847 ιι
1782 821 1792 848 z

1099 878 1219 911 Desine
1236 875 1346 915 mone,
1366 887 1492 917 precor,
1509 877 1616 907 verbis
1632 877 1811 910 conuellere
1827 886 1954 921 peetus.

1101 935 1400 993 Metamorph.
1436 950 1483 979 x1
1505 970 1516 986 ,
1560 937 1634 979 123
1658 953 1667 980 :

1099 1007 1177 1038 Sive
1189 1005 1287 1048 dape·
1300 1006 1398 1036 uvido
1416 1005 1594 1037 convollere
1610 1006 1706 1037 dente
1722 1007 1865 1048 [amb-t.
1887 1008 1936 1040 Η.

1101 1067 1206 1111 Duo
1237 1067 1382 1125 scripti
1401 1101 1413 1122 ,
1436 1068 1628 1110 divellere
1649 1085 1660 1110 :
1682 1068 1799 1124 quod
1822 1070 1959 1126 magis

1100 1133 1240 1191 placet
1263 1151 1274 1185 ς
1316 1132 1549 1176 visceribus
1584 1133 1705 1175 enim
1744 1135 1962 1179 excutitur

1100 1200 1230 1243 soetus
1244 1207 1289 1243 et
1301 1198 1521 1242 divellitur
1534 1214 1544 1242 ι
1557 1199 1614 1241 ita
1627 1213 1721 1253 Χιν,
1735 1200 1844 1244 Met.
1862 1218 1876 1244 ι
1891 1205 1960 1246 ι5;

1099 1267 1182 1310 Suo
1191 1267 1383 1309 devellere
1396 1270 1557 1316 trunco,
1570 1273 1617 1308 ut
1631 1274 1694 1308 est
1705 1266 1747 1308 in
1763 1266 1896 1311 MSS.
1907 1267 1961 1311 B.

1160 1348 1196 1388 7.
1227 1332 1420 1384 Scilicet,
1439 1336 1487 1373 ut
1504 1336 1651 1373 careal
1664 1339 1745 1375 etc.
1760 1331 1963 1376 Servavit

1102 1394 1274 1439 Gellius
1297 1408 1364 1438 xn
1382 1430 1391 1446 ‚
1421 1412 1435 1438 1
1460 1429 1472 1450 ,
1495 1396 1705 1439 eximium
1722 1396 1962 1441 Phavorini

1102 1459 1350 1517 philosophi
1383 1476 1638 1504 sermonem
1674 1461 1728 1506 ad
1769 1472 1959 1507 matrem

1103 1524 1257 1582 puellae
1295 1524 1525 1581 cujusdam
1547 1559 1559 1580 ‚
1602 1543 1699 1583 quae
1731 1527 1867 1572 filiam
1905 1530 1962 1573 ab

1104 1590 1264 1635 alendo
1290 1593 1691 1649 puero'conabatur
1710 1593 1963 1639 deterrere:

1105 1675 1127 1694 «
1152 1655 1249 1700 Oro
1269 1663 1310 1699 te
1324 1688 1336 1711 ,
1359 1656 1503 1713 inquit
1523 1658 1806 1716 philosophus
1821 1693 1833 1714 ,
1857 1676 1961 1704 mu-

1103 1720 1185 1764 lier
1200 1754 1212 1775 ,
1240 1721 1333 1764 sine
1353 1737 1452 1764 eam
1476 1731 1611 1765 totam
1629 1724 1845 1781 integram
1868 1743 1960 1770 esse

1104 1794 1295 1828 matrem
1312 1784 1388 1828 filii
1407 1787 1486 1830 sui.
1508 1786 1646 1843 Quod
1662 1798 1728 1833 est
1741 1790 1861 1834 enim
1876 1791 1960 1836 hoc

1104 1857 1259 1893 contra
1275 1858 1482 1893 naturam
1505 1851 1813 1910 imperfectum
1829 1863 1960 1912 atque

1104 1913 1383 1958 dimidiatum
1397 1917 1549 1961 matris
1557 1934 1711 1975 genus,
1725 1921 1961 1977 peperisse,

1103 1989 1235 2037 atque
1245 1980 1392 2024 statim
1406 1982 1460 2025 ab
1475 1998 1567 2027 sese
1580 1984 1797 2040 abjecisse.
1818 2009 1874 2018 —
1885 1987 1960 2030 An

1103 2053 1154 2089 tu
1189 2061 1364 2102 quoque
1390 2055 1514 2104 putas
1548 2057 1754 2093 naturam
1785 2051 1961 2095 seminis

1106 2127 1405 2156 mammarum
1429 2114 1587 2171 ubera,
1609 2117 1729 2172 quasi
1745 2117 1959 2173 quosdam

1103 2177 1297 2221 naevulos
1309 2180 1597 2235 venustiores,
1613 2196 1706 2224 non
1718 2182 1960 2226 liberorum

1106 2241 1368 2286 alendorum
1391 2277 1403 2298 ,
1442 2244 1517 2287 sed
1552 2245 1739 2288 ornandi
1771 2249 1960 2304 pectoris

1104 2324 1231 2351 causa
1245 2341 1257 2363 ‚
1277 2307 1443 2352 dedisse
1460 2310 1480 2352 ?
1503 2309 1577 2353 Sic
1596 2311 1717 2354 enim
1738 2312 1958 2371 pleraeque

1103 2373 1197 2417 istae
1217 2373 1475 2431 prodigiosae
1494 2376 1699 2420 mulieres
1719 2378 1889 2421 sontem
1913 2380 1959 2423 il·

1106 2438 1200 2481 lum
1221 2439 1541 2483 sanctissimum
1561 2442 1770 2498 corporis,
1786 2445 1960 2501 generis

1108 2503 1295 2546 humani
1321 2504 1602 2550 educatorem
1623 2541 1636 2563 ,
1666 2510 1884 2553 arefacere
1915 2520 1961 2554 et

1105 2570 1379 2627 exstinguere
1411 2587 1514 2615 cum
1548 2573 1742 2630 periculo
1780 2591 1958 2632 quoque

1107 2635 1243 2677 aversi
1267 2637 1551 2694 corruptique
1578 2639 1697 2683 lactis
1723 2639 1923 2685 laborant
1942 2676 1956 2695 ,

1105 2708 1316 2756 tanquam
1330 2702 1664 2758 pulchritudinis
1677 2706 1755 2748 sibi
1772 2706 1959 2763 insignia

1103 2763 1376 2811 devenustet!
1391 2767 1435 2824 Q
1442 2768 1711 2826 uodquidem
1720 2772 1885 2815 faciunt
1893 2789 1961 2815 ea·

1103 2829 1206 2874 dem
1218 2832 1433 2888 vecordia,
1458 2850 1544 2891 qua
1562 2835 1822 2891 quibusdam
1841 2853 1958 2880 com-

1103 2898 1543 2943 mentitiissraudibus
1551 2902 1824 2956 nituntur,ut
1832 2904 1960 2950 soetus

1104 2979 1279 3020 quoque
1296 2965 1374 3020 ipsi
1394 2965 1440 3008 in
1459 2981 1641 3021 corpore
1658 2982 1736 3010 suo
1755 2970 1958 3025 concepti

1105 3029 1360 3072 aboriantur
1381 3048 1393 3081 ς
1420 3046 1477 3073 ne
1495 3047 1645 3087 aequor
1664 3032 1772 3076 illud
1791 3036 1957 3079 ventris

1103 3097 1327 3154 irrugetur
1342 3129 1353 3150 ,
1377 3113 1426 3140 ac
1445 3097 1499 3140 de
1522 3099 1729 3155 gravitate
1750 3102 1897 3145 oneris
1912 3111 1958 3145 et

1103 3162 1250 3205 labore
1271 3171 1420 3218 partus
1439 3163 1632 3216 fatiscat;
1669 3165 1784 3222 quod
1814 3183 1954 3223 quum

1103 3227 1159 3270 sit
1177 3225 1347 3283 publica
1367 3226 1655 3272 detestatione
1669 3262 1682 3284 ‚
1700 3232 1956 3273 communi-

1105 3309 1190 3350 que
1202 3293 1302 3336 odio
1314 3291 1498 3350 dignum
1508 3295 1705 3337 etc.»Vix
1713 3296 1957 3352 quidquam

1105 3376 1155 3403 ea
1170 3359 1224 3402 de
1234 3375 1281 3402 re
1294 3358 1685 3415 vehementius,vel
1700 3361 1815 3418 apud
1828 3362 1957 3404 vehe-

1104 3424 1360 3470 mentissim.
1377 3427 1421 3468 J.
1434 3427 1481 3468 J.
1494 3427 1726 3477 Bousseau,
1745 3427 1955 3470 invenias.
