2268 3776
542 281 809 338 ARTIS
849 279 1312 336 AMATORIAE
1367 282 1523 338 LIB.
1569 283 1617 336 1.

1870 284 1975 358 257

205 399 344 479 Quae
363 397 521 471 dant,
549 420 776 481 quaeque
797 410 1027 474 negant,
1051 394 1292 475 gaudent
1312 411 1492 459 tamen
1515 420 1631 459 esse
1655 411 1875 475 rogatae.
1897 417 1979 470 353

284 497 364 555 Ut
389 495 499 576 jam
527 492 774 565 fallarisff
794 506 913 553 tuta
934 490 1156 576 repulsa
1185 505 1279 552 tua
1308 508 1407 554 est.

208 589 316 650 Sed
343 614 440 650 cur
464 587 695 661 fallariS‚
729 612 899 671 quum
925 588 998 649 sit
1025 612 1169 649 nova
1193 602 1344 667 grata
1373 587 1656 673 voluptas»,

289 687 363 746 Et
388 685 609 769 capiant
635 685 848 746 animos
875 684 1004 768 plus
1034 683 1210 747 aliena
1238 708 1370 747 suos
1393 686 1418 745 Ξ)

207 782 466 844 Fertilior
492 805 645 861 seges
674 796 759 843 est
785 781 977 843 alienis
1001 805 1216 867 semper
1240 781 1299 843 in
1330 782 1476 861 agris
1501 806 1515 855 ;

290 878 658 961 Vicinumque
687 902 857 962 pecus
884 878 1147 957 grandius
1177 877 1318 940 uber
1335 877 1522 939 habet.

211 1017 329 1077 SED
359 1015 515 1099 prius
542 1013 793 1075 ancillam
823 1013 1103 1098 captandae
1127 1038 1293 1076 nosse
1320 1010 1517 1099 puellae

292 1117 439 1175 Cura
470 1114 542 1175 sit
567 1139 577 1173 :
605 1135 852 1173 accessus
880 1110 1096 1172 molliat
1121 1112 1227 1173 ista
1252 1128 1396 1174 tuos.

211 1213 471 1275 Proxima
502 1210 749 1273 consiliis
780 1208 1015 1270 dominae
1045 1208 1118 1269 sit
1146 1224 1209 1269 ut
1237 1208 1357 1283 illa,
1388 1209 1610 1283 videt03

293 1313 440 1372 Neve
472 1334 667 1394 parum
698 1307 878 1369 tacitis
907 1306 1132 1389 conscia
1155 1305 1263 1366 fida
1287 1307 1443 1389 jocis.

216 1409 374 1470 Hanc
407 1422 467 1468 tu
496 1405 790 1491 pollicitis,
821 1403 964 1464 hanc
994 1418 1054 1464 tu
1085 1427 1377 1487 corrumpe
1410 1405 1692 1483 rogand03

1916 1426 2000 1468 355

298 1509 472 1591 Quod
500 1509 669 1593 petiS‚
699 1533 726 1568 e
749 1506 922 1579 facili,
957 1506 1003 1567 si
1030 1504 1178 1567 volet
1206 1504 1298 1567 illa
1315 1554 1329 1580 ‚
1358 1506 1514 1568 seres,

220 1612 323 1674 Illa
349 1612 498 1692 legat
531 1626 777 1695 tempuS,
808 1608 1007 1670 medici
1039 1633 1262 1693 quoque
1296 1623 1544 1694 tempora
1574 1626 1822 1684 servant,

305 1718 440 1797 Quo
467 1713 642 1776 facilis
671 1713 906 1774 dominae
934 1736 1089 1773 mens
1117 1711 1189 1772 sit
1216 1726 1273 1773 et
1300 1727 1427 1795 apta
1455 1712 1593 1796 capi.

224 1822 388 1882 Mens
418 1819 523 1879 erit
549 1832 677 1901 apta
705 1816 826 1900 capi
854 1829 984 1876 tunc
1000 1862 1015 1889 ‚
1049 1839 1222 1899 quum
1245 1814 1525 1877 laetissima
1551 1839 1733 1876 rerum
1753 1863 1767 1888 ‚

223 1989 749 2035 biles.BultM.—Cunclas
761 2002 954 2042 superare
954 1988 1071 2042 puel-

224 2059 305 2100 las.
336 2052 435 2099 Imo
449 2086 461 2109 ‚
482 2066 649 2110 sperare
666 2069 678 2096 .-
693 2051 818 2110 ‚quod
849 2050 1070 2095 emenda-

224 2121 357 2165 tiores
369 2119 640 2164 membrana
656 2125 920 2174 agnoscunt,
937 2132 1071 2173 quan·

227 2201 360 2244 quam
378 2196 571 2241 superam
588 2197 669 2239 pro
686 2196 923 2237 expugnare
942 2180 1073 2238 possit

230 2251 344 2309 capi.¹
358 2250 527 2293 Hzms.

267 2311 378 2371 347.
410 2315 543 2367 Quum
562 2315 623 2355 si!
632 2324 751 2354 nova.
772 2313 906 2365 Quum
922 2314 983 2352 sit
994 2312 1083 2352 sibi

229 2385 356 2436 gmta
371 2381 568 2434 voluptas
587 2377 770 2434 Argent.
791 2378 872 2418 libe·
889 2375 1079 2418 Mente-

232 2445 278 2487 lii
296 2460 307 2488 ε
318 2445 416 2500 jam
433 2448 576 2499 grata,
600 2441 848 2485 Patavinus.

289 2509 382 2564 348.
396 2510 458 2550 Et
473 2510 649 2563 capiant
656 2510 822 2548 animos
827 2509 927 2561 plus
941 2509 1083 2549 aliena

235 2578 337 2617 πίε.
359 2573 465 2615 Suos
490 2571 635 2614 Jureti
657 2579 700 2614 et
721 2571 927 2614 Politiani
947 2571 1084 2614 codex

237 2653 341 2682 cum
358 2637 448 2680 aliis
461 2635 976 2693 quibusdam—Mallem
994 2640 1084 2679 suis

237 2705 427 2750 retinere
444 2737 456 2759 ,
475 2711 525 2746 ut
550 2703 605 2747 sit
623 2702 841 2747 sententia
861 2719 912 2745 ex
935 2702 1083 2746 medio

237 2769 395 2826 petita,
413 2783 569 2811 omnes
589 2768 725 2824 magis
743 2783 903 2824 cupere
925 2767 1080 2823 aliena,

241 2833 545 2890 quiaeredunt
558 2832 627 2876 illa
647 2832 843 2890 pleniora
859 2848 869 2875 t
886 2833 944 2875 ita
960 2833 1086 2890 puel-

239 2898 337 2941 lam⁷
358 2898 574 2956 majorem
605 2899 878 2955 voluptatem
909 2914 1084 2954 sperare

243 2979 295 3006 ex
316 2977 434 3006 novo
455 2971 629 3005 amante
647 2994 660 3016 ,
681 2978 814 3018 quam
834 2979 885 3006 ex
904 2979 958 3005 eo
973 2995 985 3017 ,
1012 2963 1088 3019 qui

242 3028 334 3085 jam
359 3027 436 3069 diu
457 3041 555 3077 eam
585 3027 746 3079 coluit3
768 3036 812 3070 et
834 3027 934 3070 ideo
963 3022 1086 3071 facile

245 3094 297 3136 ad
323 3092 562 3136 amandum
586 3093 754 3136 deduci.
775 3093 845 3136 De
867 3093 1026 3136 marito
1045 3102 1089 3136 et

245 3175 379 3202 uxore
401 3158 513 3214 capit
532 3157 679 3213 inepte
699 3156 942 3213 Crispinus.
964 3157 1015 3200 B.

301 3225 394 3284 349.
409 3227 603 3267 Fertilior
611 3238 727 3278 seges
739 3229 805 3266 est
820 3226 972 3266 alienis
986 3239 1093 3267 sem·

1205 1985 1300 2029 352.
1331 1986 1547 2029 Accessus
1580 1987 1748 2029 mollia!
1779 1991 1867 2030 isla
1897 1994 2004 2029 tuos.

1153 2049 1300 2093 Faciat
1331 2059 1380 2094 ut
1417 2051 1493 2094 tibi
1529 2050 1580 2094 ad
1615 2050 1841 2094 dominam
1865 2051 2006 2094 aditus

1152 2123 1299 2173 pateat
1317 2116 1494 2159 facilior.
1511 2116 1749 2174 Eleganter
1763 2116 2004 2159 admodum

1156 2184 1319 2224 mollire
1333 2214 1344 2233 ,
1369 2196 1422 2224 eo
1442 2197 1572 2225 sensu
1593 2198 1603 2224 ε
1624 2182 1684 2225 sic
1705 2181 1824 2225 Dido
1846 2182 1899 2225 ad
1928 2198 2009 2226 so-

1149 2262 1334 2301 rorem,
1369 2246 1474 2291 AEnss
1507 2260 1579 2302 ιν,
1612 2248 1718 2302 423,
1749 2248 1802 2292 de
1834 2248 1976 2292 AEnea
1995 2282 2007 2301 ‚

1160 2328 1293 2368 quem
1309 2320 1450 2356 tentat
1468 2314 1762 2369 nequicquam
1784 2312 2011 2357 detinere:

1159 2382 1235 2412 Sola
1248 2382 1311 2413 viri
1325 2381 1437 2413 molles
1454 2382 1568 2413 adim
1583 2388 1615 2413 et
1630 2389 1775 2425 tempor·
1787 2394 1894 2415 noras.

1160 2464 1216 2474 --
1234 2444 1414 2486 Molliatl
1435 2448 1534 2487 isla.
1569 2443 1740 2487 Molliet
1767 2447 1848 2488 illa
1878 2443 2011 2488 Oxo—

1163 2507 1326 2551 niensis
1337 2516 1382 2551 et
1393 2507 1589 2565 plerique
1599 2507 1668 2551 alii
1679 2525 1689 2552 ε
1701 2512 1864 2553 molliet
1870 2510 2013 2554 multi.

1219 2571 1313 2615 353.
1341 2574 1546 2615 Proxima
1565 2576 1758 2617 conserat:
1769 2577 1946 2618 domine
1957 2580 2018 2618 sit

1163 2643 1212 2680 ut
1221 2640 1311 2689 illa,
1324 2640 1475 2683 videto.
1489 2643 1601 2683 To'u!
1613 2639 1709 2683 libri
1722 2640 1901 2697 quidam
1917 2656 2009 2683 non

1166 2713 1419 2760 agnoscunt.
1442 2704 1720 2766 oxoniensis*
1738 2714 1781 2749 et
1804 2706 2015 2749 petavia-

1165 2784 1249 2812 nus
1260 2801 1272 2823 ‚
1285 2774 1347 2812 sit
1358 2785 1415 2812 an
1428 2772 1521 2812 illa.
1537 2770 1670 2813 Forte
1683 2802 1695 2823 ,
1714 2772 1898 2814 Conscia
1917 2787 2018 2813 con-

1165 2837 1304 2876 51'11'115‘:
1322 2838 1517 2878 conciliat
1543 2836 1675 2878 etiam
1697 2843 1762 2878 est
1793 2835 1841 2877 in
1865 2834 2016 2878 Com-

1167 2898 1420 2941 meliniano.
1444 2899 1611 2942 Hltms.

1222 2964 1317 3018 354.
1342 2966 1524 3007 Conscia
1525 2966 1638 3020 fida.
1659 2964 1869 3008 Francius
1885 2965 2016 3008 male-

1169 3028 1257 3084 bat,
1269 3033 1442 3072 conscia
1439 3029 1582 3083 sacia.
1590 3028 1723 3072 Certe
1738 3030 2017 3086 alterutrum,

1152 3097 1255 3151 fida
1263 3130 1273 3145 ‚
1289 3096 1356 3138 vel
1371 3100 1543 3137 conscia
1555 3095 1689 3139 credo
1701 3096 1944 3153 glossatoris
1958 3115 2021 3142 es·

1171 3176 1229 3203 se.
1241 3163 1382 3202 Missa
1398 3160 1583 3203 habebat
1595 3161 1861 3216 Hasniensis.
1876 3164 2020 3208 Hein-

1172 3227 1258 3269 sius
1275 3226 1390 3269 -olim
1417 3218 1688 3282 conjecerat,
1721 3234 1892 3283 cognita
1905 3233 2021 3285 fida.

242 3305 320 3346 per
336 3293 381 3331 in
392 3292 517 3343 agrae.
541 3287 609 3331 Ad
625 3280 742 3330 hunc
753 3288 895 3330 locum
909 3290 1094 3345 respexit
1173 3292 1307 3334 Forte
1323 3293 1453 3350 {Neve
1461 3307 1611 3345 parum
1621 3296 1765 3335 lace'lzlr
1778 3298 1926 3336 nuntia
1923 3298 2024 3350 fida

251 3354 280 3397 J
284 3353 475 3396 uvenalis
503 3351 593 3395 Sat.
625 3363 703 3394 xlv
716 3385 727 3407 ,
755 3354 829 3407 142
847 3368 857 3395 ε
876 3354 1095 3409 Majoryue
1161 3356 1295 3411 jocis.
1321 3354 1372 3397 Β.
1407 3354 1479 3397 Sic
1491 3361 1663 3398 'conscia
1676 3365 1721 3399 et
1739 3363 1890 3400 nuntia
1909 3359 2023 3415 apud

254 3420 435 3468 vedetur,
461 3419 521 3459 Et
538 3419 683 3460 melior
698 3422 841 3460 vicina
860 3433 997 3476 sege&

418 3500 499 3553 II

1179 3418 1407 3463 claudian.
1434 3421 1624 3464 confusa.
1649 3422 1758 3466 Bell.
1782 3422 1883 3466 Get.
1904 3425 1970 3482 98.

1662 3524 1755 3580 17,
