2268 3776
629 280 1019 355 AMORUM
1072 298 1121 352 1.
1167 278 1418 353 ELEG.
1473 297 1547 351 x.

282 415 530 479 Callidus
558 415 619 476 in
647 414 784 477 salsa
811 414 948 476 lusit
974 412 1190 475 adulter
1218 437 1313 474 ave
1338 436 1352 473 :

199 513 399 595 Qualis
428 513 736 597 Amymone
767 510 927 573 siccis
957 510 1177 572 errabat
1202 510 1261 570 in
1290 509 1459 588 Argis
1477 554 1493 581 ‚
1955 531 1979 570 5

283 610 472 691 Quum
500 623 771 694 premeret
796 608 996 670 summi
1023 607 1243 669 verticis
1265 629 1406 667 urna
1433 628 1672 666 comam:

197 704 350 767 Talis
378 729 525 779 eras;
561 703 911 789 aquilamque
938 705 999 765 in
1030 718 1083 765 te
1110 718 1439 785 taurumque
1471 700 1763 775 timebam,

278 803 354 863 Et
383 801 658 886 quidquid
687 825 890 881 magno
922 801 988 864 de
1015 802 1156 863 Jove
1179 797 1313 862 fecit
1341 800 1534 860 Amor.

196 900 359 962 Nunc
390 899 559 960 timor
587 899 768 960 omnis
795 899 979 973 abest,
1011 898 1292 982 animique
1322 897 1571 959 resanuit
1598 921 1754 959 error
1779 922 1792 958 ε

277 1000 392 1060 Nec
421 997 588 1060 facies
619 996 811 1059 oculos
835 997 945 1079 jam
971 997 1121 1080 capit
1146 995 1254 1057 ista
1281 1018 1452 1056 meos·
1932 1028 1980 1056 ιι»

200 1097 316 1157 Cur
344 1096 447 1157 sim
475 1110 750 1169 mutatuS,
779 1094 1018 1179 quaeris?
1049 1094 1180 1178 quia
1206 1117 1435 1155 munera
1455 1094 1659 1177 poscis.

276 1193 409 1254 Haec
439 1206 492 1255 te
521 1217 637 1254 non
667 1193 879 1278 patitur
906 1215 1070 1254 causa
1094 1189 1309 1276 placere
1339 1190 1494 1253 mihi.

250 1352 290 1407 4.
306 1353 510 1396 Callidus.
526 1351 659 1396 Multi
671 1351 767 1396 libri
779 1384 792 1407 ,
814 1352 1048 1407 candum,-

197 1424 248 1460 ut
268 1416 364 1460 olor
381 1432 493 1475 soepe
513 1419 636 1461 albus
657 1425 702 1462 et
722 1419 930 1461 candidus
949 1416 1050 1461 dici·

196 1490 284 1527 tur.
312 1481 494 1527 Retinui
521 1490 670 1526 tamen
702 1484 910 1534 callidus,
947 1481 1050 1539 quia

197 1557 251 1608 τῷ
271 1549 377 1592 lusit
393 1547 529 1606 magis
549 1548 778 1605 congruit,
801 1556 845 1591 et
865 1562 1051 1604 praeces-

197 1613 252 1657 sit
263 1615 421 1669 plumis
439 1615 563 1656 albis.
583 1612 747 1656 Bunm.

254 1679 292 1721 5.
309 1678 694 1735 QualtlfAmymone
703 1685 783 1721 etc.
796 1676 1049 1736 Amymone

198 1758 288 1787 una
301 1759 352 1787 ex
369 1742 683 1800 quinquaginta
696 1742 841 1785 Danaa·
855 1741 1021 1785 filiabus
1034 1773 1047 1796 ,

199 1824 359 1866 aquam
378 1808 605 1865 inquirens
618 1839 630 1862 ,
652 1807 696 1850 in
713 1822 892 1851 cervum
911 1806 1049 1850 telum

197 1874 300 1932 jecit
315 1906 328 1930 ,
351 1890 400 1918 ac
414 1873 624 1933 Satyrum
644 1871 959 1917 dormitantem
980 1872 1050 1915 os-

195 1938 349 1984 sendit.
376 1938 531 1996 Quare
557 1938 626 1993 iile
648 1953 806 1982 somno
830 1953 1048 1996 experge-

195 2006 334 2050 sactus
345 2004 500 2063 puella
511 2004 626 2047 miro
637 2002 853 2047 desiderio
867 2003 1047 2061 capitur.

197 2062 281 2122 AtJ
284 2070 496 2128 Neptuno
503 2069 855 2128 superveniente,
867 2069 1048 2129 Satyrus

194 2152 240 2180 se
258 2136 305 2180 in
317 2137 466 2193 sugam
480 2134 612 2179 dedit.
628 2134 882 2195 Amymone
899 2142 1049 2179 autem

196 2200 459 2259 praepotenti
497 2199 598 2244 Deo
629 2200 856 2244 succubuit
874 2233 887 2255 ,
920 2200 1048 2257 eique

196 2266 432 2324 Neptunus
449 2266 594 2309 sontes
609 2264 813 2309 Lernaeos
830 2263 1047 2309 indicavit.

199 2331 310 2375 Hoec
330 2347 382 2374 ex
404 2330 674 2388 Apollodoro
695 2344 759 2383 113
782 2330 987 2374 meminit
1007 2338 1053 2375 et

201 2395 486 2454 Apollonius,
521 2397 689 2454 Argon.
709 2411 726 2439 1
743 2430 756 2452 ,
785 2397 888 2455 137:

422 2494 461 2507 ...
475 2463 712 2507 Ποσειῶοὲωνι
735 2468 774 2507 δὲ
793 2467 903 2521 κου’ρη

174 2530 177 2535 ’
200 2532 295 2591 Πρίν
321 2525 404 2572 ποτ’
424 2517 624 2584 Α’μυμῶνη
657 2535 797 2577 Δαναῒς
819 2531 919 2573 τέκεν
943 2530 1052 2581 ‘'uun-

314 2602 423 2638 θεῖσα

199 2661 400 2712 Ναύπλιον.
719 2655 914 2702 CIOFAN.

202 2721 483 2767 Crediderim
496 2722 708 2781 scripsisse
720 2722 932 2767 Ovidium
943 2757 955 2779 ,
971 2728 1053 2768 sic-

201 2791 266 2832 ιιὶι·
285 2791 458 2832 ermbat
471 2793 519 2833 in
534 2790 690 2846 Argia·
715 2806 823 2833 nam
839 2799 883 2834 et
898 2791 1055 2835 Passe-

200 2852 336 2897 ratius
350 2853 404 2897 ad
418 2854 550 2912 Prop.
568 2853 639 2898 lib.
656 2867 696 2897 11
710 2888 722 2910 ‚
747 2854 868 2913 Eleg.
890 2856 944 2899 2ss
960 2889 972 2911 ,
994 2855 1055 2899 si-

201 2915 355 2960 milem
374 2916 572 2963 lectionis
599 2919 857 2962 varietatem
885 2918 1054 2977 depre—

202 2980 391 3036 hendit;
424 2983 535 3027 etin
560 2984 654 3041 ipso
675 2983 838 3028 ovidio
863 3017 876 3040 ,
905 2984 953 3027 in
973 2982 1065 3029 hac*

202 3061 309 3090 voce
325 3062 438 3106 saepe
457 3047 654 3092 librarios
673 3049 890 3094 aberrasse
908 3049 1056 3093 Hein-

203 3111 290 3155 sius
308 3111 630 3157 notavit.Nulli
650 3130 756 3157 vero
774 3114 870 3158 loco
891 3131 1057 3158 conve-

204 3176 399 3220 nientior
426 3176 519 3221 haec
549 3177 678 3221 lectio
696 3212 708 3234 ,
751 3195 884 3236 quam
916 3178 1054 3233 huic;

203 3241 332 3286 fuisse
363 3241 485 3285 enim
505 3242 781 3291 siccissimam
801 3245 1054 3302 regionem,

203 3314 251 3350 et
274 3306 468 3351 sontibus
497 3307 606 3351 raris
625 3308 849 3365 irrigatam
865 3342 877 3364 ,
909 3309 1058 3353 multis

205 3370 354 3415 docuit
367 3373 465 3416 sons
481 3373 568 3430 ipse
584 3372 847 3417 inexhaustae
861 3373 1058 3418 lectionis

208 3435 364 3481 Ezech.
384 3437 678 3495 Spanhemius
695 3471 706 3494 ,
726 3438 778 3481 ad
795 3438 901 3482 Call.
921 3439 1057 3496 Hym.

365 3515 459 3570 ΙΙ.

1131 1350 1177 1395 in
1200 1349 1364 1395 Pallad.
1385 1349 1464 1406 46,
1494 1356 1539 1394 et
1558 1364 1677 1407 seqq.
1708 1349 1982 1409 Amymones

1132 1429 1308 1473 quoque
1328 1415 1521 1459 fabulam
1541 1415 1681 1474 tangit
1708 1414 1819 1460 Stat.
1841 1415 1981 1461 Theb.

1131 1494 1207 1537 vr,
1243 1480 1336 1525 288.
1359 1481 1523 1525 Bunn.

1184 1546 1225 1590 6.
1253 1546 1371 1590 Urna
1388 1562 1563 1591 comam.
1590 1546 1709 1590 Urna
1720 1551 1872 1603 capul,
1897 1546 1987 1591 duo

1131 1610 1243 1656 libri.

1189 1694 1226 1735 7.
1245 1677 1527 1734 Aquilamque
1545 1681 1591 1721 ιἰι
1611 1681 1654 1720 le
1669 1682 1911 1735 tantumque
1929 1683 1988 1721 li-

1130 1744 1305 1785 mebam.
1325 1741 1487 1785 Jovcm
1507 1742 1595 1785 scil.
1616 1742 1690 1799 qui
1711 1742 1846 1786 modo
1865 1749 1989 1801 aqui-

1130 1810 1182 1849 lae
1195 1839 1207 1862 ,
1230 1814 1280 1850 ut
1294 1806 1588 1867 Ganymeden
1608 1825 1619 1859 ;
1641 1808 1922 1859 tantimodo,
1941 1817 1990 1852 ut

1132 1870 1360 1929 Europam
1370 1879 1561 1929 raperet,
1572 1872 1761 1915 sormam
1772 1871 1989 1916 induerat.

1185 1936 1223 1980 8.
1245 1938 1375 1980 Fecit.
1395 1935 1462 1980 lta
1484 1936 1600 1980 Flor.
1624 1950 1683 1990 ῐῐ,
1707 1937 1759 1980 6:
1781 1940 1994 1981 Fecerant

1129 2003 1184 2045 de
1195 2006 1397 2045 servante
1410 2003 1765 2045 Romanos-‚Just
1779 2002 1805 2045 Ι.
1821 2016 1961 2046 xxxlv
1977 2036 1990 2055 ,

1130 2083 1182 2111 2:
1202 2069 1273 2111 De
1283 2070 1592 2124 speclalon'bus
1610 2068 1906 2123 caple‘us‘sacle‘.
1931 2068 1989 2111 Et

1130 2133 1231 2176 infr.
1254 2131 1411 2176 Amor.
1434 2145 1490 2175 111
1508 2165 1521 2187 ,
1547 2132 1668 2189 Eleg.
1690 2146 1757 2175 x11
1777 2166 1788 2188 ,
1813 2133 1860 2175 3ι
1883 2145 1895 2172 :

1129 2203 1179 2234 De
1192 2201 1299 2238 Niobe
1313 2202 1452 2240 silicem,
1464 2201 1503 2231 de
1517 2202 1642 2241 virgine
1656 2201 1795 2231 fecimus
1808 2212 1928 2232 umam.
1946 2203 1986 2233 B.

1185 2280 1225 2322 9.
1271 2263 1421 2307 Abest.
1465 2261 1629 2318 Regius
1669 2260 1805 2305 codex
1820 2294 1833 2315 ,
1882 2264 1987 2304 abit.

1135 2327 1272 2371 Recte
1290 2360 1302 2382 ,
1339 2327 1374 2370 si
1394 2330 1490 2369 abit
1505 2341 1586 2383 pro
1604 2329 1716 2370 abiit
1739 2326 1892 2383 capias.
1921 2327 1988 2370 ln.

1132 2414 1188 2425 —
1199 2393 1427 2449 Am'me'que
1439 2395 1615 2435 evanuit
1623 2394 1759 2435 σιτίον.
1776 2394 1993 2435 Βεναηιιίί

1131 2473 1267 2508 error,
1300 2465 1501 2514 excerpta
1535 2457 1724 2500 Puteani
1748 2464 1792 2499 et
1821 2457 1988 2500 Sarra-

1131 2520 1284 2564 vianus
1299 2553 1313 2576 ‚
1349 2536 1452 2564 cum
1473 2520 1564 2563 aliis
1591 2521 1828 2564 nonnullis.
1851 2520 1990 2578 Qui-

1132 2584 1236 2628 dam
1251 2618 1263 2640 ,
1297 2590 1490 2629 revanue'l
1503 2588 1639 2629 ardor.
1673 2588 1924 2631 Puteaneus
1945 2596 1990 2630 et

1134 2650 1462 2695 Arundelianus
1473 2685 1485 2707 ,
1503 2657 1692 2695 resanuit
1703 2669 1842 2696 error:
1858 2662 1990 2696 recte.

1133 2718 1348 2768 Ermum,
1372 2733 1454 2775 pro
1475 2733 1625 2760 amore
1642 2750 1654 2772 ,
1678 2719 1836 2775 passim
1863 2718 1989 2775 ponit

1132 2773 1307 2828 Noster.
1329 2783 1515 2827 Metam.
1538 2797 1566 2825 x
1580 2816 1591 2838 ,
1615 2783 1694 2838 342
1715 2799 1725 2826 ε

1369 2857 1504 2888 Retinet
1523 2858 1629 2887 malus
1646 2868 1740 2886 error
1751 2863 1925 2887 amantem.

1137 2918 1351 2976 Exemplo
1365 2918 1610 2977 Virgiliano
1622 2951 1634 2972 ,
1659 2917 1751 2961 Ecl.
1765 2931 1856 2960 vm
1871 2951 1883 2973 ,
1908 2921 1986 2973 41:

1357 2987 1408 3019 Ut
1423 2998 1474 3017 me
1487 2987 1594 3017 malus
1611 2987 1859 3018 abstulitvrror
1872 2989 1885 3018 .'
1900 2989 1946 3019 H.

1196 3067 1212 3093 1
1225 3067 1239 3093 ι
1249 3084 1258 3093 .
1272 3050 1451 3092 Manem
1457 3051 1615 3104 poscis.
1629 3049 1812 3091 Proemeia
1821 3082 1831 3099 ‚
1847 3049 1990 3105 prima

1137 3113 1297 3158 editio:
1321 3115 1444 3170 cujus
1463 3112 1697 3170 glossema,
1715 3130 1887 3156 munera
1900 3131 1991 3157 esse

1136 3188 1257 3237 puto.
1296 3181 1476 3222 Pnemia
1494 3178 1616 3220 enim
1634 3193 1747 3236 saepe
1777 3178 1922 3236 praeda
1944 3188 1992 3222 et

1137 3244 1274 3301 spolia
1289 3251 1503 3287 vocantur
1515 3275 1528 3299 ‚
1542 3242 1595 3286 de
1607 3245 1763 3300 quibus
1776 3244 1846 3287 hic
1856 3244 1993 3287 verbo

1139 3308 1289 3352 odioso
1304 3308 1392 3366 agit
1407 3341 1419 3363 ,
1434 3317 1483 3351 ut
1496 3323 1599 3351 mox
1612 3325 1651 3352 v.
1668 3326 1721 3368 29
1732 3342 1744 3363 ‚
1759 3312 1898 3365 spolia
1913 3325 1994 3351 vo-

1139 3383 1208 3418 cat
1229 3382 1272 3417 et
1283 3388 1322 3417 v.
1344 3373 1410 3416 53.
1432 3373 1486 3417 In
1505 3374 1654 3417 multis
1669 3382 1713 3417 et
1729 3374 1904 3431 optimis
1919 3391 1996 3418 co-

1142 3439 1306 3498 dicibus
1322 3447 1385 3483 est
1397 3472 1408 3496 ,
1426 3456 1456 3482 a
1469 3442 1783 3495 divitepraemz'a
1791 3445 1925 3495 posci.
1941 3440 1992 3482 B.

1735 3516 1770 3585 4
