<?xml version="1.0" encoding="UTF-8"?>
<!DOCTYPE html PUBLIC "-//W3C//DTD XHTML 1.0 Transitional//EN"
    "http://www.w3.org/TR/xhtml1/DTD/xhtml1-transitional.dtd">
<html xmlns="http://www.w3.org/1999/xhtml" xml:lang="en" lang="en">
 <head>
  <title>
</title>
<meta http-equiv="Content-Type" content="text/html;charset=utf-8" />
  <meta name='ocr-system' content='tesseract 3.04.00' />
  <meta name='ocr-capabilities' content='ocr_page ocr_carea ocr_par ocr_line ocrx_word'/>
</head>
<body>
  <div class='ocr_page' id='page_1' title='image "./quaeextantomniao02oviduoft_0381.png"; bbox 0 0 2268 3776; ppageno 0'>
   <div class='ocr_carea' id='block_1_1' title="bbox 498 273 1670 341">
    <p class='ocr_par' dir='ltr' id='par_1_1' title="bbox 498 273 1670 341">
     <span class='ocr_line' id='line_1_1' title="bbox 498 273 1670 341; baseline -0.001 -1"><span class='ocrx_word' id='word_1_1' title='bbox 498 282 755 341; x_wconf 87' lang='lat' dir='ltr'>ARTIS</span> <span class='ocrx_word' id='word_1_2' title='bbox 804 273 1285 339; x_wconf 84' lang='lat' dir='ltr'>AMATORIAE</span> <span class='ocrx_word' id='word_1_3' title='bbox 1327 282 1494 339; x_wconf 88' lang='lat' dir='ltr'><strong>LIB.</strong></span> <span class='ocrx_word' id='word_1_4' title='bbox 1542 285 1670 340; x_wconf 92' lang='lat'>111.</span> 
     </span>
    </p>
   </div>
   <div class='ocr_carea' id='block_1_2' title="bbox 193 396 1738 487">
    <p class='ocr_par' dir='ltr' id='par_1_2' title="bbox 193 396 1738 487">
     <span class='ocr_line' id='line_1_2' title="bbox 193 396 1738 487; baseline -0.004 -21"><span class='ocrx_word' id='word_1_5' title='bbox 193 403 349 487; x_wconf 86' lang='lat' dir='ltr'><strong>Quid</strong></span> <span class='ocrx_word' id='word_1_6' title='bbox 376 402 561 464; x_wconf 90' lang='lat' dir='ltr'><strong>minus</strong></span> <span class='ocrx_word' id='word_1_7' title='bbox 588 396 958 461; x_wconf 82' lang='lat' dir='ltr'><strong>Andromedae</strong></span> <span class='ocrx_word' id='word_1_8' title='bbox 987 396 1169 458; x_wconf 83' lang='lat' dir='ltr'><strong>suerat</strong></span> <span class='ocrx_word' id='word_1_9' title='bbox 1201 421 1419 481; x_wconf 86' lang='lat' dir='ltr'><strong>sperare</strong></span> <span class='ocrx_word' id='word_1_10' title='bbox 1449 399 1738 474; x_wconf 81' lang='lat' dir='ltr'><strong>revinctae‚</strong></span> 
     </span>
    </p>
   </div>
   <div class='ocr_carea' id='block_1_3' title="bbox 275 493 1514 581">
    <p class='ocr_par' dir='ltr' id='par_1_3' title="bbox 275 493 1514 581">
     <span class='ocr_line' id='line_1_3' title="bbox 275 493 1514 581; baseline -0.003 -20"><span class='ocrx_word' id='word_1_11' title='bbox 275 500 459 581; x_wconf 84' lang='lat' dir='ltr'><strong>Quam</strong></span> <span class='ocrx_word' id='word_1_12' title='bbox 478 497 730 559; x_wconf 86' lang='lat' dir='ltr'><strong>lacrimas</strong></span> <span class='ocrx_word' id='word_1_13' title='bbox 761 494 864 556; x_wconf 88' lang='lat' dir='ltr'><strong>ulli</strong></span> <span class='ocrx_word' id='word_1_14' title='bbox 893 518 1063 579; x_wconf 89' lang='lat' dir='ltr'><strong>posse</strong></span> <span class='ocrx_word' id='word_1_15' title='bbox 1091 493 1307 579; x_wconf 89' lang='lat' dir='ltr'><strong>placere</strong></span> <span class='ocrx_word' id='word_1_16' title='bbox 1339 498 1514 557; x_wconf 86' lang='lat' dir='ltr'><strong>suas?</strong></span> 
     </span>
    </p>
   </div>
   <div class='ocr_carea' id='block_1_4' title="bbox 191 592 1992 1459">
    <p class='ocr_par' dir='ltr' id='par_1_4' title="bbox 191 592 1992 1459">
     <span class='ocr_line' id='line_1_4' title="bbox 191 592 1536 679; baseline -0.005 -19"><span class='ocrx_word' id='word_1_17' title='bbox 191 600 407 660; x_wconf 88' lang='lat' dir='ltr'><strong>Funere</strong></span> <span class='ocrx_word' id='word_1_18' title='bbox 434 618 577 679; x_wconf 85' lang='lat' dir='ltr'><strong>saepe</strong></span> <span class='ocrx_word' id='word_1_19' title='bbox 607 593 711 654; x_wconf 84' lang='lat' dir='ltr'><strong>viri</strong></span> <span class='ocrx_word' id='word_1_20' title='bbox 739 593 822 654; x_wconf 90' lang='lat' dir='ltr'><strong>vir</strong></span> <span class='ocrx_word' id='word_1_21' title='bbox 852 592 1118 678; x_wconf 85' lang='lat' dir='ltr'><strong>quaeritur</strong></span> <span class='ocrx_word' id='word_1_22' title='bbox 1146 617 1160 655; x_wconf 70' lang='grc' dir='ltr'><strong>ε</strong></span> <span class='ocrx_word' id='word_1_23' title='bbox 1192 592 1301 654; x_wconf 91' lang='lat' dir='ltr'><strong>isse</strong></span> <span class='ocrx_word' id='word_1_24' title='bbox 1335 592 1536 654; x_wconf 90' lang='lat' dir='ltr'><strong>solutis</strong></span> 
     </span>
     <span class='ocr_line' id='line_1_5' title="bbox 278 690 1515 766; baseline -0.004 -10"><span class='ocrx_word' id='word_1_25' title='bbox 278 693 545 757; x_wconf 87' lang='lat' dir='ltr'><strong>Crinibus</strong></span> <span class='ocrx_word' id='word_1_26' title='bbox 564 738 579 766; x_wconf 89' lang='lat'>‚</span> <span class='ocrx_word' id='word_1_27' title='bbox 611 705 666 753; x_wconf 91' lang='lat' dir='ltr'><strong>et</strong></span> <span class='ocrx_word' id='word_1_28' title='bbox 694 691 856 753; x_wconf 88' lang='lat' dir='ltr'><strong>fletus</strong></span> <span class='ocrx_word' id='word_1_29' title='bbox 885 715 1003 752; x_wconf 93' lang='lat' dir='ltr'><strong>non</strong></span> <span class='ocrx_word' id='word_1_30' title='bbox 1034 690 1306 765; x_wconf 86' lang='lat' dir='ltr'><strong>tenuisse,</strong></span> <span class='ocrx_word' id='word_1_31' title='bbox 1343 690 1515 752; x_wconf 85' lang='lat' dir='ltr'><strong>decet.</strong></span> 
     </span>
     <span class='ocr_line' id='line_1_6' title="bbox 196 787 1642 874; baseline -0.001 -21"><span class='ocrx_word' id='word_1_32' title='bbox 196 790 305 853; x_wconf 88' lang='lat' dir='ltr'><strong>Sed</strong></span> <span class='ocrx_word' id='word_1_33' title='bbox 333 790 500 852; x_wconf 81' lang='lat' dir='ltr'><strong>vitate</strong></span> <span class='ocrx_word' id='word_1_34' title='bbox 530 789 678 851; x_wconf 88' lang='lat' dir='ltr'><strong>viros</strong></span> <span class='ocrx_word' id='word_1_35' title='bbox 709 787 921 851; x_wconf 90' lang='lat' dir='ltr'><strong>cultum</strong></span> <span class='ocrx_word' id='word_1_36' title='bbox 950 789 1296 874; x_wconf 87' lang='lat' dir='ltr'><strong>formamque</strong></span> <span class='ocrx_word' id='word_1_37' title='bbox 1324 788 1642 873; x_wconf 81' lang='lat' dir='ltr'><strong>professos3</strong></span> 
     </span>
     <span class='ocr_line' id='line_1_7' title="bbox 275 887 1508 971; baseline -0.002 -22"><span class='ocrx_word' id='word_1_38' title='bbox 275 888 503 971; x_wconf 84' lang='lat' dir='ltr'><strong>Quique</strong></span> <span class='ocrx_word' id='word_1_39' title='bbox 536 911 662 949; x_wconf 91' lang='lat' dir='ltr'><strong>suas</strong></span> <span class='ocrx_word' id='word_1_40' title='bbox 692 902 917 971; x_wconf 90' lang='lat' dir='ltr'><strong>ponunt</strong></span> <span class='ocrx_word' id='word_1_41' title='bbox 946 887 1005 947; x_wconf 92' lang='lat' dir='ltr'><strong>in</strong></span> <span class='ocrx_word' id='word_1_42' title='bbox 1034 887 1275 949; x_wconf 87' lang='lat' dir='ltr'><strong>statione</strong></span> <span class='ocrx_word' id='word_1_43' title='bbox 1304 910 1508 949; x_wconf 89' lang='lat' dir='ltr'><strong>comas.</strong></span> 
     </span>
     <span class='ocr_line' id='line_1_8' title="bbox 197 983 1992 1069; baseline 0.001 -23"><span class='ocrx_word' id='word_1_44' title='bbox 197 985 338 1067; x_wconf 83' lang='lat' dir='ltr'><strong>Quae</strong></span> <span class='ocrx_word' id='word_1_45' title='bbox 368 985 530 1047; x_wconf 88' lang='lat' dir='ltr'><strong>vobis</strong></span> <span class='ocrx_word' id='word_1_46' title='bbox 561 986 756 1048; x_wconf 90' lang='lat' dir='ltr'><strong>dicunt</strong></span> <span class='ocrx_word' id='word_1_47' title='bbox 776 1032 791 1059; x_wconf 90' lang='lat'>‚</span> <span class='ocrx_word' id='word_1_48' title='bbox 818 985 1079 1047; x_wconf 84' lang='lat' dir='ltr'><strong>dixerunt</strong></span> <span class='ocrx_word' id='word_1_49' title='bbox 1105 983 1257 1046; x_wconf 91' lang='lat' dir='ltr'><strong>mille</strong></span> <span class='ocrx_word' id='word_1_50' title='bbox 1287 983 1491 1069; x_wconf 88' lang='lat' dir='ltr'><strong>puellis</strong></span> <span class='ocrx_word' id='word_1_51' title='bbox 1514 1010 1526 1045; x_wconf 93' lang='lat'><strong>:</strong></span> <span class='ocrx_word' id='word_1_52' title='bbox 1909 1002 1992 1059; x_wconf 76' lang='grc'><strong>435</strong></span> 
     </span>
     <span class='ocr_line' id='line_1_9' title="bbox 278 1082 1458 1159; baseline -0.002 -14"><span class='ocrx_word' id='word_1_53' title='bbox 278 1086 442 1146; x_wconf 85' lang='lat' dir='ltr'><strong>Errat</strong></span> <span class='ocrx_word' id='word_1_54' title='bbox 459 1132 474 1159; x_wconf 91' lang='lat'>‚</span> <span class='ocrx_word' id='word_1_55' title='bbox 504 1100 559 1147; x_wconf 92' lang='lat' dir='ltr'><strong>et</strong></span> <span class='ocrx_word' id='word_1_56' title='bbox 587 1085 646 1146; x_wconf 90' lang='lat' dir='ltr'><strong>in</strong></span> <span class='ocrx_word' id='word_1_57' title='bbox 675 1083 829 1146; x_wconf 88' lang='lat' dir='ltr'><strong>nulla</strong></span> <span class='ocrx_word' id='word_1_58' title='bbox 855 1082 983 1146; x_wconf 88' lang='lat' dir='ltr'><strong>sede</strong></span> <span class='ocrx_word' id='word_1_59' title='bbox 1007 1098 1260 1145; x_wconf 86' lang='lat' dir='ltr'><strong>moratur</strong></span> <span class='ocrx_word' id='word_1_60' title='bbox 1286 1107 1458 1144; x_wconf 87' lang='lat' dir='ltr'><strong>amor.</strong></span> 
     </span>
     <span class='ocr_line' id='line_1_10' title="bbox 195 1180 1618 1267; baseline -0.001 -24"><span class='ocrx_word' id='word_1_61' title='bbox 195 1181 423 1244; x_wconf 89' lang='lat' dir='ltr'><strong>Femina</strong></span> <span class='ocrx_word' id='word_1_62' title='bbox 447 1182 583 1267; x_wconf 87' lang='lat' dir='ltr'><strong>quid</strong></span> <span class='ocrx_word' id='word_1_63' title='bbox 609 1182 802 1256; x_wconf 86' lang='lat' dir='ltr'><strong>faciat,</strong></span> <span class='ocrx_word' id='word_1_64' title='bbox 835 1205 1009 1266; x_wconf 90' lang='lat' dir='ltr'><strong>quum</strong></span> <span class='ocrx_word' id='word_1_65' title='bbox 1039 1182 1115 1245; x_wconf 91' lang='lat' dir='ltr'><strong>sit</strong></span> <span class='ocrx_word' id='word_1_66' title='bbox 1141 1181 1226 1243; x_wconf 86' lang='lat' dir='ltr'><strong>vir</strong></span> <span class='ocrx_word' id='word_1_67' title='bbox 1254 1180 1429 1244; x_wconf 87' lang='lat' dir='ltr'><strong>levior</strong></span> <span class='ocrx_word' id='word_1_68' title='bbox 1458 1180 1582 1264; x_wconf 88' lang='lat' dir='ltr'><strong>ipsa</strong></span> <span class='ocrx_word' id='word_1_69' title='bbox 1600 1227 1618 1252; x_wconf 82' lang='lat'><strong>‚</strong></span> 
     </span>
     <span class='ocr_line' id='line_1_11' title="bbox 275 1279 1495 1366; baseline -0.002 -24"><span class='ocrx_word' id='word_1_70' title='bbox 275 1282 535 1342; x_wconf 88' lang='lat' dir='ltr'><strong>Forsitan</strong></span> <span class='ocrx_word' id='word_1_71' title='bbox 560 1296 615 1343; x_wconf 94' lang='lat' dir='ltr'><strong>et</strong></span> <span class='ocrx_word' id='word_1_72' title='bbox 636 1279 826 1366; x_wconf 91' lang='lat' dir='ltr'><strong>plures</strong></span> <span class='ocrx_word' id='word_1_73' title='bbox 849 1280 1032 1364; x_wconf 87' lang='lat' dir='ltr'><strong>possit</strong></span> <span class='ocrx_word' id='word_1_74' title='bbox 1060 1279 1269 1341; x_wconf 85' lang='lat' dir='ltr'><strong>habere</strong></span> <span class='ocrx_word' id='word_1_75' title='bbox 1298 1279 1495 1339; x_wconf 85' lang='lat' dir='ltr'><strong>viros?</strong></span> 
     </span>
     <span class='ocr_line' id='line_1_12' title="bbox 198 1375 1677 1459; baseline 0 -23"><span class='ocrx_word' id='word_1_76' title='bbox 198 1377 308 1439; x_wconf 82' lang='lat' dir='ltr'><strong>Vix</strong></span> <span class='ocrx_word' id='word_1_77' title='bbox 336 1377 476 1438; x_wconf 90' lang='lat' dir='ltr'><strong>mihi</strong></span> <span class='ocrx_word' id='word_1_78' title='bbox 507 1377 776 1451; x_wconf 83' lang='lat' dir='ltr'><strong>credetis3</strong></span> <span class='ocrx_word' id='word_1_79' title='bbox 806 1375 904 1439; x_wconf 90' lang='lat' dir='ltr'><strong>scd</strong></span> <span class='ocrx_word' id='word_1_80' title='bbox 935 1375 1142 1438; x_wconf 89' lang='lat' dir='ltr'><strong>credite</strong></span> <span class='ocrx_word' id='word_1_81' title='bbox 1167 1402 1180 1437; x_wconf 92' lang='lat'><strong>:</strong></span> <span class='ocrx_word' id='word_1_82' title='bbox 1205 1377 1376 1459; x_wconf 86' lang='lat' dir='ltr'><strong>Troja</strong></span> <span class='ocrx_word' id='word_1_83' title='bbox 1404 1390 1677 1446; x_wconf 85' lang='lat' dir='ltr'><strong>maneret,</strong></span> 
     </span>
    </p>
   </div>
   <div class='ocr_carea' id='block_1_5' title="bbox 281 1472 1384 1557">
    <p class='ocr_par' dir='ltr' id='par_1_5' title="bbox 281 1472 1384 1557">
     <span class='ocr_line' id='line_1_13' title="bbox 281 1472 1384 1557; baseline -0.003 -23"><span class='ocrx_word' id='word_1_84' title='bbox 281 1473 578 1557; x_wconf 86' lang='lat' dir='ltr'><strong>Praeceptis</strong></span> <span class='ocrx_word' id='word_1_85' title='bbox 607 1472 813 1534; x_wconf 88' lang='lat' dir='ltr'><strong>Priami</strong></span> <span class='ocrx_word' id='word_1_86' title='bbox 841 1473 890 1534; x_wconf 90' lang='lat' dir='ltr'><strong>si</strong></span> <span class='ocrx_word' id='word_1_87' title='bbox 916 1473 1061 1534; x_wconf 90' lang='lat' dir='ltr'><strong>foret</strong></span> <span class='ocrx_word' id='word_1_88' title='bbox 1088 1497 1191 1534; x_wconf 89' lang='lat' dir='ltr'><strong>usa</strong></span> <span class='ocrx_word' id='word_1_89' title='bbox 1221 1472 1384 1534; x_wconf 90' lang='lat' dir='ltr'><strong>senis.</strong></span> 
     </span>
    </p>
   </div>
   <div class='ocr_carea' id='block_1_6' title="bbox 202 1575 1660 1972">
    <p class='ocr_par' dir='ltr' id='par_1_6' title="bbox 202 1575 1660 1972">
     <span class='ocr_line' id='line_1_14' title="bbox 202 1575 1583 1661; baseline -0.001 -25"><span class='ocrx_word' id='word_1_90' title='bbox 202 1575 349 1638; x_wconf 89' lang='lat' dir='ltr'><strong>Sunt</strong></span> <span class='ocrx_word' id='word_1_91' title='bbox 378 1577 476 1660; x_wconf 88' lang='lat' dir='ltr'><strong>qui</strong></span> <span class='ocrx_word' id='word_1_92' title='bbox 504 1576 755 1638; x_wconf 90' lang='lat' dir='ltr'><strong>mendaci</strong></span> <span class='ocrx_word' id='word_1_93' title='bbox 785 1577 967 1661; x_wconf 90' lang='lat' dir='ltr'><strong>specie</strong></span> <span class='ocrx_word' id='word_1_94' title='bbox 998 1591 1319 1656; x_wconf 86' lang='lat' dir='ltr'><strong>grassentur</strong></span> <span class='ocrx_word' id='word_1_95' title='bbox 1345 1575 1548 1637; x_wconf 89' lang='lat' dir='ltr'><strong>amoris</strong></span> <span class='ocrx_word' id='word_1_96' title='bbox 1569 1622 1583 1648; x_wconf 87' lang='lat'>‚</span> 
     </span>
     <span class='ocr_line' id='line_1_15' title="bbox 284 1680 1601 1766; baseline -0.004 -23"><span class='ocrx_word' id='word_1_97' title='bbox 284 1682 506 1766; x_wconf 88' lang='lat' dir='ltr'><strong>Perque</strong></span> <span class='ocrx_word' id='word_1_98' title='bbox 538 1680 722 1743; x_wconf 85' lang='lat' dir='ltr'><strong>aditus</strong></span> <span class='ocrx_word' id='word_1_99' title='bbox 753 1680 888 1743; x_wconf 87' lang='lat' dir='ltr'><strong>tales</strong></span> <span class='ocrx_word' id='word_1_100' title='bbox 917 1680 1072 1743; x_wconf 88' lang='lat' dir='ltr'><strong>lucra</strong></span> <span class='ocrx_word' id='word_1_101' title='bbox 1100 1680 1363 1765; x_wconf 88' lang='lat' dir='ltr'><strong>pudenda</strong></span> <span class='ocrx_word' id='word_1_102' title='bbox 1391 1695 1601 1763; x_wconf 88' lang='lat' dir='ltr'><strong>petant.</strong></span> 
     </span>
     <span class='ocr_line' id='line_1_16' title="bbox 202 1782 1660 1868; baseline -0.003 -22"><span class='ocrx_word' id='word_1_103' title='bbox 202 1785 318 1846; x_wconf 87' lang='lat' dir='ltr'><strong>Nec</strong></span> <span class='ocrx_word' id='word_1_104' title='bbox 348 1808 506 1846; x_wconf 90' lang='lat' dir='ltr'><strong>coma</strong></span> <span class='ocrx_word' id='word_1_105' title='bbox 534 1808 635 1846; x_wconf 86' lang='lat' dir='ltr'><strong>vos</strong></span> <span class='ocrx_word' id='word_1_106' title='bbox 663 1783 820 1846; x_wconf 88' lang='lat' dir='ltr'><strong>fallat</strong></span> <span class='ocrx_word' id='word_1_107' title='bbox 842 1783 1056 1868; x_wconf 88' lang='lat' dir='ltr'><strong>liquida</strong></span> <span class='ocrx_word' id='word_1_108' title='bbox 1081 1784 1419 1844; x_wconf 87' lang='lat' dir='ltr'><strong>nitidissima</strong></span> <span class='ocrx_word' id='word_1_109' title='bbox 1445 1782 1623 1843; x_wconf 85' lang='lat' dir='ltr'><strong>nardo</strong></span> <span class='ocrx_word' id='word_1_110' title='bbox 1647 1807 1660 1842; x_wconf 90' lang='lat'>:</span> 
     </span>
     <span class='ocr_line' id='line_1_17' title="bbox 284 1886 1549 1972; baseline -0.003 -22"><span class='ocrx_word' id='word_1_111' title='bbox 284 1889 403 1950; x_wconf 91' lang='lat' dir='ltr'><strong>Nec</strong></span> <span class='ocrx_word' id='word_1_112' title='bbox 431 1888 625 1971; x_wconf 28' lang='lat' dir='ltr'><strong>brevis·</strong></span> <span class='ocrx_word' id='word_1_113' title='bbox 648 1888 709 1948; x_wconf 91' lang='lat' dir='ltr'><strong>in</strong></span> <span class='ocrx_word' id='word_1_114' title='bbox 737 1911 906 1968; x_wconf 87' lang='lat' dir='ltr'><strong>rugas</strong></span> <span class='ocrx_word' id='word_1_115' title='bbox 934 1886 1158 1968; x_wconf 83' lang='lat' dir='ltr'><strong>cingula</strong></span> <span class='ocrx_word' id='word_1_116' title='bbox 1184 1910 1377 1972; x_wconf 88' lang='lat' dir='ltr'><strong>pressa</strong></span> <span class='ocrx_word' id='word_1_117' title='bbox 1406 1909 1549 1947; x_wconf 88' lang='lat' dir='ltr'><strong>suas.</strong></span> 
     </span>
    </p>
   </div>
   <div class='ocr_carea' id='block_1_7' title="bbox 201 2067 1064 2323">
    <p class='ocr_par' dir='ltr' id='par_1_7' title="bbox 201 2067 1064 2323">
     <span class='ocr_line' id='line_1_18' title="bbox 201 2067 1064 2128; baseline -0.002 -14"><span class='ocrx_word' id='word_1_118' title='bbox 201 2084 305 2115; x_wconf 87' lang='lat' dir='ltr'><strong>cum</strong></span> <span class='ocrx_word' id='word_1_119' title='bbox 326 2068 471 2128; x_wconf 79' lang='lat' dir='ltr'><strong>prima</strong></span> <span class='ocrx_word' id='word_1_120' title='bbox 492 2067 703 2113; x_wconf 79' lang='lat' dir='ltr'><strong>editione.</strong></span> <span class='ocrx_word' id='word_1_121' title='bbox 728 2069 899 2114; x_wconf 71' lang='lat' dir='ltr'><strong>Hsms.</strong></span> <span class='ocrx_word' id='word_1_122' title='bbox 936 2071 1064 2115; x_wconf 79' lang='lat' dir='ltr'><strong>Venit</strong></span> 
     </span>
     <span class='ocr_line' id='line_1_19' title="bbox 203 2135 1061 2194; baseline 0 -14"><span class='ocrx_word' id='word_1_123' title='bbox 203 2136 338 2181; x_wconf 80' lang='lat' dir='ltr'><strong>etiam</strong></span> <span class='ocrx_word' id='word_1_124' title='bbox 346 2135 584 2181; x_wconf 68' lang='lat' dir='ltr'><strong>Bet-nensis</strong></span> <span class='ocrx_word' id='word_1_125' title='bbox 594 2145 639 2181; x_wconf 89' lang='lat' dir='ltr'><strong>et</strong></span> <span class='ocrx_word' id='word_1_126' title='bbox 652 2145 842 2194; x_wconf 89' lang='lat' dir='ltr'><strong>quatuor</strong></span> <span class='ocrx_word' id='word_1_127' title='bbox 855 2137 925 2181; x_wconf 85' lang='lat' dir='ltr'><strong>alii</strong></span> <span class='ocrx_word' id='word_1_128' title='bbox 941 2154 951 2182; x_wconf 93' lang='lat'>:</span> <span class='ocrx_word' id='word_1_129' title='bbox 966 2153 1061 2181; x_wconf 89' lang='lat' dir='ltr'><strong>non</strong></span> 
     </span>
     <span class='ocr_line' id='line_1_20' title="bbox 204 2200 1063 2255; baseline 0.002 -11"><span class='ocrx_word' id='word_1_130' title='bbox 204 2200 318 2245; x_wconf 79' lang='lat' dir='ltr'><strong>male</strong></span> <span class='ocrx_word' id='word_1_131' title='bbox 341 2218 352 2255; x_wconf 90' lang='lat'><strong>;</strong></span> <span class='ocrx_word' id='word_1_132' title='bbox 391 2216 498 2247; x_wconf 82' lang='lat' dir='ltr'><strong>nam</strong></span> <span class='ocrx_word' id='word_1_133' title='bbox 535 2203 684 2245; x_wconf 82' lang='lat' dir='ltr'><strong>cadere</strong></span> <span class='ocrx_word' id='word_1_134' title='bbox 716 2201 875 2245; x_wconf 86' lang='lat' dir='ltr'><strong>melius</strong></span> <span class='ocrx_word' id='word_1_135' title='bbox 913 2202 1063 2246; x_wconf 84' lang='lat' dir='ltr'><strong>avibus</strong></span> 
     </span>
     <span class='ocr_line' id='line_1_21' title="bbox 204 2265 1064 2323; baseline 0.002 -15"><span class='ocrx_word' id='word_1_136' title='bbox 204 2265 427 2309; x_wconf 81' lang='lat' dir='ltr'><strong>convenit.</strong></span> <span class='ocrx_word' id='word_1_137' title='bbox 452 2265 542 2310; x_wconf 82' lang='lat' dir='ltr'><strong>sed</strong></span> <span class='ocrx_word' id='word_1_138' title='bbox 564 2275 610 2309; x_wconf 90' lang='lat' dir='ltr'><strong>et</strong></span> <span class='ocrx_word' id='word_1_139' title='bbox 637 2268 787 2309; x_wconf 82' lang='lat' dir='ltr'><strong>cadere</strong></span> <span class='ocrx_word' id='word_1_140' title='bbox 809 2274 955 2323; x_wconf 87' lang='lat' dir='ltr'><strong>potest</strong></span> <span class='ocrx_word' id='word_1_141' title='bbox 975 2266 1064 2310; x_wconf 88' lang='lat' dir='ltr'><strong>de-</strong></span> 
     </span>
    </p>
   </div>
   <div class='ocr_carea' id='block_1_8' title="bbox 206 2329 1078 2391">
    <p class='ocr_par' dir='ltr' id='par_1_8' title="bbox 206 2329 1078 2391">
     <span class='ocr_line' id='line_1_22' title="bbox 206 2329 1078 2391; baseline 0.002 -17"><span class='ocrx_word' id='word_1_142' title='bbox 206 2330 329 2375; x_wconf 80' lang='lat' dir='ltr'><strong>fendi</strong></span> <span class='ocrx_word' id='word_1_143' title='bbox 351 2364 364 2387; x_wconf 91' lang='lat'>,</span> <span class='ocrx_word' id='word_1_144' title='bbox 396 2340 440 2376; x_wconf 85' lang='lat' dir='ltr'><strong>et</strong></span> <span class='ocrx_word' id='word_1_145' title='bbox 460 2331 671 2376; x_wconf 86' lang='lat' dir='ltr'><strong>similibus</strong></span> <span class='ocrx_word' id='word_1_146' title='bbox 695 2331 810 2376; x_wconf 87' lang='lat' dir='ltr'><strong>locis.</strong></span> <span class='ocrx_word' id='word_1_147' title='bbox 844 2332 928 2375; x_wconf 85' lang='lat' dir='ltr'><strong>Ins.</strong></span> <span class='ocrx_word' id='word_1_148' title='bbox 953 2334 1028 2391; x_wconf 82' lang='lat'><strong>591</strong></span> <span class='ocrx_word' id='word_1_149' title='bbox 1050 2329 1078 2387; x_wconf 58' lang='lat'><strong>;&#39;</strong></span> 
     </span>
    </p>
   </div>
   <div class='ocr_carea' id='block_1_9' title="bbox 205 2395 1071 3052">
    <p class='ocr_par' dir='ltr' id='par_1_9' title="bbox 205 2395 532 2452">
     <span class='ocr_line' id='line_1_23' title="bbox 205 2395 532 2452; baseline 0 -13"><span class='ocrx_word' id='word_1_150' title='bbox 205 2403 253 2439; x_wconf 82' lang='lat' dir='ltr'><strong>et</strong></span> <span class='ocrx_word' id='word_1_151' title='bbox 271 2395 344 2440; x_wconf 88' lang='lat' dir='ltr'><strong>lib.</strong></span> <span class='ocrx_word' id='word_1_152' title='bbox 364 2396 411 2452; x_wconf 90' lang='lat'><strong>1,</strong></span> <span class='ocrx_word' id='word_1_153' title='bbox 436 2396 532 2452; x_wconf 82' lang='grc'><strong><em>646.</em></strong></span> 
     </span>
    </p>

    <p class='ocr_par' dir='ltr' id='par_1_10' title="bbox 209 2459 1068 2717">
     <span class='ocr_line' id='line_1_24' title="bbox 264 2459 1067 2519; baseline 0.001 -17"><span class='ocrx_word' id='word_1_154' title='bbox 264 2460 360 2519; x_wconf 82' lang='lat'><strong>429.</strong></span> <span class='ocrx_word' id='word_1_155' title='bbox 390 2461 508 2515; x_wconf 81' lang='lat' dir='ltr'><strong>Quid</strong></span> <span class='ocrx_word' id='word_1_156' title='bbox 519 2463 658 2502; x_wconf 82' lang='lat' dir='ltr'><strong>minus</strong></span> <span class='ocrx_word' id='word_1_157' title='bbox 676 2460 959 2503; x_wconf 69' lang='lat' dir='ltr'><strong>Andromede</strong></span> <span class='ocrx_word' id='word_1_158' title='bbox 962 2459 1067 2516; x_wconf 84' lang='lat' dir='ltr'><strong>fue·-</strong></span> 
     </span>
     <span class='ocr_line' id='line_1_25' title="bbox 209 2525 1067 2570; baseline 0 -2"><span class='ocrx_word' id='word_1_159' title='bbox 209 2531 280 2569; x_wconf 78' lang='lat' dir='ltr'><strong>ra!</strong></span> <span class='ocrx_word' id='word_1_160' title='bbox 293 2533 373 2570; x_wconf 78' lang='lat' dir='ltr'><strong>etc.</strong></span> <span class='ocrx_word' id='word_1_161' title='bbox 395 2525 452 2569; x_wconf 87' lang='lat' dir='ltr'><strong>In</strong></span> <span class='ocrx_word' id='word_1_162' title='bbox 469 2525 695 2569; x_wconf 87' lang='lat' dir='ltr'><strong>nonnullis</strong></span> <span class='ocrx_word' id='word_1_163' title='bbox 712 2529 866 2570; x_wconf 60' lang='lat' dir='ltr'><strong>reltbloe</strong></span> <span class='ocrx_word' id='word_1_164' title='bbox 883 2535 928 2570; x_wconf 89' lang='lat' dir='ltr'><strong>et</strong></span> <span class='ocrx_word' id='word_1_165' title='bbox 942 2530 1067 2569; x_wconf 75' lang='lat' dir='ltr'><strong>revic-</strong></span> 
     </span>
     <span class='ocr_line' id='line_1_26' title="bbox 212 2591 1068 2651; baseline 0.002 -17"><span class='ocrx_word' id='word_1_166' title='bbox 212 2599 281 2636; x_wconf 81' lang='lat' dir='ltr'><strong>toe.</strong></span> <span class='ocrx_word' id='word_1_167' title='bbox 297 2592 464 2651; x_wconf 81' lang='lat' dir='ltr'><strong>Regius</strong></span> <span class='ocrx_word' id='word_1_168' title='bbox 477 2601 627 2636; x_wconf 85' lang='lat' dir='ltr'><strong>tamen</strong></span> <span class='ocrx_word' id='word_1_169' title='bbox 639 2627 652 2650; x_wconf 83' lang='lat'><em>‚</em></span> <span class='ocrx_word' id='word_1_170' title='bbox 670 2597 872 2636; x_wconf 73' lang='lat' dir='ltr'><strong>rem&#39;nctoe.</strong></span> <span class='ocrx_word' id='word_1_171' title='bbox 885 2591 1068 2636; x_wconf 88' lang='lat' dir='ltr'><strong>Germa-</strong></span> 
     </span>
     <span class='ocr_line' id='line_1_27' title="bbox 212 2659 982 2717; baseline -0.001 -13"><span class='ocrx_word' id='word_1_172' title='bbox 212 2659 336 2704; x_wconf 79' lang='lat' dir='ltr'><strong>nicus</strong></span> <span class='ocrx_word' id='word_1_173' title='bbox 356 2660 401 2704; x_wconf 90' lang='lat' dir='ltr'><strong>in</strong></span> <span class='ocrx_word' id='word_1_174' title='bbox 421 2660 621 2717; x_wconf 81' lang='lat' dir='ltr'><strong>Arateis,</strong></span> <span class='ocrx_word' id='word_1_175' title='bbox 644 2660 698 2704; x_wconf 86' lang='lat' dir='ltr'><strong>de</strong></span> <span class='ocrx_word' id='word_1_176' title='bbox 722 2659 982 2717; x_wconf 81' lang='lat' dir='ltr'><strong>Cassiopea:</strong></span> 
     </span>
    </p>

    <p class='ocr_par' dir='ltr' id='par_1_11' title="bbox 211 2736 1028 2779">
     <span class='ocr_line' id='line_1_28' title="bbox 211 2736 1028 2779; baseline 0 -11"><span class='ocrx_word' id='word_1_177' title='bbox 211 2737 264 2769; x_wconf 76' lang='lat' dir='ltr'><strong>Sic</strong></span> <span class='ocrx_word' id='word_1_178' title='bbox 277 2737 383 2769; x_wconf 82' lang='lat' dir='ltr'><strong>tendit</strong></span> <span class='ocrx_word' id='word_1_179' title='bbox 398 2738 522 2779; x_wconf 70' lang='lat' dir='ltr'><strong>palmas</strong></span> <span class='ocrx_word' id='word_1_180' title='bbox 531 2760 542 2776; x_wconf 90' lang='lat'><em>‚</em></span> <span class='ocrx_word' id='word_1_181' title='bbox 556 2749 618 2768; x_wconf 76' lang='lat' dir='ltr'><strong>ceu</strong></span> <span class='ocrx_word' id='word_1_182' title='bbox 633 2737 677 2768; x_wconf 70' lang='lat' dir='ltr'><strong>sit</strong></span> <span class='ocrx_word' id='word_1_183' title='bbox 688 2737 860 2779; x_wconf 72' lang='lat' dir='ltr'><strong>planctum</strong></span> <span class='ocrx_word' id='word_1_184' title='bbox 873 2736 1028 2768; x_wconf 73' lang='lat' dir='ltr'><strong>relictam</strong></span> 
     </span>
    </p>

    <p class='ocr_par' dir='ltr' id='par_1_12' title="bbox 210 2797 1071 3052">
     <span class='ocr_line' id='line_1_29' title="bbox 210 2797 1067 2842; baseline -0.001 -11"><span class='ocrx_word' id='word_1_185' title='bbox 210 2797 459 2841; x_wconf 61' lang='lat' dir='ltr'><strong>Andromedan,</strong></span> <span class='ocrx_word' id='word_1_186' title='bbox 472 2800 595 2831; x_wconf 73' lang='lat' dir='ltr'><strong>meritae</strong></span> <span class='ocrx_word' id='word_1_187' title='bbox 609 2810 673 2831; x_wconf 86' lang='lat' dir='ltr'><strong>non</strong></span> <span class='ocrx_word' id='word_1_188' title='bbox 685 2801 774 2842; x_wconf 68' lang='lat' dir='ltr'><strong>just·</strong></span> <span class='ocrx_word' id='word_1_189' title='bbox 790 2800 920 2842; x_wconf 72' lang='lat' dir='ltr'><strong>piacula</strong></span> <span class='ocrx_word' id='word_1_190' title='bbox 935 2800 1067 2840; x_wconf 49' lang='lat' dir='ltr'><strong>nunu-in</strong></span> 
     </span>
     <span class='ocr_line' id='line_1_30' title="bbox 213 2861 1071 2921; baseline 0 -16"><span class='ocrx_word' id='word_1_191' title='bbox 213 2861 289 2906; x_wconf 84' lang='lat' dir='ltr'><strong>ubi</strong></span> <span class='ocrx_word' id='word_1_192' title='bbox 319 2865 544 2907; x_wconf 69' lang='lat' dir='ltr'><strong>revinctam</strong></span> <span class='ocrx_word' id='word_1_193' title='bbox 585 2863 784 2907; x_wconf 83' lang='lat' dir='ltr'><strong>similiter</strong></span> <span class='ocrx_word' id='word_1_194' title='bbox 823 2870 931 2921; x_wconf 89' lang='lat' dir='ltr'><strong>puto</strong></span> <span class='ocrx_word' id='word_1_195' title='bbox 962 2863 1071 2906; x_wconf 83' lang='lat' dir='ltr'><strong>scri-</strong></span> 
     </span>
     <span class='ocr_line' id='line_1_31' title="bbox 212 2925 1067 2983; baseline 0.002 -14"><span class='ocrx_word' id='word_1_196' title='bbox 212 2925 425 2970; x_wconf 84' lang='lat' dir='ltr'><strong>bendum.</strong></span> <span class='ocrx_word' id='word_1_197' title='bbox 439 2927 499 2970; x_wconf 89' lang='lat' dir='ltr'><strong>H.</strong></span> <span class='ocrx_word' id='word_1_198' title='bbox 514 2927 645 2971; x_wconf 80' lang='lat' dir='ltr'><strong>—Ex</strong></span> <span class='ocrx_word' id='word_1_199' title='bbox 657 2927 847 2971; x_wconf 88' lang='lat' dir='ltr'><strong>Manilio</strong></span> <span class='ocrx_word' id='word_1_200' title='bbox 858 2936 1007 2971; x_wconf 85' lang='lat' dir='ltr'><strong>autem</strong></span> <span class='ocrx_word' id='word_1_201' title='bbox 1024 2942 1043 2970; x_wconf 88' lang='lat'>1</span> <span class='ocrx_word' id='word_1_202' title='bbox 1055 2961 1067 2983; x_wconf 84' lang='lat'>,</span> 
     </span>
     <span class='ocr_line' id='line_1_32' title="bbox 216 2993 1070 3052; baseline 0.005 -17"><span class='ocrx_word' id='word_1_203' title='bbox 216 2993 296 3035; x_wconf 84' lang='lat'><strong>355</strong></span> <span class='ocrx_word' id='word_1_204' title='bbox 309 3024 322 3048; x_wconf 88' lang='lat'>,</span> <span class='ocrx_word' id='word_1_205' title='bbox 348 3000 532 3050; x_wconf 86' lang='lat' dir='ltr'><strong>utraque</strong></span> <span class='ocrx_word' id='word_1_206' title='bbox 555 2993 682 3038; x_wconf 88' lang='lat' dir='ltr'><strong>lectio</strong></span> <span class='ocrx_word' id='word_1_207' title='bbox 702 2993 881 3038; x_wconf 83' lang='lat' dir='ltr'><strong>defendi</strong></span> <span class='ocrx_word' id='word_1_208' title='bbox 897 3003 1039 3052; x_wconf 88' lang='lat' dir='ltr'><strong>potest</strong></span> <span class='ocrx_word' id='word_1_209' title='bbox 1059 3008 1070 3034; x_wconf 72' lang='grc' dir='ltr'>ἒ</span> 
     </span>
    </p>
   </div>
   <div class='ocr_carea' id='block_1_10' title="bbox 215 3072 1070 3236">
    <p class='ocr_par' dir='ltr' id='par_1_13' title="bbox 215 3072 1070 3236">
     <span class='ocr_line' id='line_1_33' title="bbox 615 3072 950 3114; baseline 0.003 -11.844"><span class='ocrx_word' id='word_1_210' title='bbox 615 3072 780 3114; x_wconf 65' lang='lat' dir='ltr'><strong>Juxtaque</strong></span> <span class='ocrx_word' id='word_1_211' title='bbox 797 3072 950 3104; x_wconf 59' lang='lat' dir='ltr'><strong>relictam</strong></span> 
     </span>
     <span class='ocr_line' id='line_1_34' title="bbox 215 3130 1070 3173; baseline 0 -9"><span class='ocrx_word' id='word_1_212' title='bbox 215 3130 463 3164; x_wconf 73' lang='lat' dir='ltr'><strong>Andromedam</strong></span> <span class='ocrx_word' id='word_1_213' title='bbox 481 3138 591 3164; x_wconf 64' lang='lat' dir='ltr'><strong>ventos</strong></span> <span class='ocrx_word' id='word_1_214' title='bbox 604 3139 802 3166; x_wconf 79' lang='lat' dir='ltr'><strong>metuentem</strong></span> <span class='ocrx_word' id='word_1_215' title='bbox 818 3133 918 3173; x_wconf 79' lang='lat' dir='ltr'><strong>piscis</strong></span> <span class='ocrx_word' id='word_1_216' title='bbox 933 3132 1043 3165; x_wconf 66' lang='lat' dir='ltr'><strong>hiatus</strong></span> <span class='ocrx_word' id='word_1_217' title='bbox 1058 3157 1070 3173; x_wconf 86' lang='lat'><em>,</em></span> 
     </span>
     <span class='ocr_line' id='line_1_35' title="bbox 217 3183 1069 3236; baseline 0 -10"><span class='ocrx_word' id='word_1_218' title='bbox 217 3183 409 3236; x_wconf 65' lang='lat' dir='ltr'><strong>Expositum</strong></span> <span class='ocrx_word' id='word_1_219' title='bbox 422 3201 521 3235; x_wconf 83' lang='lat' dir='ltr'><strong>ponto</strong></span> <span class='ocrx_word' id='word_1_220' title='bbox 534 3192 642 3232; x_wconf 83' lang='lat' dir='ltr'><strong>deflet,</strong></span> <span class='ocrx_word' id='word_1_221' title='bbox 654 3194 863 3235; x_wconf 83' lang='lat' dir='ltr'><strong>scopulisque</strong></span> <span class='ocrx_word' id='word_1_222' title='bbox 876 3196 1069 3226; x_wconf 68' lang='lat' dir='ltr'><strong>revinctam.</strong></span> 
     </span>
    </p>
   </div>
   <div class='ocr_carea' id='block_1_11' title="bbox 220 3255 1074 3506">
    <p class='ocr_par' dir='ltr' id='par_1_14' title="bbox 220 3255 1074 3506">
     <span class='ocr_line' id='line_1_36' title="bbox 274 3255 1073 3311; baseline 0.003 -15"><span class='ocrx_word' id='word_1_223' title='bbox 274 3255 370 3309; x_wconf 82' lang='lat'><strong>431.</strong></span> <span class='ocrx_word' id='word_1_224' title='bbox 388 3255 546 3297; x_wconf 69' lang='lat' dir='ltr'><strong>Funere</strong></span> <span class='ocrx_word' id='word_1_225' title='bbox 561 3269 668 3309; x_wconf 76' lang='lat' dir='ltr'><strong>saepe</strong></span> <span class='ocrx_word' id='word_1_226' title='bbox 685 3258 772 3296; x_wconf 80' lang='lat' dir='ltr'><strong>viri</strong></span> <span class='ocrx_word' id='word_1_227' title='bbox 785 3258 855 3296; x_wconf 81' lang='lat' dir='ltr'><strong>vir</strong></span> <span class='ocrx_word' id='word_1_228' title='bbox 870 3259 1073 3311; x_wconf 69' lang='lat' dir='ltr'><strong>queritur.</strong></span> 
     </span>
     <span class='ocr_line' id='line_1_37' title="bbox 220 3318 1074 3377; baseline 0 -13"><span class='ocrx_word' id='word_1_229' title='bbox 220 3319 364 3364; x_wconf 87' lang='lat' dir='ltr'><strong>Testis</strong></span> <span class='ocrx_word' id='word_1_230' title='bbox 384 3320 586 3362; x_wconf 74' lang='lat' dir='ltr'><strong>Matrona</strong></span> <span class='ocrx_word' id='word_1_231' title='bbox 603 3320 674 3362; x_wconf 80' lang='lat' dir='ltr'><strong>illa</strong></span> <span class='ocrx_word' id='word_1_232' title='bbox 699 3318 946 3377; x_wconf 87' lang='lat' dir='ltr'><strong>Ephesiana</strong></span> <span class='ocrx_word' id='word_1_233' title='bbox 962 3353 973 3375; x_wconf 90' lang='lat'>,</span> <span class='ocrx_word' id='word_1_234' title='bbox 994 3337 1074 3364; x_wconf 91' lang='lat' dir='ltr'><strong>cu-</strong></span> 
     </span>
     <span class='ocr_line' id='line_1_38' title="bbox 220 3384 1074 3442; baseline -0.001 -14"><span class='ocrx_word' id='word_1_235' title='bbox 220 3385 291 3441; x_wconf 73' lang='lat' dir='ltr'><strong>ius</strong></span> <span class='ocrx_word' id='word_1_236' title='bbox 318 3385 546 3429; x_wconf 81' lang='lat' dir='ltr'><strong>historiam</strong></span> <span class='ocrx_word' id='word_1_237' title='bbox 576 3384 820 3442; x_wconf 88' lang='lat' dir='ltr'><strong>Eumolpus</strong></span> <span class='ocrx_word' id='word_1_238' title='bbox 851 3386 1074 3442; x_wconf 83' lang='lat' dir='ltr'><strong>eleganter</strong></span> 
     </span>
     <span class='ocr_line' id='line_1_39' title="bbox 226 3447 1072 3506; baseline 0.001 -14"><span class='ocrx_word' id='word_1_239' title='bbox 226 3447 334 3494; x_wconf 85' lang='lat' dir='ltr'><strong>adeo</strong></span> <span class='ocrx_word' id='word_1_240' title='bbox 347 3458 390 3492; x_wconf 89' lang='lat' dir='ltr'><strong>et</strong></span> <span class='ocrx_word' id='word_1_241' title='bbox 404 3449 554 3493; x_wconf 83' lang='lat' dir='ltr'><strong>festive</strong></span> <span class='ocrx_word' id='word_1_242' title='bbox 571 3458 722 3493; x_wconf 84' lang='lat' dir='ltr'><strong>narrat</strong></span> <span class='ocrx_word' id='word_1_243' title='bbox 736 3481 748 3505; x_wconf 89' lang='lat'>‚</span> <span class='ocrx_word' id='word_1_244' title='bbox 764 3449 879 3506; x_wconf 89' lang='lat' dir='ltr'><strong>apud</strong></span> <span class='ocrx_word' id='word_1_245' title='bbox 892 3450 1072 3493; x_wconf 84' lang='lat' dir='ltr'><strong>Petron.</strong></span> 
     </span>
    </p>
   </div>
   <div class='ocr_carea' id='block_1_12' title="bbox 1142 2067 2012 3504">
    <p class='ocr_par' dir='ltr' id='par_1_15' title="bbox 1142 2067 2006 2324">
     <span class='ocr_line' id='line_1_40' title="bbox 1142 2067 1997 2114; baseline -0.006 0"><span class='ocrx_word' id='word_1_246' title='bbox 1142 2070 1276 2114; x_wconf 81' lang='lat' dir='ltr'><strong>Hanc</strong></span> <span class='ocrx_word' id='word_1_247' title='bbox 1297 2077 1447 2114; x_wconf 84' lang='lat' dir='ltr'><strong>autem</strong></span> <span class='ocrx_word' id='word_1_248' title='bbox 1475 2067 1702 2111; x_wconf 81' lang='lat' dir='ltr'><strong>historiam</strong></span> <span class='ocrx_word' id='word_1_249' title='bbox 1721 2082 1824 2109; x_wconf 82' lang='lat' dir='ltr'><strong>vere</strong></span> <span class='ocrx_word' id='word_1_250' title='bbox 1849 2068 1997 2110; x_wconf 84' lang='lat' dir='ltr'><strong>conti—</strong></span> 
     </span>
     <span class='ocr_line' id='line_1_41' title="bbox 1144 2133 2002 2195; baseline -0.007 -14"><span class='ocrx_word' id='word_1_251' title='bbox 1144 2137 1252 2195; x_wconf 83' lang='lat' dir='ltr'><strong>gisse</strong></span> <span class='ocrx_word' id='word_1_252' title='bbox 1269 2170 1282 2192; x_wconf 91' lang='lat'>,</span> <span class='ocrx_word' id='word_1_253' title='bbox 1317 2145 1470 2180; x_wconf 82' lang='lat' dir='ltr'><strong>auctor</strong></span> <span class='ocrx_word' id='word_1_254' title='bbox 1502 2144 1567 2178; x_wconf 85' lang='lat' dir='ltr'><strong>est</strong></span> <span class='ocrx_word' id='word_1_255' title='bbox 1598 2133 1821 2178; x_wconf 79' lang='lat' dir='ltr'><strong>Flavinius</strong></span> <span class='ocrx_word' id='word_1_256' title='bbox 1837 2166 1848 2185; x_wconf 86' lang='lat'>‚</span> <span class='ocrx_word' id='word_1_257' title='bbox 1888 2134 2002 2190; x_wconf 85' lang='lat' dir='ltr'><strong>apud</strong></span> 
     </span>
     <span class='ocr_line' id='line_1_42' title="bbox 1145 2200 2006 2257; baseline -0.003 -10"><span class='ocrx_word' id='word_1_258' title='bbox 1145 2203 1515 2247; x_wconf 85' lang='lat' dir='ltr'><strong>Sarisberiensem</strong></span> <span class='ocrx_word' id='word_1_259' title='bbox 1532 2235 1544 2255; x_wconf 87' lang='lat'>,</span> <span class='ocrx_word' id='word_1_260' title='bbox 1570 2210 1614 2244; x_wconf 85' lang='lat' dir='ltr'><strong>et</strong></span> <span class='ocrx_word' id='word_1_261' title='bbox 1647 2200 1810 2257; x_wconf 79' lang='lat' dir='ltr'><strong>Ephesi</strong></span> <span class='ocrx_word' id='word_1_262' title='bbox 1834 2200 2006 2244; x_wconf 87' lang='lat' dir='ltr'><strong>mulie-</strong></span> 
     </span>
     <span class='ocr_line' id='line_1_43' title="bbox 1146 2265 1622 2324; baseline -0.008 -13"><span class='ocrx_word' id='word_1_263' title='bbox 1146 2283 1245 2311; x_wconf 86' lang='lat' dir='ltr'><strong>rem</strong></span> <span class='ocrx_word' id='word_1_264' title='bbox 1268 2282 1417 2324; x_wconf 83' lang='lat' dir='ltr'><strong>poenas</strong></span> <span class='ocrx_word' id='word_1_265' title='bbox 1439 2265 1622 2309; x_wconf 85' lang='lat' dir='ltr'><strong>dedisse.</strong></span> 
     </span>
    </p>

    <p class='ocr_par' dir='ltr' id='par_1_16' title="bbox 1147 2331 2012 2657">
     <span class='ocr_line' id='line_1_44' title="bbox 1202 2331 2005 2387; baseline -0.001 -12"><span class='ocrx_word' id='word_1_266' title='bbox 1202 2334 1297 2387; x_wconf 86' lang='lat'><strong><em>440.</em></strong></span> <span class='ocrx_word' id='word_1_267' title='bbox 1317 2334 1544 2386; x_wconf 65' lang='lat' dir='ltr'><strong>Praeceptelr</strong></span> <span class='ocrx_word' id='word_1_268' title='bbox 1564 2332 1733 2373; x_wconf 76' lang='lat' dir='ltr'><strong>Priami</strong></span> <span class='ocrx_word' id='word_1_269' title='bbox 1741 2335 1788 2374; x_wconf 78' lang='lat' dir='ltr'><strong>si</strong></span> <span class='ocrx_word' id='word_1_270' title='bbox 1789 2331 1910 2386; x_wconf 83' lang='lat' dir='ltr'><strong>foret</strong></span> <span class='ocrx_word' id='word_1_271' title='bbox 1926 2347 2005 2374; x_wconf 78' lang='lat' dir='ltr'><strong>usa</strong></span> 
     </span>
     <span class='ocr_line' id='line_1_45' title="bbox 1147 2395 2004 2452; baseline -0.002 -12"><span class='ocrx_word' id='word_1_272' title='bbox 1147 2402 1273 2441; x_wconf 79' lang='lat' dir='ltr'><strong>senis.</strong></span> <span class='ocrx_word' id='word_1_273' title='bbox 1290 2399 1459 2440; x_wconf 84' lang='lat' dir='ltr'><strong>Priame</strong></span> <span class='ocrx_word' id='word_1_274' title='bbox 1477 2400 1563 2439; x_wconf 77' lang='lat' dir='ltr'><strong>tuis</strong></span> <span class='ocrx_word' id='word_1_275' title='bbox 1578 2395 1720 2452; x_wconf 87' lang='lat' dir='ltr'><strong>prima</strong></span> <span class='ocrx_word' id='word_1_276' title='bbox 1735 2395 1872 2439; x_wconf 86' lang='lat' dir='ltr'><strong>editio</strong></span> <span class='ocrx_word' id='word_1_277' title='bbox 1885 2429 1897 2450; x_wconf 90' lang='lat'>,</span> <span class='ocrx_word' id='word_1_278' title='bbox 1919 2397 2004 2440; x_wconf 70' lang='lat' dir='ltr'><strong>Re-</strong></span> 
     </span>
     <span class='ocr_line' id='line_1_46' title="bbox 1149 2462 2012 2522; baseline -0.001 -16"><span class='ocrx_word' id='word_1_279' title='bbox 1149 2464 1265 2522; x_wconf 86' lang='lat' dir='ltr'><strong>gius,</strong></span> <span class='ocrx_word' id='word_1_280' title='bbox 1288 2473 1332 2507; x_wconf 90' lang='lat' dir='ltr'><strong>et</strong></span> <span class='ocrx_word' id='word_1_281' title='bbox 1355 2462 1602 2520; x_wconf 83' lang='lat' dir='ltr'><strong>complures</strong></span> <span class='ocrx_word' id='word_1_282' title='bbox 1626 2462 1695 2506; x_wconf 88' lang='lat' dir='ltr'><strong>alii</strong></span> <span class='ocrx_word' id='word_1_283' title='bbox 1715 2481 1726 2514; x_wconf 86' lang='lat'><strong>;</strong></span> <span class='ocrx_word' id='word_1_284' title='bbox 1748 2462 1824 2506; x_wconf 84' lang='lat' dir='ltr'><strong>sed</strong></span> <span class='ocrx_word' id='word_1_285' title='bbox 1844 2466 2012 2507; x_wconf 64' lang='lat' dir='ltr'><strong>Prehmi</strong></span> 
     </span>
     <span class='ocr_line' id='line_1_47' title="bbox 1150 2531 2006 2588; baseline 0 -13"><span class='ocrx_word' id='word_1_286' title='bbox 1150 2537 1383 2576; x_wconf 82' lang='lat' dir='ltr'><strong>sue‘verum</strong></span> <span class='ocrx_word' id='word_1_287' title='bbox 1400 2541 1488 2587; x_wconf 86' lang='lat' dir='ltr'><strong>est,</strong></span> <span class='ocrx_word' id='word_1_288' title='bbox 1509 2531 1626 2588; x_wconf 89' lang='lat' dir='ltr'><strong>quod</strong></span> <span class='ocrx_word' id='word_1_289' title='bbox 1638 2540 1807 2588; x_wconf 83' lang='lat' dir='ltr'><strong>septem</strong></span> <span class='ocrx_word' id='word_1_290' title='bbox 1817 2542 1890 2576; x_wconf 88' lang='lat' dir='ltr'><strong>aut</strong></span> <span class='ocrx_word' id='word_1_291' title='bbox 1907 2542 2006 2576; x_wconf 89' lang='lat' dir='ltr'><strong>octo</strong></span> 
     </span>
     <span class='ocr_line' id='line_1_48' title="bbox 1149 2599 1789 2657; baseline -0.002 -13"><span class='ocrx_word' id='word_1_292' title='bbox 1149 2608 1319 2644; x_wconf 84' lang='lat' dir='ltr'><strong>veteres</strong></span> <span class='ocrx_word' id='word_1_293' title='bbox 1341 2607 1596 2657; x_wconf 83' lang='lat' dir='ltr'><strong>agnoscunt.</strong></span> <span class='ocrx_word' id='word_1_294' title='bbox 1620 2599 1789 2643; x_wconf 69' lang='lat' dir='ltr'><strong>Hzms.</strong></span> 
     </span>
    </p>

    <p class='ocr_par' dir='ltr' id='par_1_17' title="bbox 1149 2662 2011 3373">
     <span class='ocr_line' id='line_1_49' title="bbox 1206 2662 2005 2719; baseline -0.003 -11"><span class='ocrx_word' id='word_1_295' title='bbox 1206 2665 1301 2719; x_wconf 90' lang='lat'><strong><em>443.</em></strong></span> <span class='ocrx_word' id='word_1_296' title='bbox 1330 2666 1419 2707; x_wconf 83' lang='lat' dir='ltr'><strong>Nec</strong></span> <span class='ocrx_word' id='word_1_297' title='bbox 1439 2680 1560 2707; x_wconf 85' lang='lat' dir='ltr'><strong>coma</strong></span> <span class='ocrx_word' id='word_1_298' title='bbox 1585 2680 1662 2706; x_wconf 80' lang='lat' dir='ltr'><strong>vos</strong></span> <span class='ocrx_word' id='word_1_299' title='bbox 1679 2662 1822 2718; x_wconf 82' lang='lat' dir='ltr'><strong>fallat</strong></span> <span class='ocrx_word' id='word_1_300' title='bbox 1842 2667 2005 2719; x_wconf 76' lang='lat' dir='ltr'><strong>liquida</strong></span> 
     </span>
     <span class='ocr_line' id='line_1_50' title="bbox 1149 2728 2010 2785; baseline -0.001 -14"><span class='ocrx_word' id='word_1_301' title='bbox 1149 2731 1410 2772; x_wconf 73' lang='lat' dir='ltr'><strong>nilidtert&#39;ma</strong></span> <span class='ocrx_word' id='word_1_302' title='bbox 1420 2732 1565 2771; x_wconf 84' lang='lat' dir='ltr'><strong>nardo.</strong></span> <span class='ocrx_word' id='word_1_303' title='bbox 1584 2728 1685 2771; x_wconf 87' lang='lat' dir='ltr'><strong>Hoc</strong></span> <span class='ocrx_word' id='word_1_304' title='bbox 1698 2737 1761 2771; x_wconf 83' lang='lat' dir='ltr'><strong>est</strong></span> <span class='ocrx_word' id='word_1_305' title='bbox 1772 2760 1784 2780; x_wconf 89' lang='lat'>‚</span> <span class='ocrx_word' id='word_1_306' title='bbox 1801 2745 2010 2785; x_wconf 83' lang='lat' dir='ltr'><strong>unguen-</strong></span> 
     </span>
     <span class='ocr_line' id='line_1_51' title="bbox 1151 2793 2003 2851; baseline -0.001 -13"><span class='ocrx_word' id='word_1_307' title='bbox 1151 2803 1199 2838; x_wconf 88' lang='lat' dir='ltr'><strong>to</strong></span> <span class='ocrx_word' id='word_1_308' title='bbox 1214 2794 1404 2838; x_wconf 86' lang='lat' dir='ltr'><strong>nardino</strong></span> <span class='ocrx_word' id='word_1_309' title='bbox 1419 2827 1431 2849; x_wconf 91' lang='lat'>‚</span> <span class='ocrx_word' id='word_1_310' title='bbox 1448 2795 1536 2837; x_wconf 86' lang='lat' dir='ltr'><strong>sive</strong></span> <span class='ocrx_word' id='word_1_311' title='bbox 1556 2795 1645 2851; x_wconf 81' lang='lat' dir='ltr'><strong>ipsa</strong></span> <span class='ocrx_word' id='word_1_312' title='bbox 1659 2793 1824 2836; x_wconf 83' lang='lat' dir='ltr'><strong>nardus</strong></span> <span class='ocrx_word' id='word_1_313' title='bbox 1836 2794 1981 2837; x_wconf 86' lang='lat' dir='ltr'><strong>foliata</strong></span> <span class='ocrx_word' id='word_1_314' title='bbox 1993 2829 2003 2848; x_wconf 86' lang='lat'>‚</span> 
     </span>
     <span class='ocr_line' id='line_1_52' title="bbox 1152 2860 2008 2919; baseline -0.005 -13"><span class='ocrx_word' id='word_1_315' title='bbox 1152 2863 1239 2906; x_wconf 81' lang='lat' dir='ltr'><strong>sive</strong></span> <span class='ocrx_word' id='word_1_316' title='bbox 1262 2863 1420 2919; x_wconf 82' lang='lat' dir='ltr'><strong>spicata</strong></span> <span class='ocrx_word' id='word_1_317' title='bbox 1440 2861 1571 2904; x_wconf 81' lang='lat' dir='ltr'><strong>suerit</strong></span> <span class='ocrx_word' id='word_1_318' title='bbox 1592 2877 1602 2902; x_wconf 73' lang='grc' dir='ltr'>ε</span> <span class='ocrx_word' id='word_1_319' title='bbox 1623 2860 1688 2903; x_wconf 88' lang='lat' dir='ltr'><strong>his</strong></span> <span class='ocrx_word' id='word_1_320' title='bbox 1708 2860 1831 2902; x_wconf 85' lang='lat' dir='ltr'><strong>enim</strong></span> <span class='ocrx_word' id='word_1_321' title='bbox 1850 2861 2008 2903; x_wconf 89' lang='lat' dir='ltr'><strong>nomi-</strong></span> 
     </span>
     <span class='ocr_line' id='line_1_53' title="bbox 1153 2924 2010 2984; baseline -0.001 -14"><span class='ocrx_word' id='word_1_322' title='bbox 1153 2928 1283 2970; x_wconf 88' lang='lat' dir='ltr'><strong>nibus</strong></span> <span class='ocrx_word' id='word_1_323' title='bbox 1298 2926 1412 2984; x_wconf 83' lang='lat' dir='ltr'><strong>apud</strong></span> <span class='ocrx_word' id='word_1_324' title='bbox 1425 2925 1620 2968; x_wconf 90' lang='lat' dir='ltr'><strong>Plinium</strong></span> <span class='ocrx_word' id='word_1_325' title='bbox 1631 2924 1924 2982; x_wconf 85' lang='lat' dir='ltr'><strong>distinguitur.</strong></span> <span class='ocrx_word' id='word_1_326' title='bbox 1939 2928 2010 2969; x_wconf 76' lang='lat' dir='ltr'><strong>Li-</strong></span> 
     </span>
     <span class='ocr_line' id='line_1_54' title="bbox 1152 2989 2008 3049; baseline -0.001 -14"><span class='ocrx_word' id='word_1_327' title='bbox 1152 2995 1280 3049; x_wconf 77' lang='lat' dir='ltr'><strong>quido</strong></span> <span class='ocrx_word' id='word_1_328' title='bbox 1309 2994 1442 3033; x_wconf 81' lang='lat' dir='ltr'><strong>nardo</strong></span> <span class='ocrx_word' id='word_1_329' title='bbox 1463 3025 1473 3038; x_wconf 84' lang='lat'><em>,</em></span> <span class='ocrx_word' id='word_1_330' title='bbox 1508 2989 1662 3047; x_wconf 82' lang='lat' dir='ltr'><strong>viginti</strong></span> <span class='ocrx_word' id='word_1_331' title='bbox 1697 2999 1784 3032; x_wconf 86' lang='lat' dir='ltr'><strong>tres</strong></span> <span class='ocrx_word' id='word_1_332' title='bbox 1825 2990 2008 3035; x_wconf 79' lang='lat' dir='ltr'><strong>codices.</strong></span> 
     </span>
     <span class='ocr_line' id='line_1_55' title="bbox 1155 3054 2011 3109; baseline -0.002 -9"><span class='ocrx_word' id='word_1_333' title='bbox 1155 3058 1274 3100; x_wconf 78' lang='lat' dir='ltr'><strong>Acro</strong></span> <span class='ocrx_word' id='word_1_334' title='bbox 1296 3055 1348 3099; x_wconf 82' lang='lat' dir='ltr'><strong>ad</strong></span> <span class='ocrx_word' id='word_1_335' title='bbox 1367 3056 1523 3098; x_wconf 81' lang='lat' dir='ltr'><strong>Horat.</strong></span> <span class='ocrx_word' id='word_1_336' title='bbox 1547 3054 1592 3097; x_wconf 90' lang='lat' dir='ltr'><strong>II</strong></span> <span class='ocrx_word' id='word_1_337' title='bbox 1606 3088 1618 3109; x_wconf 92' lang='lat'>‚</span> <span class='ocrx_word' id='word_1_338' title='bbox 1646 3054 1736 3099; x_wconf 90' lang='lat' dir='ltr'><strong>Od.</strong></span> <span class='ocrx_word' id='word_1_339' title='bbox 1758 3068 1794 3096; x_wconf 91' lang='lat'><strong>11</strong></span> <span class='ocrx_word' id='word_1_340' title='bbox 1809 3088 1820 3109; x_wconf 88' lang='lat'>,</span> <span class='ocrx_word' id='word_1_341' title='bbox 1844 3064 2011 3098; x_wconf 86' lang='lat' dir='ltr'><strong>notan-</strong></span> 
     </span>
     <span class='ocr_line' id='line_1_56' title="bbox 1155 3120 2009 3178; baseline -0.004 -12"><span class='ocrx_word' id='word_1_342' title='bbox 1155 3123 1262 3166; x_wconf 90' lang='lat' dir='ltr'><strong>dum</strong></span> <span class='ocrx_word' id='word_1_343' title='bbox 1284 3138 1374 3165; x_wconf 85' lang='lat' dir='ltr'><strong>esse</strong></span> <span class='ocrx_word' id='word_1_344' title='bbox 1399 3121 1525 3175; x_wconf 82' lang='lat' dir='ltr'><strong>dicit,</strong></span> <span class='ocrx_word' id='word_1_345' title='bbox 1547 3120 1665 3178; x_wconf 89' lang='lat' dir='ltr'><strong>quod</strong></span> <span class='ocrx_word' id='word_1_346' title='bbox 1689 3121 1904 3164; x_wconf 87' lang='lat' dir='ltr'><strong>feminino</strong></span> <span class='ocrx_word' id='word_1_347' title='bbox 1923 3138 2009 3178; x_wconf 82' lang='lat' dir='ltr'><strong>ge—</strong></span> 
     </span>
     <span class='ocr_line' id='line_1_57' title="bbox 1154 3186 2007 3247; baseline -0.005 -14"><span class='ocrx_word' id='word_1_348' title='bbox 1154 3205 1262 3233; x_wconf 86' lang='lat' dir='ltr'><strong>nere</strong></span> <span class='ocrx_word' id='word_1_349' title='bbox 1283 3187 1439 3230; x_wconf 83' lang='lat' dir='ltr'><strong>dixerit</strong></span> <span class='ocrx_word' id='word_1_350' title='bbox 1462 3187 1638 3247; x_wconf 82' lang='lat' dir='ltr'><strong>Assyria</strong></span> <span class='ocrx_word' id='word_1_351' title='bbox 1655 3186 1809 3230; x_wconf 86' lang='lat' dir='ltr'><strong>nardo.</strong></span> <span class='ocrx_word' id='word_1_352' title='bbox 1832 3189 1871 3228; x_wconf 84' lang='lat' dir='ltr'>V</span> <span class='ocrx_word' id='word_1_353' title='bbox 1876 3187 1932 3229; x_wconf 87' lang='lat' dir='ltr'><strong>id.</strong></span> <span class='ocrx_word' id='word_1_354' title='bbox 1953 3188 2007 3230; x_wconf 89' lang='lat' dir='ltr'><strong>ad</strong></span> 
     </span>
     <span class='ocr_line' id='line_1_58' title="bbox 1156 3252 2008 3309; baseline -0.004 -12"><span class='ocrx_word' id='word_1_355' title='bbox 1156 3269 1208 3308; x_wconf 80' lang='lat' dir='ltr'><strong>x,</strong></span> <span class='ocrx_word' id='word_1_356' title='bbox 1235 3253 1345 3295; x_wconf 90' lang='lat' dir='ltr'><strong>Met.</strong></span> <span class='ocrx_word' id='word_1_357' title='bbox 1366 3252 1457 3295; x_wconf 87' lang='lat'>308.</span> <span class='ocrx_word' id='word_1_358' title='bbox 1486 3252 1696 3309; x_wconf 84' lang='lat' dir='ltr'><strong>Quatuor</strong></span> <span class='ocrx_word' id='word_1_359' title='bbox 1720 3253 1853 3295; x_wconf 88' lang='lat' dir='ltr'><strong>etiam</strong></span> <span class='ocrx_word' id='word_1_360' title='bbox 1878 3252 2008 3295; x_wconf 82' lang='lat' dir='ltr'><strong>codi-</strong></span> 
     </span>
     <span class='ocr_line' id='line_1_59' title="bbox 1155 3318 1952 3373; baseline 0 -13"><span class='ocrx_word' id='word_1_361' title='bbox 1155 3335 1225 3363; x_wconf 88' lang='lat' dir='ltr'><strong>ces</strong></span> <span class='ocrx_word' id='word_1_362' title='bbox 1241 3351 1252 3371; x_wconf 91' lang='lat'>,</span> <span class='ocrx_word' id='word_1_363' title='bbox 1275 3319 1410 3359; x_wconf 68' lang='lat' dir='ltr'><strong>nilz‘do</strong></span> <span class='ocrx_word' id='word_1_364' title='bbox 1428 3320 1712 3373; x_wconf 66' lang='lat' dir='ltr'><strong>It&#39;qut&#39;dllrsima</strong></span> <span class='ocrx_word' id='word_1_365' title='bbox 1730 3321 1875 3360; x_wconf 82' lang='lat' dir='ltr'><strong>nardo.</strong></span> <span class='ocrx_word' id='word_1_366' title='bbox 1901 3318 1952 3360; x_wconf 91' lang='grc' dir='ltr'><strong>Β.</strong></span> 
     </span>
    </p>

    <p class='ocr_par' dir='ltr' id='par_1_18' title="bbox 1148 3382 2012 3504">
     <span class='ocr_line' id='line_1_60' title="bbox 1212 3382 2012 3437; baseline 0.001 -15"><span class='ocrx_word' id='word_1_367' title='bbox 1212 3382 1306 3436; x_wconf 89' lang='lat'><strong><em>444.</em></strong></span> <span class='ocrx_word' id='word_1_368' title='bbox 1341 3383 1431 3423; x_wconf 82' lang='lat' dir='ltr'><strong>Nec</strong></span> <span class='ocrx_word' id='word_1_369' title='bbox 1461 3385 1593 3423; x_wconf 65' lang='lat' dir='ltr'><strong>brevis</strong></span> <span class='ocrx_word' id='word_1_370' title='bbox 1618 3385 1663 3423; x_wconf 78' lang='lat' dir='ltr'><strong>in</strong></span> <span class='ocrx_word' id='word_1_371' title='bbox 1689 3397 1816 3437; x_wconf 73' lang='lat' dir='ltr'><strong>rugas</strong></span> <span class='ocrx_word' id='word_1_372' title='bbox 1843 3385 2012 3437; x_wconf 71' lang='lat' dir='ltr'><strong>cingula</strong></span> 
     </span>
     <span class='ocr_line' id='line_1_61' title="bbox 1148 3448 2011 3504; baseline -0.003 -12"><span class='ocrx_word' id='word_1_373' title='bbox 1148 3464 1301 3503; x_wconf 82' lang='lat' dir='ltr'><strong>pressa</strong></span> <span class='ocrx_word' id='word_1_374' title='bbox 1315 3463 1428 3493; x_wconf 80' lang='lat' dir='ltr'><strong>suas.</strong></span> <span class='ocrx_word' id='word_1_375' title='bbox 1447 3450 1668 3504; x_wconf 72' lang='lat' dir='ltr'><strong>Cingulum</strong></span> <span class='ocrx_word' id='word_1_376' title='bbox 1681 3453 1837 3494; x_wconf 60' lang='lat' dir='ltr'><strong>breuem</strong></span> <span class='ocrx_word' id='word_1_377' title='bbox 1851 3448 1920 3492; x_wconf 86' lang='lat' dir='ltr'><strong>hic</strong></span> <span class='ocrx_word' id='word_1_378' title='bbox 1936 3464 2011 3490; x_wconf 81' lang='lat' dir='ltr'><strong>ex-</strong></span> 
     </span>
    </p>
   </div>
  </div>
 </body>
</html>
