2268 3776
263 285 375 353 304

731 290 797 341 P.
851 289 1149 346 OVIDII
1201 291 1584 351 NASONIS

257 405 373 464 Nec
402 401 682 462 dominam
706 402 878 483 jubeo
908 405 1156 486 pretioso
1186 431 1411 469 munere
1438 411 1611 472 dones
1635 436 1650 472 z

338 501 534 572 Parva,
569 498 665 559 sed
696 523 724 559 e
752 501 936 583 parvis
963 502 1193 564 callidus
1218 522 1345 587 apta
1370 507 1517 567 dat0.

255 598 407 658 Dum
436 597 577 656 bene
612 596 760 658 dives
789 622 947 676 ager,
981 600 1113 659 dum
1143 603 1280 660 rami
1307 605 1557 686 pondere
1587 620 1819 679 nutant,

337 692 568 754 Adferat
595 694 654 752 in
685 694 900 755 calatho
931 698 1137 757 rustica
1167 698 1314 758 dona
1343 725 1499 782 puer.

252 793 406 852 Rure
432 791 756 850 suburbano
788 794 999 874 poteris
1031 795 1136 853 tibi
1171 796 1348 857 dicere
1375 799 1578 871 missa;

1962 818 2045 860 265

333 887 438 948 Illa
460 887 546 948 vel
576 888 634 946 in
666 912 817 949 sacra
844 890 957 949 sint
987 890 1116 951 licet
1146 908 1291 953 emta
1319 895 1422 954 via.

252 985 485 1048 Adferat
512 1000 608 1045 aut
636 1011 797 1059 uvaS‚
829 1003 924 1047 aut
956 1013 1091 1070 quas
1121 990 1419 1073 Amaryllis
1450 993 1701 1066 amabat3

331 1084 411 1143 At
440 1107 588 1143 nunc
619 1098 897 1145 castaneas
923 1110 1040 1145 non
1065 1102 1210 1146 amat
1239 1087 1334 1148 illa
1362 1113 1550 1150 nuces.

253 1180 411 1260 Quin
441 1181 606 1241 etiam
637 1182 915 1265 turdoque
948 1182 1106 1252 licet,
1139 1186 1417 1269 missaque
1438 1186 1731 1259 columba,

334 1278 415 1337 Te
436 1302 736 1339 memorem
765 1280 1005 1341 dominae
1035 1282 1325 1343 testificere
1357 1299 1480 1344 tuae.

250 1375 517 1457 Turpiter
544 1376 634 1436 his
659 1377 860 1437 emitur
886 1402 1013 1461 spes
1042 1380 1239 1440 mortis
1256 1427 1270 1453 ,
1305 1396 1361 1441 et
1389 1381 1527 1441 orba
1555 1395 1823 1441 senectus.

334 1478 427 1539 Ah
455 1493 709 1561 pereant,
742 1504 843 1563 per
871 1504 1013 1563 quos
1042 1506 1272 1544 munera
1299 1483 1508 1544 crimen
1534 1483 1776 1544 habent!

254 1581 412 1660 Quid
442 1580 548 1640 tibi
581 1579 900 1665 praecipiam
927 1598 1148 1645 teneros
1179 1610 1404 1669 quoque
1433 1585 1651 1646 mittere
1676 1583 1911 1645 versus?

334 1686 443 1746 Hei
472 1685 638 1745 mihi!
670 1711 787 1746 non
815 1687 1055 1749 multum
1082 1713 1300 1751 carmen
1321 1690 1556 1750 honoris
1582 1689 1753 1750 habet
1779 1691 1791 1748 !

258 1789 516 1849 Carmina
546 1788 844 1850 laudantur
869 1815 882 1850 ε
909 1791 1007 1850 sed
1035 1815 1268 1852 munera
1295 1816 1496 1871 magna
1525 1806 1809 1876 petuntur.

1965 1807 2047 1863 275

338 1890 662 1952 Dummodo
693 1892 763 1952 sit
798 1892 979 1965 diveS,
1011 1893 1284 1954 barbarus
1313 1894 1432 1977 ipse
1460 1893 1656 1977 placet.

254 1996 440 2056 Aurea
466 2020 616 2056 nunc
643 2020 767 2057 vere
798 2011 932 2056 sunt
961 1995 1172 2057 secula!
1204 1997 1482 2080 plurimus
1513 2021 1647 2057 auro

338 2100 511 2160 Venit
534 2099 720 2159 honos
744 2125 757 2161 :
788 2124 923 2160 auro
956 2100 1287 2161 conciliatur
1316 2125 1486 2160 amor.

256 2204 413 2286 Ipse,
446 2201 577 2263 licet
604 2203 789 2263 Musis
819 2203 1006 2263 venias
1042 2204 1369 2276 comitatuS‚
1402 2204 1680 2274 Homere;

309 2383 401 2426 261.
432 2384 607 2426 Munere
634 2385 776 2427 dones.
808 2383 1111 2428 Mentelianus

254 2458 437 2492 venuste
454 2483 467 2503 ,
488 2453 619 2499 dites,
647 2450 765 2506 quod
787 2451 979 2508 pretioso
999 2468 1110 2493 mu-

256 2515 355 2557 neri
376 2515 710 2558 convenientius
730 2534 740 2566 3
763 2532 855 2559 non
877 2516 970 2559 vult
992 2517 1115 2560 enim

258 2579 360 2621 talia
400 2595 589 2622 munera
623 2580 772 2623 amicae
804 2597 894 2624 esse
933 2580 1078 2623 danda
1098 2614 1112 2636 ,

259 2645 379 2688 unde
395 2646 489 2701 ejus
506 2646 697 2690 sortunae
717 2648 993 2690 incrementa
1011 2664 1116 2705 pos—

256 2711 345 2756 sint
372 2728 548 2755 sumere
564 2745 576 2766 ,
600 2721 643 2755 et
676 2712 746 2754 illa
768 2711 978 2755 ditescere
999 2731 1009 2764 ;
1035 2713 1113 2757 sed

258 2787 435 2821 tantum
457 2795 590 2835 parva
610 2787 655 2821 et
677 2786 773 2835 apta
792 2811 805 2833 ,
828 2786 873 2822 et
900 2778 1113 2822 volunta-

258 2853 353 2888 tem
374 2843 589 2887 testantia.
609 2844 775 2887 BURM.

313 2909 408 2952 265-
437 2910 523 2951 Illa
543 2911 615 2950 vel
628 2913 674 2952 in
692 2924 833 2951 sacra.
859 2910 945 2951 Illa
973 2912 1115 2953 tibiis:

259 2992 386 3019 sacra
405 2974 597 3031 quidam.
629 2975 683 3017 In
702 2975 772 3018 via
793 2975 863 3017 illa
879 3008 891 3029 ‚
913 2975 1081 3017 venalia
1100 3007 1113 3029 ,

258 3041 376 3083 inter
393 3041 473 3083 alia
494 3041 637 3083 edulia
651 3073 663 3095 ,
689 3055 821 3096 poma
835 3049 878 3083 et
891 3041 1049 3096 fruges.

315 3106 410 3162 257.
437 3105 532 3148 Aut
550 3121 656 3162 quas
674 3105 1116 3163 Amaryllzkxamabat.

261 3172 431 3224 Nuces,
455 3171 540 3214 scil.
573 3171 747 3227 respicit
779 3180 928 3214 autem
957 3170 1012 3213 ad
1044 3170 1116 3213 illa

264 3236 418 3291 Virgil.
440 3236 531 3278 Ecl.
554 3250 591 3278 11
608 3269 620 3290 ,
646 3239 696 3279 52
716 3253 726 3279 z

259 3305 463 3346 Castaneasq.
473 3314 658 3342 nuce5,mea
671 3316 752 3346 quas
764 3304 950 3346 Amaryllis
961 3304 1114 3346 amabat.

317 3365 410 3424 259.
440 3367 660 3421 M'ssaque
678 3367 885 3408 columba.
907 3364 996 3407 Alii
1016 3363 1117 3420 qui-

263 3429 365 3474 dam
380 3447 557 3486 corona,
574 3429 691 3488 quod
708 3430 762 3474 de
782 3445 946 3474 corona
959 3429 1117 3483 turdo--⁷

1191 2400 1294 2428 rum
1307 2383 1400 2441 capi
1417 2399 1540 2441 posse
1557 2380 1770 2426 Heinsius
1781 2380 2048 2438 conjecerat,

1190 2459 1241 2493 ut
1260 2449 1589 2494 MartiaLXen.
1612 2450 1665 2490 50
1682 2463 1693 2490 ε

1194 2525 1301 2556 Texta
1316 2525 1397 2555 rosis
1411 2523 1548 2555 sortasse
1563 2523 1624 2553 tibi
1634 2545 1646 2560 ,
1660 2522 1714 2554 vel
1727 2522 1830 2554 divite
1842 2522 1943 2553 nardo
1956 2532 1966 2553 :

1234 2586 1282 2617 At
1296 2584 1377 2616 mihi
1393 2587 1435 2617 de
1450 2584 1559 2617 turdis
1574 2583 1659 2614 sacta
1676 2595 1752 2614 coro

1196 2646 1257 2689 Et
1277 2646 1536 2703 111‚Epigr.
1557 2647 1637 2704 47:

1192 2722 1267 2752 Illic
1338 2732 1442 2753 onam
1462 2733 1496 2762 pl
1488 2721 1577 2761 ‘ingu
1567 2721 1640 2751 iubs
1626 2730 1714 2760 sgra
1737 2731 1788 2750 em
1806 2719 1913 2750 turdis

1711 2780 1781 2811 aisn
1767 2781 1836 2811 sed
1837 2787 1891 2810 nte
1927 2785 1991 2810 ee.t

1754 2594 1799 2614 na
1814 2583 1932 2624 placet?

1193 2781 1242 2813 Le
1225 2792 1302 2823 erpo
1303 2792 1420 2823 enque
1402 2782 1487 2812 elaes
1490 2781 1662 2812 umGallic

1196 2842 1285 2886 Sed
1317 2842 1416 2898 quia
1445 2841 1516 2884 hic
1545 2841 1599 2884 de
1633 2842 1774 2898 parvis
1808 2850 1852 2885 et
1882 2841 2052 2885 rusticis

1195 2908 1455 2951 muneribus
1489 2906 1600 2964 agit,
1631 2907 1827 2963 praetuli,
1858 2907 1976 2963 quod
2004 2907 2052 2949 in

1194 2981 1365 3029 septem
1380 2972 1548 3028 scriptis
1569 2981 1723 3024 exstat,
1750 2977 1961 3029 missaque
1975 2989 2051 3015 co-

1195 3041 1360 3080 lumba
1374 3037 1457 3081 hoc
1479 3038 1600 3080 enim
1616 3038 1888 3094 aptissimum
1904 3039 2054 3080 Vene-

1195 3103 1255 3146 ris
1276 3103 1496 3146 amoribus
1514 3119 1689 3146 munus.
1693 3103 1882 3147 Theocr.
1893 3101 2002 3161 Idyl.
2005 3116 2056 3145 v:

1195 3180 1282 3214 Οκα
1311 3173 1347 3213 οἱ
1368 3171 1435 3212 τάν
1459 3170 1607 3224 φάσσαν
1633 3173 1780 3219 ἵδωκα;
1805 3176 1850 3211 et
1871 3183 1968 3224 quae
1993 3167 2055 3210 ibi

1198 3233 1433 3276 Meursius.
1446 3211 1542 3275 Alia
1554 3241 1786 3289 poetarum
1795 3232 2055 3276 Graecorum

1196 3297 1291 3341 loca
1310 3298 1441 3340 habet
1463 3298 1705 3341 Athenaeus
1727 3298 1798 3340 lib.
1823 3311 1922 3348 xlv,
1962 3311 2024 3353 ¹9·

1252 3382 1349 3421 271.·
1375 3366 1546 3406 Emilur
1572 3380 1678 3417 spes.
1699 3362 2020 3405 Terentianum
2037 3393 2050 3416 ,

1199 3444 1250 3473 ex
1272 3428 1459 3486 Adelph.
1483 3442 1546 3484 11,
1569 3446 1616 3471 21
1642 3444 1652 3473 :
1672 3444 1785 3484 spem
1803 3431 1940 3484 pretio
1969 3443 2053 3470 nan
