2268 3776
237 289 345 358 408

688 294 752 345 P.
809 294 1118 358 OVIDII
1165 296 1552 359 NASONIS

311 409 515 470 Inferet
544 434 691 471 arma
718 411 822 470 tibi
848 435 999 472 saeva
1011 414 1231 475 rebellis
1259 417 1452 478 Amor

232 505 428 583 Quid?
459 506 642 587 quod,
672 522 736 568 ut
761 508 1030 582 abfueriS‚
1064 510 1271 571 avidus·
1284 513 1586 597 sitiensque
1617 514 1849 589 redibis,

310 605 385 662 Et
414 603 654 684 spatium
683 604 883 665 damno
914 608 1134 667 cesserit
1163 632 1324 668 omne
1356 613 1495 671 tuo?

232 722 492 782 VIDERIT
514 768 527 795 ‚
561 724 860 784 Haemoniae
890 725 939 784 si
970 725 1093 806 quis
1123 725 1266 784 mala
1295 727 1500 808 pabula
1530 744 1683 791 terrae
1702 778 1717 802 ‚

309 821 384 879 Et
411 818 648 896 magicas
675 833 816 879 artes
846 843 1010 902 posse
1035 821 1223 901 juvare
1254 837 1432 904 putat.

1927 846 2007 887 250

229 922 343 978 Ista
369 916 613 977 veneficii
644 932 798 977 vetus
830 933 913 977 est
939 918 1025 976 via
1053 943 1064 977 :
1091 933 1283 979 noster
1310 918 1519 1002 Apollo

307 1017 611 1075 Innocuam
639 1038 792 1074 sacro
823 1014 1059 1074 carmine
1090 1031 1368 1076 monstrat
1398 1040 1579 1099 opem.

231 1114 327 1172 Me
356 1112 517 1184 duce,
549 1136 664 1171 non
692 1111 906 1172 tumulo
937 1111 1161 1195 prodire
1185 1113 1479 1193 jubebitur
1505 1113 1703 1174 umbra
1727 1138 1741 1174 :

310 1212 442 1269 Non
471 1233 608 1269 anus
635 1209 826 1268 infami
855 1210 1090 1269 carmine
1119 1225 1342 1292 rumpet
1369 1210 1633 1284 humum3

231 1309 362 1368 Non
392 1330 544 1384 seges
575 1330 640 1366 ex
668 1305 787 1365 aliis
819 1305 958 1365 alios
990 1307 1249 1367 transibit
1275 1307 1335 1366 in
1362 1332 1526 1386 agros
1547 1312 1569 1381 ,’

1930 1292 2011 1369 255

310 1405 424 1464 Nec
454 1403 639 1463 subito
673 1402 874 1463 Phoebi
901 1402 1145 1484 pallidus
1175 1403 1329 1463 orbis
1357 1405 1476 1463 erit.

230 1503 308 1560 Ut
339 1499 511 1571 solet,
544 1524 823 1582 aequoreas
853 1500 961 1561 ibit
986 1501 1286 1561 Tiberinus
1314 1501 1374 1560 in
1399 1499 1578 1562 undas
1604 1526 1619 1562 ε

312 1599 393 1656 Ut
420 1595 593 1668 solet,
623 1596 681 1655 in
708 1596 881 1656 niveis
907 1598 1063 1657 Luna
1090 1597 1320 1658 vehetur
1341 1597 1515 1680 equis.

230 1694 397 1755 Nulla
421 1709 725 1754 recantatas
756 1695 1039 1777 deponent
1065 1710 1291 1778 pectora
1321 1718 1511 1766 curas3

311 1794 425 1851 Nec
449 1791 626 1868 fugiet
649 1791 772 1850 vivo
803 1791 1009 1852 sulfure
1037 1792 1215 1852 victus
1241 1816 1410 1852 amor.

1932 1809 2014 1850 260

235 1888 389 1967 Quid
418 1903 469 1948 te
501 1887 776 1947 Phasiacae
800 1887 1061 1968 juverunt
1087 1889 1331 1966 gramina
1360 1903 1541 1960 terrae‚

286 2064 378 2119 247,
407 2062 619 2116 Quicquid
639 2076 732 2103 eras
741 2060 906 2116 fueris,
933 2066 1083 2105 sinens

230 2129 457 2180 avidusque
474 2127 639 2171 redibis.
665 2126 862 2180 Quisquis
876 2141 922 2167 es
939 2123 1085 2181 assue-

228 2194 310 2240 tis,
334 2205 460 2232 unus.
485 2191 682 2244 Quisquis
696 2194 739 2230 el
755 2188 856 2230 duo.
879 2191 1091 2245 Quicquid

232 2259 314 2297 eris
322 2253 497 2308 fueras,
526 2252 631 2296 alius
653 2268 663 2295 z
684 2268 798 2295 unus
812 2253 1049 2296 Vaticanus
1070 2286 1083 2308 ,

240 2320 356 2372 Quid
370 2321 481 2374 quod
503 2323 546 2360 el
560 2316 739 2373 affueris
759 2334 771 2360 :
792 2318 987 2374 proxime
1007 2335 1085 2361 ve—

234 2401 349 2427 rum.
367 2385 542 2440 Reliqui
559 2417 570 2439 ,
588 2400 689 2427 cum
703 2384 844 2440 prima
862 2384 1053 2428 editione
1069 2419 1081 2436 ,

241 2454 452 2507 Quicquid
465 2457 508 2493 et
522 2451 722 2506 abfueris.
744 2451 907 2508 Regius
923 2484 935 2506 ,
965 2453 1086 2506 Quic-

234 2521 337 2574 quid
349 2524 394 2560 el
408 2517 582 2572 afueris.
606 2518 755 2561 Scribe
781 2534 791 2561 :

231 2588 341 2628 Quid?
348 2587 489 2629 quod,nt
499 2587 640 2617 abfueris
644 2599 696 2626 ,av
701 2588 774 2619 idus
781 2588 958 2631 sitiensque
964 2588 1103 2620 redibis?

234 2650 350 2692 Nam
358 2649 620 2705 posteriores
632 2664 758 2692 voces
771 2665 823 2692 eo
836 2650 986 2707 legunt
999 2666 1082 2693 or—

234 2711 335 2755 dine
351 2713 496 2769 scripti
511 2728 664 2755 omnes
677 2713 893 2756 meliores.
913 2714 1082 2758 HEINS.

288 2780 382 2837 249.
407 2781 586 2826 Viderit,
604 2781 846 2821 Hoemonia’.
861 2779 969 2822 Haec
980 2796 1083 2822 vera

231 2843 360 2886 lectio
382 2851 445 2886 est
462 2875 473 2897 ‚
504 2843 604 2886 licet
624 2847 808 2887 Fallitur
832 2843 887 2886 sit
905 2844 951 2886 in
980 2844 1082 2900 ple-

234 2909 380 2964 risque
401 2908 583 2964 scriptis.

288 2978 382 3017 252.
397 2975 539 3016 Sacm.
556 2974 767 3017 Francius
785 2980 935 3018 sancto
951 2975 1081 3018 male-

232 3039 306 3081 bat
324 3055 334 3081 :
355 3038 431 3082 sed
445 3047 494 3081 ut
509 3044 627 3082 sacri
639 3045 769 3089 vates,
791 3039 893 3082 Am.
906 3039 976 3082 lib.
994 3040 1079 3094 III,

235 3106 355 3162 Eleg.
375 3120 447 3159 IX,
471 3123 532 3162 17,
555 3106 789 3159 dicuntur;
814 3108 872 3150 ita
888 3108 1080 3151 carmina

233 3182 278 3215 et
292 3172 439 3215 omnia
452 3205 463 3227 ,
488 3189 583 3228 quae
598 3173 650 3215 ad
664 3183 813 3230 poetas
831 3172 1078 3231 pertinent,

234 3254 361 3280 sacra
380 3237 537 3294 passim
557 3248 781 3282 vocantur.

286 3322 308 3347 2
316 3304 377 3348 53.
395 3306 566 3346 Prodire
566 3305 787 3359 jubebitur
796 3309 953 3349 umbra.
973 3307 1081 3350 Rec-

230 3369 314 3412 tius
333 3369 510 3411 fortasse
528 3368 574 3411 in
595 3370 841 3424 nonnullis,
865 3373 1080 3414 videbitur.

228 3432 380 3479 NAUG.
407 3456 462 3468 —-
486 3434 605 3481 Male
632 3435 712 3479 viri
728 3434 851 3480 *docti
873 3438 1082 3480 videbilur

1164 2065 1403 2121 praeferunt
1420 2075 1430 2102 t
1451 2062 1693 2120 potentiam
1711 2062 1831 2105 enim
1846 2094 1858 2116 ,
1881 2077 2013 2118 quam

1165 2129 1322 2184 passim
1334 2130 1499 2185 jactant
1510 2143 1621 2185 sagae
1633 2136 1676 2170 et
1688 2127 1907 2178 veneficae,
1921 2143 2014 2170 ver-

1165 2192 1223 2235 bo
1232 2193 1452 2247 jubebam
1464 2193 1628 2248 optime
1648 2191 1851 2248 exprimit
1873 2199 2014 2248 poeta.

1168 2258 1354 2301 Metam.
1375 2257 1446 2300 lib.
1465 2257 1558 2300 Vll
1577 2289 1589 2311 ,
1613 2260 1692 2300 205
1713 2273 1723 2300 :

1165 2329 1208 2359 Et
1225 2328 1325 2359 silvas
1344 2338 1459 2359 moveo

1219 2391 1314 2444 254.
1331 2389 1500 2444 Infanti.
1515 2376 1685 2438 Iasano,
1695 2387 1864 2446 Micylli
1881 2387 2015 2431 editio

1166 2462 1211 2497 et
1238 2453 1328 2496 duo
1355 2453 1502 2510 scripti
1531 2466 1541 2492 ε
1581 2461 1821 2509 utrumque
1852 2451 2012 2506 habet,

1168 2535 1255 2576 quo
1282 2536 1328 2563 se
1363 2528 1567 2573 tueatur;
1595 2518 1673 2563 sed
1708 2518 1848 2576 placet
1878 2519 2015 2576 magis

1164 2586 1343 2641 infami,
1381 2587 1483 2643 quia
1505 2586 1577 2631 hic
1602 2586 1816 2630 invidiam
1839 2586 2014 2643 magicis

1165 2651 1330 2694 artibus
1354 2651 1467 2694 facit.

1470 2349 1482 2366 ,
1501 2326 1669 2369 jubeoque
1682 2326 1866 2357 tremiscere
1876 2333 2014 2358 montes.

1219 2718 1312 2758 255.
1331 2717 1558 2757 Transibil.
1571 2717 1733 2764 Exibit,
1746 2715 2014 2765 Puteaneus;

1164 2781 1290 2824 male.
1310 2782 1542 2824 Traducere
1552 2780 1659 2823 dixit
1671 2780 1829 2823 Tibull.
1843 2781 1880 2834 I,
1892 2781 1970 2823 Ele
1976 2798 2014 2838 g.

1164 2860 1213 2888 1x
1230 2879 1242 2901 ,
1259 2862 1340 2919 99,
1330 2863 1338 2872 ·
1364 2846 1438 2889 ubi
1455 2845 1542 2888 vid.
1560 2845 1754 2888 Broukh.
1768 2854 1812 2889 et
1829 2845 1884 2888 ad
1900 2847 2015 2889 Pro—

1164 2910 1381 2966 pertium,
1404 2910 1499 2964 ΙΙΙ,
1525 2909 1647 2967 Eleg.
1670 2923 1709 2952 11
1724 2912 1826 2968 ,4.9

1220 2979 1312 3036 259.
1333 2980 1610 3020 Recantatas.
1631 2978 1839 3033 Nullaque
1856 2983 2014 3020 canta-

1163 3049 1255 3093 tas,
1281 3029 1460 3086 M'oreti.
1479 3045 1612 3102 Nulla
1625 3047 1885 3098 replanlalas
1901 3060 2014 3087 unus

1165 3112 1319 3154 Heins.
1325 3118 1492 3167 pectore
1504 3112 1660 3167 etiam,
1680 3120 1730 3156 ut
1743 3115 1861 3155 nulla
1866 3115 2014 3167 puella

1163 3175 1444 3234 intelligatur.

1220 3241 1312 3283 261
1350 3243 1468 3296 Quid
1485 3247 1527 3283 le
1545 3218 1780 3285 Phasiacae.
1801 3244 2014 3297 Pasiphae

1165 3306 1329 3362 Regius
1350 3315 1394 3349 et
1422 3306 1511 3349 duo
1531 3306 1634 3349 alii:
1657 3315 1744 3350 tres
1764 3309 2010 3359 Phasideoe,

1162 3386 1277 3412 unus
1315 3372 1549 3412 Phasiadae
1580 3387 1592 3412 .-
1635 3370 1740 3414 alius
1779 3372 2011 3414 Perseidos.

1163 3434 1279 3492 Lege
1298 3467 1308 3491 ,
1335 3437 1577 3479 Phasiados
1600 3440 1745 3480 term-s
1767 3433 1853 3478 (lixi
1875 3433 2009 3489 Epist.
