2268 3776
278 326 383 382 312
752 332 814 386 P.
867 333 1162 389 OVIDII
1206 333 1586 393 NASONIS

273 449 426 507 Laesa
456 449 646 507 Venus
674 448 821 529 justa
852 474 1001 511 arma
1029 467 1241 524 movet,
1266 452 1552 536 telumque
1584 454 1854 514 remittit:

354 548 459 617 Et,
485 545 655 605 modo
691 546 1063 630 quod'questa
1091 564 1200 620 est,
1230 550 1349 631 ipse
1380 574 1639 633 querare,
1667 549 1815 611 facit.

275 643 424 701 Dum
455 641 561 701 fuit
595 643 817 704 Atrides
845 669 956 705 una
986 660 1286 716 contentus
1304 693 1318 718 ,
1347 662 1402 706 et
1422 647 1519 708 illa

356 739 521 799 Casta
548 738 685 819 fuit3
710 741 845 801 vitio
877 758 961 802 est
990 743 1246 824 improba
1276 743 1417 804 facta
1444 745 1564 804 viri.

272 835 570 908 Audierat,
599 836 924 921 laurumque
953 864 1117 900 manu
1149 840 1424 923 vittasque
1453 841 1720 903 ferentem
1741 890 1756 916 ,

356 933 467 992 Pro
498 948 626 994 nata
661 935 911 1018 Chrysen
938 961 1057 995 non
1085 935 1323 996 valuisse
1353 960 1468 996 sua.

275 1031 575 1104 Audierat,
602 1034 862 1115 Lyrnesi,
895 1049 1022 1093 tuos
1042 1081 1056 1106 ,
1088 1034 1353 1107 abducta,
1385 1034 1636 1108 dolores;

355 1128 619 1213 Bellaque
649 1154 749 1213 per
779 1146 967 1215 turpes
996 1131 1222 1211 longius
1254 1133 1362 1193 isse
1391 1157 1592 1194 moras,

273 1228 405 1286 Haec
436 1242 618 1287 tamen
648 1228 928 1290 audierat:
955 1229 1263 1290 Priameida
1293 1231 1506 1292 viderat
1533 1231 1730 1315 ipsam.

354 1324 550 1384 Victor
579 1349 696 1385 eras
724 1327 921 1408 praedae
949 1327 1131 1409 praeda
1160 1327 1425 1410 pudenda
1456 1343 1581 1389 tuae.

275 1423 414 1482 Inde
440 1423 812 1506 Thyestiaden
842 1423 1194 1507 thalamoque
1224 1425 1520 1508 animoque
1546 1425 1789 1508 recepit;

354 1522 430 1580 Et
454 1519 593 1580 male
622 1536 938 1604 peccantem
965 1522 1238 1604 Tyndaris
1268 1520 1387 1582 ulta
1415 1522 1613 1583 virum.

277 1640 444 1719 QUAE
470 1640 613 1700 bene
646 1639 836 1700 celaris
855 1688 870 1712 ,
898 1641 945 1701 si
977 1666 1085 1725 qua
1114 1657 1296 1703 tamen
1327 1657 1447 1703 acta
1475 1642 1776 1726 patebunt,

357 1736 460 1796 Illa
486 1736 614 1797 licet
643 1731 898 1820 pateant,
925 1753 987 1799 tu
1015 1754 1199 1800 tamen
1230 1764 1410 1823 usque
1438 1763 1598 1818 nega.

280 1835 424 1894 Tum
454 1858 633 1917 neque
658 1836 969 1916 subjectus,
1001 1837 1168 1898 solito
1198 1862 1299 1898 nec
1328 1837 1590 1902 blandior
1619 1851 1738 1897 esto
1763 1861 1776 1895 :

364 1933 496 1991 Haec
525 1932 693 1992 animi
722 1933 960 1994 multum
988 1935 1146 2013 signa
1172 1936 1428 1996 nocentis
1457 1935 1685 1995 habent.

284 2028 394 2088 Sed
424 2027 581 2089 lateri
608 2054 709 2090 nec
737 2055 898 2113 parce
929 2047 1057 2105 tuo;
1084 2056 1192 2115 pax
1225 2033 1406 2093 omnis
1433 2033 1493 2092 in
1520 2056 1635 2092 uno

371 2127 693 2187 Concubitu
714 2154 726 2187 ;
751 2129 906 2211 prior
932 2129 1041 2189 hoc
1068 2129 1364 2190 inficianda
1393 2131 1601 2189 VenuS.

288 2225 462 2295 Sunt,
491 2225 586 2306 qui
609 2224 931 2308 praecipiant
961 2225 1186 2301 herbaS,
1213 2227 1477 2299 satureia,
1499 2238 1766 2287 nocentes

288 2367 440 2408 m'enda
451 2369 554 2409 loco.
566 2368 660 2409 Non
674 2383 756 2409 aaa
770 2374 836 2410 est
846 2372 982 2411 omne}
995 2369 1142 2426 scripti
1223 2394 1279 2403 —
1299 2372 1352 2413 Si
1362 2386 1457 2426 qua.
1477 2371 1529 2413 Si
1540 2386 1628 2426 qua·
1645 2367 1810 2424 Regius
1827 2372 1871 2409 et
1890 2371 2078 2422 quatuor

290 2431 615 2487 plerique‚cum
632 2433 772 2489 prima
784 2432 976 2477 editione
993 2452 1003 2487 3
1023 2435 1142 2491 quod
1226 2427 1297 2478 alii
1319 2451 1329 2478 ε
1350 2443 1456 2492 puto
1476 2466 1488 2488 ,
1517 2437 1563 2477 sl
1583 2437 1664 2477 cui.
1686 2433 1854 2475 HEINS·
1892 2430 1987 2483 Qua
2013 2434 2080 2469 est

289 2498 514 2554 superiora
535 2499 817 2542 confirmant.
1226 2500 1393 2544 dictum
1407 2534 1418 2556 ,
1443 2509 1492 2544 ut
1513 2504 1658 2557 aliqua
1672 2531 1684 2554 ,
1705 2502 1795 2541 alia
1813 2529 1825 2552 ,
1848 2505 1893 2540 et
1911 2492 2079 2538 similia-

348 2566 442 2618 405.
466 2567 706 2607 Prz'amez‘da
720 2575 798 2608 etc.
823 2564 1115 2611 Cassandram
1129 2602 1140 2623 ,
1280 2568 1329 2621 41
1341 2584 1356 2610 1
1365 2600 1374 2609 .
1406 2568 1510 2610 Tum
1523 2581 1653 2622 neque
1664 2564 1888 2620 subjectus.
1905 2560 2082 2616 Subjec-

292 2632 424 2685 quam
435 2645 582 2685 secum
597 2630 774 2674 Atrides
787 2632 1143 2676 abduxerat.Vid.
1225 2637 1293 2676 tus
1312 2631 1374 2675 ita
1393 2631 1507 2689 apud
1532 2632 1734 2687 Propert.
1756 2629 1777 2671 I
1790 2662 1801 2683 ,
1827 2627 1895 2670 El.
1917 2640 1974 2680 x,
1998 2641 2047 2680 27
2068 2639 2078 2665 ἰ

292 2693 485 2752 AEschyl.
507 2702 550 2736 et
570 2694 725 2738 senec.
748 2696 794 2737 in
819 2696 1144 2751 Agamemnone.
1229 2707 1276 2739 At
1292 2708 1358 2749 quo
1374 2707 1418 2738 sis
1435 2706 1570 2738 humilis
1583 2705 1703 2746 magis:
1721 2711 1754 2735 et
1777 2703 1939 2746 subjectus
1951 2699 2054 2731 amori
2068 2722 2080 2738 ‚
2150 2708 2152 2710 ·

345 2760 441 2814 406.
471 2761 585 2802 Eras
602 2763 753 2814 proedae
774 2766 921 2815 μνη-αἶα
946 2766 1148 2818 pudenda
1268 2770 1342 2800 Hoc
1354 2768 1456 2808 magis
1473 2767 1591 2798 effectu
1605 2776 1688 2807 saepe
1703 2763 1811 2795 frua're
1825 2764 1922 2794 bono.

294 2831 385 2868 tuoe.
414 2825 544 2868 Prior
564 2826 623 2869 sic
649 2827 972 2878 Mentelianus;
997 2829 1145 2884 probe.
1285 2830 1379 2883 415.
1407 2829 1514 2871 Sunt
1535 2830 1612 2883 qui
1624 2828 1877 2881 praectJm‘ant
1901 2825 2052 2865 herbas
2067 2855 2079 2873 ,

295 2892 406 2933 Erat
414 2893 565 2944 proea'ae
575 2895 722 2945 pra-da
730 2895 928 2946 pudenda
941 2909 1045 2943 saoe,
1064 2893 1150 2935 alii.
1229 2897 1415 2937 satureia
1436 2925 1448 2946 ,
1471 2897 1663 2936 nocentes
1699 2892 1862 2933 Sumere
1894 2896 1976 2931 etc.
2016 2888 2082 2930 Ita

351 2956 553 3011 407.Inde
567 2956 1144 3016 Thyestiaden.AEgysthum,
1231 2957 1411 3015 quidem
1432 2956 1628 3014 plerique
1646 2955 1822 3012 legunt,
1842 2962 1887 2997 et
1897 2956 2084 2996 satureia

299 3020 503 3079 Thyestis
523 3021 677 3065 fllium·
1230 3023 1384 3082 plurali
1408 3023 1648 3067 accusativo
1667 3020 1833 3063 dictum
1855 3018 2083 3075 accipiunt.

352 3088 446 3145 409.
483 3090 583 3141 Quoe
604 3092 704 3131 bene
724 3092 888 3132 celarllr.
908 3090 1028 3132 Male
1050 3090 1146 3132 Pa-
1235 3088 1449 3133 Ceterum
1465 3121 1476 3143 ‚
1502 3088 1602 3145 quia
1635 3085 1750 3144 apud
1778 3085 1973 3129 Plinium
1992 3116 2003 3137 ,
2041 3091 2085 3126 et

297 3150 458 3194 latinus
479 3168 489 3194 ε
510 3152 621 3195 nihil
642 3162 775 3199 muta.
797 3154 911 3197 infra
933 3157 1036 3210 571:
1089 3162 1093 3166 '
1235 3154 1530 3199 Columellam
1562 3153 1670 3196 item
1684 3185 1696 3207 ,
1732 3154 1919 3193 satureia
1945 3148 2085 3192 semi-

298 3219 361 3252 Sed
377 3219 463 3252 bend
471 3222 663 3253 concubitus
680 3223 803 3263 primos
816 3225 919 3254 celare
933 3224 1088 3255 sotebant.
1230 3221 1341 3264 nino
1362 3235 1522 3278 genere
1533 3252 1545 3273 ‚
1563 3234 1611 3262 ac
1630 3218 1773 3276 prima
1794 3215 2084 3259 declinatione

296 3280 391 3323 Lib.
414 3295 431 3323 1
449 3315 459 3331 ‚
485 3281 582 3325 Art.
609 3283 686 3342 397
706 3300 715 3326 :
734 3287 852 3328 Bene
879 3288 926 3327 si
951 3288 1155 3327 celabitur
1231 3296 1494 3344 usurpatum
1521 3285 1592 3329 hic
1627 3293 1777 3328 autem
1809 3297 1982 3326 necesse
2020 3288 2086 3323 est

297 3348 424 3388 index
442 3363 454 3388 ,·
477 3363 604 3402 mox,
628 3354 729 3391 acta
746 3366 863 3404 nega.
884 3349 1085 3393 Francos.
1105 3357 1149 3391 et
1231 3353 1351 3397 idem
1370 3369 1538 3396 nornen
1561 3351 1800 3396 accusativo
1819 3365 1919 3394 casu
1947 3347 2050 3404 poni
2069 3379 2080 3401 ‚

300 3410 498 3455 Patavin.
519 3421 569 3456 ut
588 3413 687 3456 infr.
708 3415 818 3470 574:
1231 3427 1412 3476 propter
1444 3418 1630 3460 verbum
1653 3418 1875 3471 precept,
1915 3422 1958 3456 et
2005 3409 2079 3467 qui

334 3486 470 3527 Cognita
483 3488 630 3520 Vulcano
643 3489 792 3531 conjugis
810 3497 889 3522 acta
901 3490 964 3521 sui.
981 3491 1105 3523 Bunu·
1231 3483 1389 3541 reliqui
1409 3499 1529 3530 casus
1550 3483 1602 3528 ab
1624 3498 1678 3529 CO
1703 3478 1956 3540 dependent
1974 3510 1986 3535 ²
2007 3477 2082 3521 vi-
