2268 3776
543 328 935 386 AMORUM
987 330 1113 384 111.
1161 331 1557 389 ELEG.XI.
1832 356 1933 390 211

239 449 315 509 Et
344 469 464 531 quae
494 445 765 531 depuduit
793 445 959 517 ferre,
988 444 1177 506 tulisse
1204 447 1391 528 pudet.

157 553 434 624 Vicimus3
467 565 522 612 et
548 550 819 611 domitum
848 549 1086 632 pedibus
1116 549 1388 613 calcamus
1417 554 1692 616 Amorem.
1915 577 1943 617 5

239 653 525 712 Venerunt
551 648 718 731 capiti
749 671 957 709 cornua
986 671 1105 709 sera
1134 671 1274 709 meu.

160 748 370 819 Perfer,
397 760 452 807 et
481 744 698 806 obdura
722 769 734 805 :
761 743 924 804 dolor
950 744 1042 805 hic
1071 744 1175 806 tibi
1206 744 1458 829 proderit
1487 748 1619 811 olim
1645 776 1659 811 :

241 842 395 926 Saepe
427 840 556 902 tulit
584 839 743 901 lassis
773 864 970 902 succus
998 865 1213 904 amarus
1242 867 1421 928 opem.

158 940 310 1017 Ergo
341 961 444 1016 ego
476 936 741 1009 sustinui,
767 935 985 998 foribus
1018 952 1126 998 tam
1157 961 1299 1022 saepe
1328 940 1612 1023 repulsus,

238 1034 551 1114 Ingenuum
580 1034 718 1094 dura
745 1057 954 1117 ponere
982 1058 1186 1118 corpus
1211 1034 1401 1097 hume.
1901 1075 1950 1104 ιο

158 1132 311 1210 Ergo
342 1154 445 1210 ego
475 1130 663 1191 nescio
693 1129 806 1202 cui,
834 1153 998 1213 quem
1030 1145 1090 1192 tu
1120 1131 1406 1215 complexa
1439 1135 1691 1210 teneba5‚

239 1228 498 1289 Excubui
527 1226 765 1288 clausam
802 1250 990 1288 servus
1017 1242 1081 1287 ut
1116 1243 1241 1290 ante
1274 1227 1518 1290 domum.

161 1326 292 1388 Vidi
323 1349 454 1405 eg0,
484 1348 656 1408 quum
683 1323 902 1385 foribus
927 1323 1105 1385 lassus
1135 1325 1387 1409 prodiret
1410 1343 1646 1404 amator,

240 1422 553 1484 Invalidum
579 1422 821 1483 referens
850 1423 1248 1506 emeritumque
1280 1422 1439 1485 latuS.

164 1521 291 1581 Hoc
322 1534 505 1581 tamen
534 1533 619 1581 est
646 1517 849 1597 leviuS,
887 1543 1052 1602 quam
1084 1519 1238 1603 quod
1270 1545 1393 1581 sum
1421 1522 1572 1583 visus
1603 1525 1672 1585 ab
1701 1524 1815 1586 illo.
1909 1547 1960 1588 15

245 1616 480 1678 Eveniat
503 1615 713 1675 nostris
740 1614 1003 1676 hostibus
1033 1614 1126 1677 ille
1152 1616 1374 1700 pudor!

167 1713 411 1795 Quando
442 1737 546 1792 ego
575 1736 690 1772 non
719 1711 860 1778 fixus
890 1712 1047 1774 lateri
1077 1714 1368 1797 spatiantis
1397 1715 1632 1790 adhaesi,

249 1815 375 1896 Ipse
404 1826 534 1872 tuus
565 1824 779 1884 custos,
804 1810 924 1893 ipse
952 1811 1064 1884 vir,
1089 1811 1208 1894 ipse
1239 1814 1467 1873 comes?

223 1969 261 2011 5.
291 1967 491 2009 Vmimus.
518 1965 733 2007 Vn‘nct‘mus
756 1961 1018 2020 Neapolita-

166 2046 252 2075 nus
269 2038 313 2074 et
328 2023 412 2073 alii.
432 2029 522 2072 Pro
546 2030 765 2076 domitum,
790 2027 899 2070 alter
916 2027 1019 2071 Me-

169 2098 315 2142 diceus
330 2129 343 2152 ,
384 2099 605 2140 dominum.
646 2095 718 2139 Sic.
750 2097 912 2138 domini
936 2096 1028 2138 Dei

171 2164 293 2222 Eleg.
310 2161 575 2221 praecedenti
590 2195 602 2216 ,
623 2177 750 2205 versu
773 2160 939 2204 ultimo.
960 2161 1019 2205 H.

168 2231 434 2287 ——Utraque
448 2229 575 2274 lectio
586 2229 716 2272 habet
731 2244 817 2285 quo
834 2245 878 2272 se
897 2237 1023 2271 tuea-

171 2306 245 2343 tur
257 2315 268 2351 3
286 2306 329 2341 et
340 2299 516 2340 adserui
522 2294 769 2353 praecedens
781 2328 793 2349 ,
814 2297 1022 2337 dominum

170 2363 311 2408 videri
333 2371 475 2420 posset
497 2362 665 2419 exigere
688 2376 699 2404 ι
725 2361 776 2404 ab
801 2360 882 2403 illis
902 2359 1022 2403 enim

171 2431 220 2474 in
230 2429 478 2473 libertatem
493 2445 538 2472 se
554 2427 824 2471 adserebant.
835 2426 1021 2470 Remed.

175 2494 227 2551 73
253 2509 264 2538 ι
292 2495 495 2537 Publicus
524 2494 713 2553 adsertor
731 2494 912 2535 dominis
938 2507 1023 2546 op—

166 2576 320 2617 pressa
338 2563 482 2604 levabo
493 2562 682 2603 Pectora.
703 2559 792 2602 Sed
810 2559 909 2616 quia
928 2564 1025 2602 vin-

175 2634 308 2673 cimus
348 2642 520 2685 quoque
557 2626 761 2683 praecedit
779 2658 790 2681 ,
827 2628 1024 2669 domitum

177 2693 316 2752 aptius
331 2692 546 2751 congruit.
563 2691 726 2735 Bmuu.

231 2756 270 2800 6.
292 2759 500 2800 Venerunt
510 2759 806 2812 capiticornua
816 2770 911 2798 sera
922 2770 1024 2797 meo.

178 2820 455 2864 proverbiale
472 2837 482 2871 ς
505 2835 656 2863 sensus
674 2828 820 2863 autem
835 2832 844 2859 ε
861 2817 1026 2862 tardius

182 2951 328 2995 Amat.
349 2963 368 2993 1
385 2983 396 3005 ,
429 2950 510 3009 ²39
527 2965 538 2992 :
566 2952 683 2994 Tunc
694 2967 855 3005 pauper
871 2965 1027 2993 cornua

181 3021 333 3070 sum1'1‘‚·
360 3016 404 3059 id
422 3025 510 3070 est,
531 3016 601 3058 vel
620 3016 699 3073 ipsi
719 3017 898 3073 pauperi
913 3015 1027 3060 redit

185 3083 356 3127 animus
373 3100 383 3133 3
409 3082 539 3125 audet
557 3082 693 3139 magis
713 3092 792 3125 etc.

242 3166 278 3206 7.
295 3148 459 3204 Perfisst,
483 3154 526 3190 et
540 3152 709 3191 obdura.
731 3149 803 3191 Sic
821 3149 963 3204 ipsum
982 3165 1027 3192 se

189 3210 402 3265 Catullus,
417 3211 463 3254 in
476 3211 633 3254 eodem
644 3212 953 3254 amatoriarum
961 3229 1030 3255 re-

186 3292 287 3320 rum
296 3274 543 3319 discrimine
557 3304 576 3329 ,v
586 3275 832 3331 adloquitur
845 3309 857 3331 ,
880 3275 1029 3319 Carm.

187 3357 302 3399 vul,
332 3359 382 3386 10
401 3375 412 3398 ,
444 3351 487 3385 et
507 3358 597 3398 sqq.
619 3354 630 3382 t

229 3415 318 3455 Nee,
332 3428 403 3459 quae
416 3416 499 3456 sugit
509 3439 518 3455 ,
534 3424 673 3456 sectare3
689 3427 747 3447 nec
761 3417 860 3447 miser
874 3417 950 3448 vive
964 3427 974 3447 .-

226 3477 290 3510 Sed
305 3477 464 3509 obstinata
476 3483 582 3510 mente
590 3477 717 3521 perfer,
730 3478 871 3509 obdura.

1142 1972 1241 2011 Vale,
1257 1972 1365 2015 puell·
1381 1984 1390 2006 t
1409 1975 1476 2016 jam
1493 1975 1642 2008 catullus
1655 1976 1805 2011 obdurat
1819 1997 1831 2013 ι

1142 2035 1211 2068 Nee
1231 2042 1261 2066 te
1274 2036 1417 2078 requiret
1434 2060 1444 2076 ,
1464 2048 1521 2068 nec
1536 2038 1661 2078 rogabit
1682 2040 1829 2072 invitum.

1163 2116 1178 2143 ι
1191 2116 1222 2143 ι.
1255 2102 1412 2144 Nescio
1440 2106 1521 2145 cui.
1551 2104 1703 2147 Nescio
1720 2121 1837 2160 quem
1859 2108 1957 2151 dum

1104 2170 1148 2207 lu
1178 2167 1399 2219 complexa
1426 2165 1456 2208 J
1460 2165 1565 2208 unii.
1604 2168 1756 2211 Nescio
1776 2184 1893 2224 quem
1914 2177 1961 2214 lu

1104 2244 1215 2271 nunc
1237 2228 1459 2271 Palatinus
1483 2229 1664 2286 primus.

1166 2311 1226 2337 12.
1269 2296 1472 2338 Excubui
1502 2299 1693 2340 clausam
1734 2315 1875 2344 servus
1914 2309 1966 2346 ul

1103 2365 1202 2403 aule
1220 2362 1396 2403 domum.
1421 2360 1604 2418 Vigilavi
1629 2370 1837 2420 tanquam
1855 2382 1958 2409 ser-

1104 2437 1215 2477 vus;
1255 2424 1371 2481 quod
1393 2441 1616 2468 summum
1641 2426 1855 2483 dedecus,
1880 2434 1959 2472 in-

1101 2508 1233 2546 genuo
1247 2497 1429 2547 corpori.
1451 2492 1494 2535 id
1510 2501 1599 2547 est,
1619 2493 1789 2538 homini
1804 2495 1958 2539 libero.

1101 2578 1157 2588 ·—·
1189 2558 1385 2599 Clausam
1411 2573 1552 2600 servus
1577 2564 1626 2600 ut
1649 2565 1749 2601 anle
1778 2562 1959 2606 domum.

1111 2622 1324 2681 Excerpta
1337 2623 1559 2682 Scaligeri,
1573 2626 1801 2682 Puteanei,
1817 2637 1860 2671 et
1872 2629 1903 2671 J
1906 2645 1959 2671 u-

1104 2690 1213 2745 reti,
1249 2707 1350 2734 cum
1387 2708 1459 2735 sex
1491 2692 1581 2736 aliis
1600 2727 1612 2748 ,
1639 2695 1778 2750 sorem
1797 2708 1810 2733 .·
1839 2696 1957 2752 quod

1106 2756 1339 2811 probarem
1356 2790 1368 2810 ,
1396 2756 1478 2800 nisi
1488 2757 1659 2812 foribus
1679 2774 1780 2801 mox
1800 2775 1959 2816 seque-

1105 2828 1240 2863 retur.
1266 2821 1434 2864 Hnms.

1150 2885 1210 2927 13.
1234 2887 1424 2939 Vidiego,
1438 2901 1557 2941 quum
1555 2885 1736 2939 foribus.
1747 2885 1955 2931 Meliores

1079 2958 1081 2960 ’
1106 2952 1250 3009 scripti
1266 2955 1308 2996 τὲ
1326 2969 1400 3007 ego
1418 2967 1511 2993 non
1530 2960 1768 3008 agnoscunt
1786 2967 1795 2994 :
1821 2969 1955 3008 quare

1106 3016 1206 3059 licet
1226 3016 1412 3059 tollatur.
1438 3016 1497 3057 H.
1529 3037 1583 3046 —·
1610 3017 1788 3058 Foribus
1815 3019 1958 3059 lassus

1099 3088 1286 3140 prodiret
1293 3087 1461 3139 apertis,
1478 3083 1607 3125 More
1613 3083 1642 3125 ti
1654 3098 1768 3125 unus
1779 3092 1823 3126 et
1835 3083 1956 3127 alius.

1168 3152 1228 3192 15.
1258 3152 1391 3202 (luam
1415 3149 1530 3202 quud
1542 3163 1632 3189 sum
1654 3151 1771 3189 wls-us
1790 3151 1845 3189 ab
1865 3151 1953 3192 illo.

1113 3212 1236 3268 Quid
1254 3211 1375 3255 enim
1395 3210 1503 3252 mihi
1524 3211 1690 3267 turpius
1707 3245 1718 3265 ,
1746 3227 1878 3267 quam
1901 3212 1955 3255 ab

1108 3279 1182 3322 illo
1205 3279 1296 3334 ipso
1327 3279 1482 3328 videri,
1527 3277 1601 3334 qui
1627 3277 1772 3322 locum
1803 3293 1959 3321 meum

1111 3342 1333 3398 occupavit
1345 3374 1356 3395 ,
1376 3350 1419 3384 et
1432 3350 1523 3384 tota
1538 3342 1644 3385 urbe
1660 3343 1807 3385 irrisus
1824 3359 1960 3400 prop-

1110 3418 1231 3453 terea
1250 3408 1470 3452 decantari
1486 3409 1506 3452 Ρ
1564 3440 1567 3444 ι

1173 3466 1232 3529 ¹7·
1269 3475 1417 3520 Lateri
1427 3479 1654 3529 spalt'auh's
1667 3477 1838 3518 adhesi.
1871 3476 1960 3517 Pa-
