2268 3776
354 309 462 363 286

819 310 883 363 P.
934 312 1227 369 OVIDII
1261 314 1649 372 'NASONIS

348 426 479 485 Non
502 425 632 485 satis
663 440 747 486 est
773 427 985 489 venisse
1015 429 1147 502 tibi,
1180 454 1264 491 me
1294 446 1442 504 vate,
1473 432 1730 515 puellam.

427 521 562 580 Arte
591 544 710 580 mea
739 538 897 605 capta
923 538 1005 584 est
1030 549 1042 584 :
1074 539 1186 584 arte
1218 525 1453 586 tenenda
1481 550 1599 586 mea
1627 541 1725 587 est.

346 616 458 676 Nec
487 617 671 677 minor
697 633 780 677 est
806 619 1010 692 virtus,
1046 644 1209 702 quam
1241 644 1479 701 quaerere
1499 667 1513 695 ‚
1542 637 1699 705 parta
1726 624 1867 684 tueri
1895 649 1907 683 :

427 712 599 773 Casus
626 712 770 774 inest
794 713 936 787 illic;
968 716 1059 774 hic
1088 715 1191 775 erit
1216 715 1348 774 artis
1375 738 1533 798 opus.

344 808 506 867 Nunc
532 807 697 880 mihi,
732 810 778 869 si
810 810 1058 892 qua11d0‚
1092 812 1312 870 Pueret
1337 812 1633 893 Cytherea,
1663 814 1870 876 favete:
2068 837 2115 876 15

423 895 586 964 Nunc
612 907 819 977 Erato;
847 930 975 966 nam
1006 922 1066 965 tu
1096 930 1301 966 nomen
1331 908 1533 967 amoris
1561 908 1749 991 habes,

345 999 551 1077 Magna
579 1024 714 1083 paro
741 1028 754 1061 ι
781 1026 915 1084 quas
942 1003 1122 1085 possit
1150 1003 1327 1063 Amor
1353 1027 1630 1064 remanere
1654 1028 1756 1087 per
1784 1021 1925 1067 artes

421 1095 644 1170 Dicere,
671 1112 782 1157 tam
811 1112 964 1158 vasto
995 1121 1265 1181 pervagus
1299 1099 1433 1159 orbe
1463 1123 1628 1182 puer:

338 1196 413 1253 Et
441 1194 574 1255 levis
604 1211 718 1270 est,
749 1211 805 1256 et
826 1196 997 1257 habet
1025 1196 1299 1275 geminas,
1334 1196 1539 1278 quibus
1570 1196 1773 1270 evolet,
1806 1197 1951 1258 alas:

421 1292 662 1354 Difficile
694 1308 778 1354 est
804 1292 916 1353 illis
945 1293 1275 1376 imposuisse
1305 1292 1551 1353 modum.
2062 1327 2114 1354 20

340 1389 595 1470 Hospitis
623 1389 828 1467 effugio
858 1404 1246 1473 praestruxerat
1274 1390 1459 1450 omnia
1488 1390 1678 1452 Minos
1705 1416 1720 1450 :

396 1570 411 1594 1
424 1569 456 1594 1.
478 1554 574 1595 Non
594 1556 702 1595 satis
721 1558 790 1594 est
807 1556 970 1595 vertisse
988 1555 1090 1603 tibi,
1120 1569 1185 1596 me

335 1622 452 1667 vale,
469 1619 668 1672 puellam.
686 1617 862 1674 Vulgat.
882 1619 979 1661 Non
992 1621 1100 1660 satis
1114 1622 1183 1660 in-

336 1685 495 1724 venisse
506 1685 668 1725 {ibic-st.
680 1680 862 1738 Optime
875 1697 980 1725 vero
993 1682 1156 1740 Regius
1168 1715 1181 1736 ,

303 1760 305 1762 ’
334 1763 417 1788 non
439 1751 549 1788 satis
570 1752 637 1788 est
656 1752 817 1790 venzlrse
837 1750 926 1790 tibi.
957 1747 1051 1803 Qui
1074 1764 1182 1791 mo·-

334 1807 414 1851 dus
443 1809 650 1864 loquendi
680 1810 912 1866 Propertio
941 1810 1182 1854 admodum

334 1870 554 1916 familiaris
572 1888 582 1915 t
600 1883 644 1916 et
660 1873 719 1916 ita
736 1879 949 1918 convenire
962 1875 1151 1932 puellam
1166 1908 1179 1931 ,

332 1953 412 1994 pro
427 1954 524 1980 rem
544 1938 703 1982 habere
723 1955 825 1982 cum
846 1937 988 1995 puella
1012 1940 1179 1985 dicitur.

334 2001 508 2059 Apulej.
527 2017 591 2056 IV,
608 2003 793 2046 Metam.
816 2006 1036 2048 Conuenite
1051 2009 1096 2047 1⁹11
1114 2023 1182 2049 vo-

330 2071 530 2122 luptalem
551 2070 596 2111 V
587 2084 772 2114 eneraeam
783 2068 907 2112 dixit:
917 2070 1028 2113 etita
1039 2070 1181 2115 Graeci

331 2134 422 2176 sere
440 2135 698 2194 συνέρχεσθαι,
718 2133 770 2177 de
789 2151 835 2177 re
851 2136 1076 2189 Venerea,
1097 2136 1181 2178 ho-

329 2205 454 2240 nesto
473 2198 682 2240 vocabulo
701 2207 899 2241 utuntur.
921 2199 1088 2244 HmNs.

396 2261 458 2303 16.
487 2263 612 2304 Nunc
625 2296 636 2313 ‚
674 2264 806 2305 Erato
836 2272 917 2308 etc.
948 2265 1050 2307 Non
1080 2264 1180 2307 ideo

331 2335 506 2371 tantum
525 2327 702 2370 Musam
716 2327 829 2371 hanc
847 2329 963 2372 Naso
978 2329 1150 2373 invocat
1164 2363 1176 2384 ,

329 2392 428 2447 quia
441 2407 608 2434 nomen
619 2392 670 2435 ab
682 2391 864 2447 Amore,
879 2394 950 2436 ἀπὸ
959 2402 1023 2438 τοῦ
1031 2399 1175 2456 ἔρωτος,

333 2466 377 2500 et
406 2458 599 2501 versibus
631 2467 785 2515 praeest
813 2460 1030 2503 amatoriis
1048 2477 1058 2512 ;
1101 2460 1178 2504 sed

334 2523 434 2580 quia
447 2523 568 2567 bellis
587 2525 719 2567 etiam
737 2558 748 2579 ,
769 2541 863 2581 quae
882 2541 974 2568 non
991 2541 1089 2569 rara
1108 2527 1177 2569 in-

330 2597 400 2630 ter
420 2597 615 2631 amantes
635 2598 917 2646 consurgunt.
938 2589 1011 2633 Sic
1031 2590 1177 2646 praelia

328 2652 523 2695 dicturus
537 2653 668 2695 Maro
681 2686 693 2707 ‚
710 2670 806 2709 quae
827 2671 877 2697 ex
898 2671 1046 2698 amore
1065 2657 1176 2699 Tur-

329 2717 377 2760 ni
398 2726 442 2760 et
462 2717 616 2760 AEneae
640 2717 687 2762 in
707 2718 934 2761 Laviniam
952 2752 963 2774 ,
994 2729 1141 2764 exorta
1160 2754 1173 2775 ,

331 2782 467 2825 Erato
480 2815 492 2837 ‚
511 2797 604 2825 non
617 2781 843 2840 Calliopen
853 2815 865 2837 ,
887 2783 932 2826 in
945 2784 1059 2828 hanc
1073 2802 1173 2841 par-

328 2857 420 2891 tem
458 2848 600 2905 operis
636 2848 795 2891 sociam
830 2847 1007 2893 advocat
1037 2866 1047 2893 :
1075 2850 1172 2894 vide

331 2912 508 2956 AEneid.
528 2912 689 2956 librum
708 2927 800 2967 vn,
827 2914 878 2971 37
898 2930 908 2957 :

330 2983 429 3014 Nune.
436 2994 453 3012 a
457 2994 505 3023 ge,
518 2984 576 3024 qui
585 2993 686 3023 reges,
693 2984 808 3022 Erato,
816 2994 887 3025 quae
900 2991 1042 3024 tempora
1051 2995 1170 3016 rerum.

384 3046 444 3087 18.
473 3046 576 3087 Tam
590 3050 711 3087 vaslo
723 3061 930 3100 pervagus
948 3049 1045 3089 orbe
1053 3062 1170 3101 puer.

342 3112 445 3151 Tam
457 3142 467 3160 ,
491 3109 544 3152 ad
552 3126 758 3165 pervagus
769 3145 779 3161 ‚
804 3127 859 3153 an
874 3110 927 3153 ad
942 3116 1063 3153 vaslo
1078 3115 1172 3154 orbe

333 3174 615 3216 referendum
633 3175 652 3217 ?
685 3175 865 3219 DoUzA.
897 3199 954 3208 —
981 3176 1168 3219 Minime

331 3238 558 3282 dubitandi
575 3240 691 3283 locus
709 3240 815 3296 quin
835 3239 888 3282 ad
909 3244 1043 3283 orbem
1059 3243 1168 3284 refe-

332 3318 398 3344 ras
410 3335 421 3356 ,
442 3303 509 3345 vix
519 3320 719 3360 capacem
734 3337 746 3359 ‚
770 3314 905 3361 quum
914 3304 971 3348 sit
979 3311 1064 3347 lam
1075 3322 1169 3347 vas-

329 3373 396 3408 las
408 3400 418 3416 ‚
443 3383 610 3420 puerum
631 3370 824 3412 Amorem
840 3373 1045 3425 capiendi.

394 3447 455 3489 ις).
491 3437 650 3488 Quibus
681 3439 814 3478 emole!
832 3467 843 3486 ,
884 3439 993 3478 alas.
1018 3436 1063 3479 A
1066 3439 1172 3481 volet

1266 1552 1428 1609 Regius
1445 1561 1490 1596 et
1504 1551 1573 1596 alii
1588 1553 1832 1610 complures
1850 1570 1952 1597 cum
1969 1555 2108 1611 prima

1266 1617 1458 1661 editione
1479 1632 1489 1660 ε
1509 1617 1626 1675 quod
1639 1619 1835 1675 sequitur
1847 1619 1998 1662 Heins.
2022 1619 2111 1662 Sed

1263 1701 1356 1727 non
1374 1685 1640 1729 movendam
1660 1694 1766 1744 puto
1784 1701 1937 1729 vocem
1948 1689 2087 1728 evolat
2097 1718 2109 1738 ,

1265 1766 1361 1806 quae
1385 1758 1510 1793 notat
1528 1751 1711 1796 evadere
1725 1767 1882 1794 manus
1895 1749 2110 1807 prendere

1262 1815 1550 1871 cupientium,
1563 1816 1664 1859 etin
1678 1815 1830 1870 altum,
1840 1815 1909 1858 vel
1922 1831 1973 1858 ex
1987 1830 2109 1858 cons-

1261 1887 1392 1935 pectu
1406 1879 1566 1924 volare.
1582 1880 1649 1924 Ita
1663 1880 1778 1938 apud
1793 1880 1978 1924 Sueton.
1997 1879 2108 1935 Aug.

1261 1956 1386 1997 xclv,
1409 1945 1668 1988 Torrentius
1686 1953 1810 1988 notat
1825 1944 1871 1987 in
1892 1944 2027 1987 tribus
2047 1944 2108 1986 li-

1260 2009 1348 2051 bris
1363 2009 1506 2064 fuisse,
1529 2009 1584 2053 de
1598 2010 1753 2066 aquila,
1769 2026 1890 2065 quum
1903 2011 2108 2051 alltlrsz'me

1258 2078 1467 2118 evolasset
1475 2092 1488 2118 :
1501 2085 1545 2118 et
1556 2077 1615 2119 ita
1631 2074 1767 2123 edidit
1780 2074 1930 2118 Aldus.
1945 2074 2106 2118 BURM.

1316 2157 1381 2181 21.
1405 2142 1600 2193 Hospt‘lzssr
1625 2139 1788 2195 stagia
1807 2147 1886 2182 etc.
1911 2138 2077 2181 Daednli
2093 2173 2104 2192 ,

1263 2203 1413 2258 qui-ad
1434 2203 1637 2245 Minoem
1657 2205 1937 2260 confugerat,
1969 2203 2106 2259 capite

1263 2267 1497 2311 damnatus
1512 2268 1563 2311 ab
1577 2268 1809 2325 Areopago
1819 2301 1830 2323 ,
1848 2268 1904 2310 ob
1917 2268 2105 2311 occisum

1259 2332 1419 2376 sororis
1438 2332 1577 2375 filium
1592 2332 1776 2376 Talaum
1789 2366 1800 2386 ,
1821 2333 2002 2389 quinon
2023 2332 2105 2375 im-

1258 2413 1412 2453 parem
1449 2413 1493 2441 se
1524 2397 1748 2454 quondam
1770 2398 1817 2441 in
1851 2405 1941 2441 arte
1965 2431 1978 2452 ‚
2019 2414 2103 2454 qua

1257 2461 1527 2518 praecellebat
1546 2461 1750 2506 Daedalus
1767 2495 1778 2517 ‚
1801 2463 2000 2505 futurum
2020 2463 2102 2505 rni-

1256 2526 1454 2569 nabatur.
1484 2525 1716 2569 Daedalum
1745 2535 1892 2569 autem
1923 2526 2072 2569 Minos
2088 2558 2099 2579 ,

1256 2591 1302 2633 in
1320 2590 1412 2647 ipso
1428 2607 1561 2647 quem
1575 2599 1788 2634 struxerat
1801 2623 1812 2645 ,
1830 2590 2074 2649 labyrintho
2086 2623 2097 2643 ,

1255 2672 1358 2699 cum
1380 2657 1503 2700 Icaro
1523 2656 1613 2699 filio
1633 2655 1804 2699 inclusit
1819 2687 1831 2708 ,
1854 2655 1954 2710 quia
1975 2655 2097 2697 Pasi-

1254 2721 1397 2777 phaen
1411 2754 1423 2775 ,
1438 2721 1573 2764 Tauri
1586 2736 1739 2764 amore
1749 2721 1971 2763 furentem
1982 2752 1993 2773 ‚
2010 2737 2098 2764 suae

1253 2785 1355 2828 artis
1385 2801 1465 2841 ope
1494 2786 1675 2841 juverat.
1698 2784 1786 2828 Sed
1813 2792 1972 2828 tactam
2001 2801 2095 2827 rem

1255 2850 1421 2904 obiter,
1442 2850 1490 2892 in'
1508 2850 1580 2893 lib.
1594 2849 1879 2906 praecedenti,
1903 2853 2006 2908 295,
2030 2852 2097 2893 su-

1255 2915 1340 2958 sius
1355 2930 1434 2957 suo
1449 2914 1544 2958 lo‘co
1558 2948 1570 2968 ,
1591 2915 1644 2958 ad
1660 2916 1844 2958 Metam.
1858 2929 1947 2957 v111
1961 2948 1972 2968 ,
1992 2924 2097 2958 trac·

1251 2978 1453 3022 tabimus.
1480 3002 1536 3011 -—
1554 2981 1830 3022 Praecluseral
1843 2985 1983 3022 omnia
1999 2981 2097 3021 ,71Ῑί-

1251 3059 1341 3087 nos.
1363 3046 1664 3087 Proestruxemt
1679 3044 1880 3088 meliores
1894 3044 1990 3087 libri
2005 3059 2096 3086 ma-

1256 3125 1342 3165 gno
1361 3125 1550 3152 numero
1570 3122 1580 3149 τ
1608 3111 1768 3154 rectius
1785 3127 1797 3161 ς
1817 3125 1922 3153 nam
1942 3112 2100 3152 clausit

1248 3190 1350 3217 mox
1366 3176 1574 3232 sequitur.
1591 3176 1794 3219 Daedalus
1810 3176 1899 3232 ipse
1917 3175 1987 3218 lib.
2005 3188 2092 3218 vm

1248 3241 1431 3283 Bletam.
1456 3242 1530 3284 185
1544 3274 1555 3296 ‚
1580 3241 1633 3284 de
1655 3240 1910 3284 Minotauro
1929 3252 1939 3279 z

1494 3317 1612 3347 Terras
1625 3316 1700 3347 licet
1708 3340 1718 3354 ,
1737 3316 1845 3357 inquit
1853 3339 1864 3354 ,
1877 3321 1910 3345 et
1927 3312 2029 3344 undas

1246 3376 1422 3417 Obstruat3
1438 3384 1470 3407 at
1484 3377 1598 3410 calum
1610 3383 1695 3407 certe
1707 3382 1794 3418 patet
1808 3387 1817 3407 ε
1837 3376 1956 3406 ibimus
1971 3375 2056 3405 illac.

1246 3437 1299 3480 In
1314 3437 1494 3494 vulgatis
1501 3441 1827 3492 praestrz'nxert'l5
1845 3450 2087 3492 perperam.
