2268 3776
219 238 290 307 40

686 239 750 291 Ρ.
801 238 1091 298 OVIDII
1136 237 1521 293 NASONIS

213 355 327 413 Nec
359 367 410 412 te
442 352 719 435 decipiant
748 353 946 413 veteris
977 354 1331 436 quinquatria
1361 377 1508 414 cerae.
1933 368 1988 414 65

295 451 456 512 Tolle
488 465 614 511 tuos
647 467 853 523 tecum,
881 475 1093 534 pauper
1121 466 1354 524 amator,
1387 475 1532 512 avos.

219 547 409 629 Quid?
441 547 567 629 quia
598 545 829 629 pulcher
858 548 991 620 erit,
1019 563 1213 630 poscet
1241 549 1358 609 sine
1382 551 1607 609 munere
1635 548 1893 607 noctem?

301 644 472 723 Quod
503 643 624 714 det,
654 659 951 704 amatorem
972 644 1182 723 flagitet
1212 661 1336 706 ante
1365 669 1544 706 suum.

216 741 446 801 Parcius
477 739 681 818 exigito
710 740 976 822 pretium,
1009 739 1140 801 dum
1165 740 1302 801 retia
1330 742 1539 814 tendis,

296 838 379 895 Ne
404 835 619 910 fugiant
642 861 653 895 :
682 851 875 918 captos
900 837 1120 916 legibus
1146 861 1244 898 ure
1275 836 1402 896 tuis.
1943 871 1995 911 70

213 932 327 993 Nec
353 933 545 992 nocuit
574 933 863 994 simulatus
894 958 1052 994 amor
1076 959 1088 993 ε
1115 934 1233 995 sine
1267 933 1453 993 credat
1481 933 1683 993 amari:

268 1091 336 1134 65.
369 1093 458 1135 Nec
478 1097 519 1134 le
539 1094 756 1147 deczjm'ant
773 1097 926 1135 veteris
946 1095 1068 1147 quin-

219 1159 385 1213 quatria
400 1171 512 1198 ceroe.
534 1156 598 1198 Ita
614 1156 791 1212 quidem
807 1156 849 1199 in
866 1157 1068 1200 omnibus

219 1221 480 1264 editionibus
492 1254 503 1275 ,
527 1237 622 1277 quae
641 1230 808 1276 extant,
824 1223 1004 1279 legitur:
1020 1239 1070 1266 ac

218 1301 369 1329 sensus
391 1285 567 1341 quidem
598 1289 749 1344 planus
776 1296 850 1331 est.
884 1288 975 1331 Nec
996 1296 1038 1330 te
1055 1320 1066 1341 ,

217 1350 362 1406 inquit
379 1383 391 1405 ‚
426 1353 642 1406 decipiant
668 1353 835 1395 nobiles
851 1385 862 1407 ,
897 1352 972 1408 qui
993 1368 1071 1394 ve—

220 1423 334 1458 teres
354 1431 493 1466 cems,
517 1416 600 1459 hoc
615 1425 678 1459 est
693 1450 704 1471 ,
728 1418 950 1472 majorum
967 1417 1072 1459 ima-

223 1480 343 1537 gines
376 1489 598 1524 ostentant
629 1490 672 1524 et
709 1482 873 1536 jactant
906 1491 985 1525 etc.
1020 1482 1072 1525 Id

222 1545 343 1587 enim
365 1545 448 1588 hoc
470 1546 564 1589 loco
592 1549 704 1589 Ceroe
722 1547 967 1604 significant
985 1567 994 1601 ;
1024 1557 1074 1591 ut

222 1619 266 1653 et
292 1610 406 1667 apud
437 1611 700 1655 Juvenalem
717 1645 728 1666 ,
754 1613 841 1656 Sat.
864 1626 974 1669 vlu,
1004 1615 1075 1656 18:

223 1687 308 1717 Tota
319 1687 394 1718 licet
406 1695 532 1718 veteres
545 1696 699 1719 exornent
712 1689 857 1731 undique
873 1700 958 1720 ceroe

221 1745 331 1785 Atria,
346 1747 499 1778 nobilitas
518 1749 585 1778 sola
601 1755 649 1779 est
664 1756 764 1791 atque
780 1749 875 1779 unica
889 1750 1007 1780 virtus.

226 1830 281 1840 —-
298 1809 522 1852 Assentior
537 1819 583 1853 et
601 1811 843 1868 Paganino,
865 1811 941 1867 qui
961 1820 1078 1854 recte

224 1872 465 1930 legendum
493 1876 660 1931 putavit
679 1909 690 1930 ,
726 1878 915 1931 Quinque
937 1880 1080 1930 atria5

227 1938 368 1982 immo
386 1957 492 1983 vero
513 1957 612 1983 eam
629 1941 766 1997 ipsam
785 1941 1019 1985 lectionem
1035 1959 1080 1986 se

228 2004 275 2046 in
298 2005 558 2061 quibusdam
571 2006 641 2049 lib.
657 2006 810 2051 vidisse
826 2007 897 2049 ait.
917 2007 1057 2064 Igitur
1068 2040 1080 2061 ,

229 2071 335 2126 quin
357 2071 416 2113 ita
436 2087 612 2127 prorsus
633 2070 871 2129 legendum
895 2072 974 2127 sit,
999 2072 1085 2132 du·-¹

231 2136 357 2178 bitari
379 2151 473 2179 non
503 2145 689 2192 oportet.
718 2136 856 2180 Addit
881 2137 973 2181 haec
989 2171 1002 2193 ,
1035 2146 1086 2180 ut

233 2201 420 2243 maxime
438 2201 593 2244 nobilis
606 2201 875 2259 significetur
886 2202 921 2245 is
936 2235 948 2256 ‚
963 2203 1088 2258 cujus

234 2266 456 2321 majorum
469 2265 681 2323 imagines
695 2267 762 2309 vel
774 2271 949 2323 quinque
963 2273 1088 2310 c'om—

234 2331 383 2387 pleant
402 2334 527 2373 atria.
561 2329 701 2386 Cujus
730 2331 909 2387 quidem
939 2333 1088 2389 Paga-

235 2394 331 2438 nini
341 2393 554 2450 judicium
563 2398 821 2452 comprobat
830 2397 900 2441 hic
912 2398 1086 2451 Noster,

234 2459 306 2502 lib.
328 2473 346 2501 1
368 2460 600 2502 Fastorum
618 2493 629 2515 ,
653 2477 692 2503 v.
716 2463 791 2520 591
815 2478 826 2504 :

234 2528 366 2568 Perlege
382 2527 555 2568 dispositas
573 2538 724 2569 generosa
744 2540 803 2569 per
818 2531 909 2560 atria
925 2541 1028 2562 ceras.

241 2590 301 2633 Et
322 2590 581 2647 Propertius
596 2590 668 2641 lib.
681 2603 700 2632 1
717 2623 730 2644 ,
753 2589 874 2646 Eleg.
895 2604 942 2644 v,
963 2607 1002 2633 v,
1019 2591 1090 2634 23:

236 2668 307 2700 Nec
322 2667 383 2698 tibi
397 2667 551 2698 nobilitas
565 2666 684 2708 poterit
702 2677 891 2697 succurrere
903 2667 1024 2698 amanti
1039 2679 1050 2707 ς

283 2727 398 2760 Nescit
410 2738 500 2759 umor
503 2728 620 2770 priscis
635 2728 748 2758 cedere
761 2728 972 2769 imaginibus.
992 2729 1090 2759 Clor.

243 2814 297 2826 ·-
318 2794 482 2835 Veteris
500 2793 766 2848 quinquatria
777 2807 883 2834 cem·
896 2801 1094 2835 constan-

245 2865 314 2899 ter
331 2856 502 2912 scripti:
519 2856 603 2899 nisi
617 2856 735 2913 qnod
750 2861 912 2899 veteres
926 2873 1029 2899 ceroe
1047 2857 1094 2899 in

246 2922 432 2964 Putean.
456 2938 466 2973 3
508 2921 627 2964 unde
648 2921 832 2965 minima
851 2922 1095 2965 mutatione

247 2984 486 3028 scribebam
505 3018 516 3039 ,
539 2990 637 3041 quin
656 2991 769 3029 attia
785 3003 799 3028 .-
822 2986 926 3043 quin
949 3003 1031 3030 nec
1052 2996 1096 3029 te

245 3050 464 3108 decipiant
480 3056 594 3093 atria
611 3057 765 3095 veteris
783 3068 887 3095 cerae
900 3066 913 3091 :
931 3052 998 3095 vel
1022 3068 1097 3094 ve-

246 3119 347 3157 teris
365 3119 498 3159 sinito
516 3120 628 3158 atria
649 3133 763 3160 σει-α’.
784 3117 925 3161 Possis
942 3117 1096 3161 etiam:

246 3182 316 3215 Nee
331 3189 364 3213 te
377 3183 540 3224 decipiant
550 3190 673 3214 veteres
686 3185 809 3215 circum
823 3186 914 3217 atria
930 3197 1015 3217 εει-ιε
1024 3200 1038 3226 ,·

249 3253 300 3288 ut
312 3260 334 3287 a
345 3246 575 3289 Puteaneo
584 3245 696 3289 libro
705 3262 798 3289 non
810 3247 1027 3289 abeamus.
1039 3246 1100 3289 H.

251 3329 307 3342 ·-
327 3308 494 3354 Omnia
516 3311 608 3355 haec
628 3312 811 3367 frustra,
843 3320 886 3354 et
904 3311 1023 3368 quasi
1044 3310 1099 3353 de

248 3375 396 3420 nihilo.
446 3379 722 3435 Quinquatria
762 3379 882 3422 enim
916 3387 978 3421 est
998 3394 1101 3434 por-

1149 1095 1260 1133 licus
1278 1093 1454 1146 quinque
1467 1093 1810 1134 ambulacrorum.
1837 1087 1999 1133 Glossae

1150 1155 1298 1198 Fausti
1322 1154 1528 1198 Romani.

1204 1223 1270 1279 67.
1291 1224 1437 1276 Quid?
1462 1224 1648 1276 Quia.—-·
1662 1224 1790 1276 Quin,
1815 1222 2001 1264 Putean.

1150 1303 1252 1329 cum
1280 1286 1450 1330 duobus
1477 1286 1578 1329 aliis.
1622 1286 1719 1342 Ego
1752 1302 1854 1329 cum
1882 1286 2002 1342 regio

1152 1352 1299 1395 codice
1319 1365 1330 1391 z

1154 1427 1269 1466 Quid?
1293 1427 1370 1468 quia
1388 1427 1523 1468 pulcher
1544 1428 1626 1467 erit,
1647 1434 1757 1469 poscet
1778 1427 1846 1458 sine
1872 1437 2003 1458 munere

1258 1495 1386 1518 noctem
1399 1488 1417 1519 7

1159 1547 1374 1603 Quamvis
1405 1539 1449 1591 et
1477 1548 1649 1606 vulgata
1680 1556 1823 1605 potest
1855 1556 1967 1592 stare
1992 1561 2001 1586 ε

1157 1614 1311 1656 transit
1328 1614 1449 1657 enim
1461 1613 1516 1657 ad
1528 1613 1643 1657 aliud
1664 1623 1911 1657 amatorum
1930 1630 2006 1671 ge—

1158 1694 1241 1721 nus
1265 1697 1275 1729 ;
1319 1687 1446 1722 antea
1480 1678 1534 1722 de
1568 1679 1783 1723 nobilibus
1824 1687 1972 1736 egerat
1995 1698 2003 1729 ;

1157 1759 1278 1785 nunc
1294 1742 1348 1785 ad
1364 1759 1453 1797 eos,
1471 1744 1545 1800 qui
1557 1745 1700 1786 forma
1714 1744 1792 1787 sibi
1806 1744 2000 1800 placent,

1160 1817 1204 1850 et
1216 1807 1316 1850 ideo
1329 1825 1372 1851 se
1385 1814 1478 1851 siue
1491 1826 1655 1852 munere
1667 1809 1836 1852 admitti
1848 1809 2006 1852 debere

1160 1872 1449 1928 contendunt.
1486 1873 1555 1917 De
1589 1874 1662 1916 illo
1704 1875 1855 1928 Quid?
1892 1873 2010 1930 quod

1160 1938 1316 1981 millies
1334 1939 1546 1993 occurrit,
1563 1939 1648 1982 vid.
1671 1938 1722 1982 ad
1744 1940 1923 1982 Petron.
1946 1939 2010 1980 25.

1217 2003 1284 2062 69.
1323 2005 1438 2046 Dum
1470 2009 1579 2047 retia
1617 2007 1767 2048 lendis.
1809 2006 1852 2046 Τ
1844 2005 1977 2046 endas
1999 2036 2009 2053 ‚

1165 2069 1267 2113 edit.
1293 2072 1413 2128 1470.

1221 2150 1285 2193 70.
1314 2137 1382 2179 Ne
1383 2134 1566 2190 fugiant
1577 2151 1591 2190 ;
1606 2139 1757 2190 captos
1769 2136 1930 2188 legibus
1940 2149 2014 2176 ure

1133 2232 1139 2243 i
1165 2204 1262 2244 tuis.
1284 2199 1475 2244 Videtur
1493 2199 1823 2244 rescribendum
1842 2211 1852 2238 :

1204 2269 1258 2302 Ne
1272 2269 1376 2309 fugiat
1387 2293 1396 2308 ,
1413 2277 1548 2310 captum
1561 2269 1686 2310 legibus
1703 2279 1761 2299 ure
1775 2268 1856 2299 suis.

1168 2330 1406 2387 Superiora
1431 2338 1568 2387 agunt
1591 2328 1645 2372 de
1677 2328 1860 2386 pulchro
1887 2344 2018 2372 ama-—

1168 2404 1263 2438 tore
1281 2412 1291 2447 ;
1318 2409 1406 2450 quo
1418 2394 1551 2437 etiam
1560 2393 1652 2436 haec
1659 2402 1762 2436 sunt
1774 2392 2019 2436 reserenda.

1171 2461 1268 2504 Suis
1284 2463 1463 2516 legibus,
1486 2467 1537 2502 ut
1557 2460 1639 2516 Ep.
1659 2476 1711 2513 v,
1741 2459 1818 2513 134
1837 2474 1848 2501 :

1211 2530 1255 2561 Et
1271 2535 1398 2570 poteras
1414 2528 1484 2559 salli
1499 2528 1624 2570 legibus
1643 2529 1712 2569 ipse
1728 2529 1807 2558 tuis.
1842 2527 1978 2558 Hunn-

1175 2589 1334 2644 Quum
1354 2597 1555 2632 constans
1568 2588 1624 2632 sit
1641 2588 1768 2631 lectio
1787 2591 1891 2639 luis,
1915 2587 2022 2629 reti—-

1172 2656 1251 2697 nui
1272 2671 1282 2697 ε
1304 2671 1374 2697 ure
1394 2670 1474 2711 pro
1502 2655 1680 2697 arbitrio
1702 2662 1778 2696 tuo
1796 2685 1808 2707 ‚
1830 2655 1993 2707 legibus
2009 2687 2018 2700 ,

1175 2735 1280 2775 quas
1300 2724 1398 2774 insa
1429 2718 1544 2762 dices
1559 2718 1794 2775 'rapacitati
1826 2726 1912 2760 tuae
1929 2735 1940 2769 ;
1976 2727 2023 2759 ut

1173 2784 1276 2828 leno
1297 2784 1409 2841 apud
1442 2784 1624 2827 Terent.
1653 2783 1834 2827 Phorm.
1856 2797 1915 2825 111
1933 2816 1944 2836 ,
1970 2801 1992 2825 2
2014 2797 2022 2825 ε

1176 2851 1278 2892 Mea
1299 2853 1390 2904 Iege
1413 2855 1518 2892 utar.
1546 2871 1602 2884 ·-·
1622 2851 1794 2904 Ignibus
1812 2864 1883 2891 ure
1914 2853 2022 2899 luis,

1177 2914 1266 2957 duo
1287 2914 1453 2958 Moreti
1469 2947 1482 2968 ,
1513 2923 1558 2957 et
1576 2929 1690 2956 unus
1716 2913 1951 2956 Palatinus.

1234 2999 1254 3037 7
1264 2998 1279 3023 1
1287 3015 1297 3024 .
1319 2983 1410 3024 Nec
1425 2984 1570 3023 nocuit
1581 2982 1806 3023 simulatus
1817 2995 1940 3022 amor
1947 2986 2026 3022 etc.

1179 3047 1381 3102 Propert.
1403 3045 1524 3102 Eleg.
1547 3043 1648 3088 dict.
1670 3061 1723 3103 29
1745 3059 1755 3087 ε

1177 3123 1379 3154 Etsi-nutare
1390 3123 1513 3161 virum,
1528 3121 1669 3163 prelium
1676 3120 1774 3160 (δοίη
1793 3126 1885 3161 utere
1899 3117 2004 3148 causis
2018 3127 2024 3147 ε

1220 3185 1350 3225 Major,
1365 3183 1464 3214 diluta
1477 3189 1571 3214 nocte
1579 3206 1590 3221 ,
1612 3180 1749 3212 recurrit
1763 3191 1863 3211 amor.

1179 3265 1234 3276 —
1253 3245 1351 3287 Sine
1371 3246 1519 3286 credat
1534 3247 1684 3286 amari.
1704 3242 1757 3285 In
1777 3238 2000 3284 nonnullis
2017 3270 2027 3291 ‚

1181 3325 1227 3351 se
1257 3311 1406 3351 credat
1428 3313 1592 3364 amari;
1632 3307 1778 3351 minus
1804 3305 1915 3348 bene
1934 3337 1946 3358 ‚
1980 3310 2028 3346 ut

1182 3373 1290 3417 mihi
1311 3373 1492 3416 videtur.
