2268 3776
292 280 392 349 140

750 283 815 335 P.
862 282 1153 339 OVIDII
1198 284 1362 341 NAS
1386 285 1586 342 ONIS

283 398 505 460 Scilicet
533 422 563 459 a
591 398 800 481 speculi
831 416 1126 461 sumuntur
1154 403 1391 482 imagine
1414 404 1617 476 fastus3

363 498 479 555 Nec
508 495 617 555 nisi
645 497 1011 578 compositam
1041 522 1096 558 se
1125 499 1281 580 prius
1309 499 1405 560 illa
1430 502 1596 561 videt.

2013 534 2060 562 10

281 593 410 651 Non
440 593 544 652 tibi
576 593 623 652 si
652 592 817 654 facies
842 595 1074 654 nimium
1105 595 1198 655 dat
1220 596 1279 656 in
1311 599 1498 659 omnia
1525 599 1717 677 regni3

366 689 419 748 Ο
447 688 610 749 facies
644 690 836 751 oculos
867 707 996 751 nata
1023 706 1207 752 tenere
1235 696 1417 753 meos!

286 784 561 846 Collatum
589 787 798 847 idcirco
829 789 935 848 tibi
960 813 1043 849 me
1076 803 1426 852 contemnere
1457 790 1655 864 debes;

364 888 562 971 Aptari
593 890 807 968 magnis
836 891 1094 952 inferiora
1124 890 1269 952 licet.

288 990 547 1051 Creditur
575 1006 630 1051 et
658 991 913 1075 Nymphe
943 992 1191 1053 mortalis
1220 1018 1403 1055 amore
1438 993 1708 1079 Calyps0,
2046 1015 2066 1035 Γ

370 1093 573 1175 Capta,
610 1092 970 1155 reluctantem
1000 1095 1300 1156 detinuisse
1326 1096 1519 1156 virum.

293 1194 551 1256 Creditur
579 1220 890 1279 aequoream
919 1198 1129 1258 Phthio
1152 1198 1391 1259 Nereida
1418 1199 1569 1277 regi;

367 1299 625 1378 Egeriam
646 1300 799 1381 justo
832 1302 1198 1362 concubuisse
1227 1304 1456 1374 Numae;

342 1488 382 1531 9.
412 1474 584 1516 Scilicet
599 1488 628 1516 a
646 1477 813 1529 speculi
834 1483 914 1518 etc.
937 1474 1006 1518 De
1032 1491 1142 1531 spe-

292 1540 397 1583 culis
412 1573 423 1595 ,
447 1558 690 1598 eorumque
712 1543 942 1599 generibus
958 1576 969 1597 ,
991 1558 1073 1585 usu
1099 1550 1144 1585 et

292 1606 474 1649 materia
490 1639 501 1660 ,
517 1607 771 1650 consulend.
794 1607 951 1651 Sextus
971 1607 1143 1664 Empir.

291 1671 407 1715 Plin.
428 1687 570 1716 xxxv1
587 1706 598 1727 ,
623 1673 675 1715 26
692 1706 702 1726 ,
726 1682 770 1716 et
789 1674 947 1717 Senec.
974 1674 1144 1730 Quaest.

297 1736 398 1780 Nat.
413 1749 431 1778 1
443 1769 454 1791 ,
471 1755 517 1794 17
535 1755 545 1790 ;
560 1737 635 1780 ubi
648 1738 766 1781 inter
778 1739 858 1781 alia
871 1739 1031 1793 multa,
1049 1754 1147 1794 quae

295 1810 542 1858 sequuntur
561 1802 756 1845 notanda
777 1803 992 1859 praecipue
1014 1803 1147 1846 vide-

297 1866 490 1910 bantur:
514 1884 535 1904 «
553 1866 674 1923 Quid
704 1867 783 1910 sibi
811 1884 963 1910 rerum
992 1875 1150 1910 natura

298 1931 436 1975 voluit
440 1965 502 1975 .....
524 1948 708 1988 quorsus
728 1933 1012 1989 pertinuerit,
1038 1932 1152 1976 hanc

300 2012 554 2053 comparare
583 1998 839 2052 materiam,
868 1997 1151 2053 excipienda-

301 2077 404 2104 rum
432 2062 676 2119 imaginum
701 2070 930 2119 potentem
951 2062 1050 2105 Ξ’.....
1072 2063 1151 2105 In-

303 2133 435 2168 venta
451 2134 555 2169 sunt
571 2126 769 2183 specula,
785 2135 833 2170 ut
852 2126 988 2170 homo
1006 2128 1094 2184 ipse
1109 2144 1154 2170 se

302 2200 519 2236 nosceret.
540 2191 687 2236 Multa
707 2209 759 2235 ex
789 2192 873 2236 hoc
900 2201 1155 2237 consecuta:

307 2257 451 2314 primo
464 2257 531 2300 sui
542 2257 698 2300 notitia
711 2290 722 2312 ,
739 2257 898 2301 deinde
913 2267 957 2301 et
971 2257 1025 2300 ad
1038 2273 1160 2314 quae-

310 2322 413 2365 dam
432 2322 674 2366 consilium.
697 2323 933 2366 Formosus
947 2357 958 2379 ,
979 2332 1029 2365 ut
1050 2323 1162 2366 vita-

308 2396 379 2431 ret
406 2388 661 2442 insamiam3
685 2389 895 2433 deformis
912 2423 923 2444 ,
954 2398 1003 2431 ut
1033 2389 1163 2432 sciret

309 2452 622 2496 redimendum
642 2470 733 2497 esse
754 2454 988 2498 virtutibus
1004 2487 1015 2509 ,
1033 2453 1164 2510 quid-

314 2519 419 2576 quid
453 2521 625 2576 corpori
656 2520 823 2564 deesset
849 2538 859 2564 :
886 2521 1057 2576 juvenis
1075 2554 1086 2575 ,
1115 2528 1166 2562 ut

314 2586 424 2630 flore
438 2587 572 2630 aetatis
585 2586 914 2641 admoneretur,
931 2588 1035 2629 illud
1059 2597 1166 2630 tem-

319 2667 399 2708 pus
415 2667 505 2695 esse
521 2651 738 2706 discendi,
753 2660 799 2694 et
811 2652 939 2694 fortia
954 2651 1167 2695 audendi:

314 2731 446 2760 senex
461 2749 472 2771 ,
489 2725 538 2759 ut
553 2716 759 2760 indecora
772 2716 889 2759 canis
905 2716 1165 2773 deponeret,

318 2790 364 2825 et
385 2781 438 2824 de
460 2790 603 2824 morte
625 2780 785 2838 aliquid
800 2782 1057 2838 cogitaret.»
1081 2781 1171 2824 Ea-

321 2846 426 2889 dem
446 2847 537 2890 fere
561 2845 787 2900 Socrates,
813 2845 927 2902 apud
950 2845 1169 2889 Plutarch.

321 2920 522 2968 praecept.
560 2912 733 2968 conjug.
778 2911 929 2968 Pergit
970 2911 1140 2954 Seneca
1162 2926 1172 2954 ε

323 2994 345 3013 «
363 2977 533 3029 Postea,
557 2993 708 3019 rerum
723 2977 813 3033 jam
834 2976 1027 3033 potiente
1048 2976 1174 3018 luxu-

326 3042 418 3096 ria,
441 3042 612 3097 specula
645 3044 745 3086 totis
775 3044 893 3100 paria
923 3042 1176 3100 corporibus

328 3122 435 3150 auro
461 3116 729 3164 argentoque
761 3108 907 3152 caelata
927 3117 1033 3152 sunt
1050 3141 1061 3163 ,
1088 3107 1175 3151 de—

329 3172 462 3228 nique
486 3173 669 3229 gemmis
705 3172 942 3226 adornata;
974 3181 1018 3216 et
1045 3172 1179 3230 pluris

331 3253 475 3280 unum
490 3253 541 3280 ex
551 3237 616 3280 his
628 3238 804 3281 seminae
818 3238 1024 3293 constitit,
1049 3254 1181 3294 quarn

332 3303 619 3358 antiquarum
641 3302 718 3347 dos
746 3304 829 3346 suit
854 3303 925 3346 illa
940 3336 951 3358 ,
974 3318 1070 3359 quae
1090 3320 1182 3360 pu-

335 3368 443 3411 blice
469 3368 652 3412 dabatur
672 3370 992 3426 imperatorum
1012 3385 1186 3426 paupe-

333 3448 434 3476 rum
468 3433 650 3478 filiabus.
683 3436 755 3480 An
789 3444 838 3479 tu
871 3435 1087 3479 existimas
1101 3469 1113 3491 7
1137 3451 1187 3479 ex

1226 1492 1334 1520 auro
1352 1475 1547 1519 nitidum
1564 1475 1762 1520 habuisse
1785 1475 2000 1533 Scipionis
2021 1476 2077 1519 fi-

1225 1542 1301 1585 lias
1313 1542 1554 1599 speculum,
1579 1558 1717 1599 quum
1733 1541 1813 1586 illis
1832 1540 1909 1584 dos
1930 1541 2078 1584 suisset

1228 1624 1284 1652 aes
1307 1624 1433 1665 grave
1452 1607 1472 1650 ?
1507 1607 1550 1651 Ο
1572 1615 1802 1664 paupertas
1830 1605 1930 1649 felix
1947 1639 1958 1660 ,
1982 1621 2079 1662 quae

1227 1683 1351 1719 tanto
1372 1674 1499 1717 titulo
1517 1673 1663 1717 locum
1681 1673 1781 1717 seeit
1799 1673 1807 1714 ἱ
1827 1672 1932 1715 Jam
1952 1672 2082 1715 liber—

1228 1740 1426 1783 tinorum
1451 1738 1715 1795 virgunculis
1737 1738 1784 1780 in
1805 1753 1947 1780 unum
1977 1754 2083 1794 spe-

1230 1805 1379 1849 culum
1400 1821 1493 1847 non
1521 1803 1681 1847 sufficit
1707 1803 1778 1846 illa
1799 1803 1875 1846 dos
1900 1836 1912 1858 ,
1949 1819 2081 1859 quam

1233 1869 1354 1913 dedit
1373 1877 1547 1913 senatus
1569 1884 1649 1925 pro
1665 1867 1884 1924 Scipione.
1905 1885 1927 1905 »

1293 1949 1357 1977 10.
1385 1936 1475 1978 Nec
1493 1937 1584 1976 nisi
1605 1937 1877 1988 compositam
1891 1940 1971 1975 etc.
1992 1933 2086 1976 Nec

1234 2016 1278 2043 se
1295 1999 1413 2056 prius
1425 2006 1605 2056 spectat,
1621 2014 1755 2054 quam
1769 1998 1901 2054 possit
1915 1998 1957 2042 in
1969 2014 2086 2054 spec·

1236 2063 1372 2107 tando
1392 2063 1619 2117 delectari,
1651 2072 1695 2106 et
1714 2063 1950 2119 superbire.

1298 2147 1358 2172 11.
1398 2131 1581 2173 lVimium
1610 2130 1689 2171 dat
1718 2133 1763 2171 iu
1793 2133 1936 2171 omnia
1960 2131 2087 2183 regui.

1240 2195 1438 2237 venuste
1462 2194 1738 2248 Puteaneus,
1762 2209 1865 2236 cum
1884 2198 1975 2236 u'no
1997 2193 2091 2238 Va-

1241 2260 1385 2303 ticano
1399 2268 1442 2302 et
1453 2259 1757 2302 Barberinian.
1771 2258 1901 2302 Silius
1911 2258 1982 2301 lib.
1994 2270 2090 2310 xlv,

1243 2324 1326 2381 670
1340 2340 1350 2367 :
1366 2327 1572 2380 Ingemuit
1583 2328 1755 2367 nimium
1762 2324 1892 2380 juris,
1906 2328 2095 2366 tantum-

1243 2406 1319 2447 que
1338 2392 1462 2433 lic-ere
1476 2391 1662 2432 Horruit.
1686 2389 1752 2432 Ita
1764 2389 1885 2432 enim
1900 2388 2095 2432 scriben-

1246 2455 1354 2498 dum
1386 2471 1396 2498 ε
1428 2455 1612 2512 pessime
1648 2455 1777 2512 vulgo
1799 2487 1811 2510 ,
1847 2458 2097 2510 nimiumque

1248 2526 1363 2566 viris.
1392 2523 1561 2566 lems.

1308 2587 1370 2630 13.
1403 2589 1614 2631 Collatum
1643 2588 1801 2630 idcirco
1821 2589 1906 2628 tibi
1927 2601 1992 2627 me
2016 2592 2095 2627 etc.

1250 2652 1345 2695 Etsi
1365 2654 1506 2695 forma
1527 2652 1672 2695 vincas
1689 2683 1701 2705 ,
1724 2651 1758 2694 si
1783 2651 1860 2693 tibi
1881 2665 1952 2692 me
1975 2665 2095 2692 corn-

1242 2722 1479 2773 paraverit,
1495 2732 1588 2759 non
1610 2725 1674 2759 est
1690 2725 1839 2758 tamen
1855 2715 1972 2758 unde
1992 2731 2101 2758 con-

1252 2791 1438 2835 temnas,
1450 2798 1498 2825 ac
1508 2790 1737 2838 tantopere
1747 2780 2102 2838 superbias-Sunt

1253 2847 1374 2889 enim
1396 2846 1487 2889 aliae
1510 2861 1605 2902 quae
1628 2845 1759 2889 Ovid.
1785 2845 2102 2888 commendent

1253 2911 1436 2954 virtutes
1454 2929 1464 2963 ;
1488 2910 1718 2967 ingenium
1738 2910 1921 2964 scilicet,
1940 2918 1985 2952 et
2004 2925 2103 2966 poe-

1254 2976 1337 3019 tica
1351 2976 1441 3019 laus
1453 3009 1464 3031 ,
1482 2991 1577 3032 quae
1591 2975 1967 3021 immortalitatem
1982 2974 2104 3031 puel—

1254 3040 1305 3084 lis
1327 3058 1431 3098 quas
1450 3041 1687 3095 adamarit,
1710 3040 1884 3084 videtur
1901 3039 2104 3096 polliceri.

1316 3110 1378 3149 15.
1411 3109 1611 3150 Creditur.
1639 3108 1838 3149 Traditur
1855 3106 2040 3148 Putean.
2062 3112 2105 3145 et
2164 3100 2172 3106 ’

1260 3172 1348 3215 duo
1359 3171 1751 3223 alii.Beluctantem,
1763 3172 1896 3215 etiam
1907 3169 2106 3214 Francos.

1319 3255 1380 3293 17.
1416 3240 1641 3281 Credimus.
1665 3239 1865 3288 Creditur,
1880 3234 1998 3278 idem
2015 3234 2108 3276 Pu-

1262 3312 1441 3347 teaneus
1477 3319 1578 3346 cum
1613 3301 1900 3358 Neapolitano
1940 3308 1983 3342 et
2017 3314 2107 3340 uno

1263 3369 1428 3412 Moreti
1442 3401 1453 3421 ,
1477 3384 1525 3410 ac
1547 3366 1820 3410 Sarraviano.
1843 3365 2008 3407 HEINs.

1325 3434 1385 3477 18.
1400 3436 1597 3489 Egeriam
1598 3433 1722 3488 justo
1739 3440 1817 3476 etc.
1829 3430 1991 3486 Specus
2003 3428 2110 3486 Ege-
