<?xml version="1.0" encoding="UTF-8"?>
<!DOCTYPE html PUBLIC "-//W3C//DTD XHTML 1.0 Transitional//EN"
    "http://www.w3.org/TR/xhtml1/DTD/xhtml1-transitional.dtd">
<html xmlns="http://www.w3.org/1999/xhtml" xml:lang="en" lang="en">
 <head>
  <title>
</title>
<meta http-equiv="Content-Type" content="text/html;charset=utf-8" />
  <meta name='ocr-system' content='tesseract 3.04.00' />
  <meta name='ocr-capabilities' content='ocr_page ocr_carea ocr_par ocr_line ocrx_word'/>
</head>
<body>
  <div class='ocr_page' id='page_1' title='image "./quaeextantomniao02oviduoft_0235.png"; bbox 0 0 2268 3776; ppageno 0'>
   <div class='ocr_carea' id='block_1_1' title="bbox 523 295 1617 362">
    <p class='ocr_par' dir='ltr' id='par_1_1' title="bbox 523 295 1617 362">
     <span class='ocr_line' id='line_1_1' title="bbox 523 295 1617 362; baseline -0.003 -1"><span class='ocrx_word' id='word_1_1' title='bbox 523 295 913 361; x_wconf 88' lang='lat' dir='ltr'>AMORUM</span> <span class='ocrx_word' id='word_1_2' title='bbox 963 304 1088 357; x_wconf 88' lang='grc' dir='ltr'><strong>ΙΙΙ.</strong></span> <span class='ocrx_word' id='word_1_3' title='bbox 1139 303 1385 359; x_wconf 90' lang='lat' dir='ltr'><strong>ELEG.</strong></span> <span class='ocrx_word' id='word_1_4' title='bbox 1435 305 1617 362; x_wconf 85' lang='lat' dir='ltr'><strong>XIV.</strong></span> 
     </span>
    </p>
   </div>
   <div class='ocr_carea' id='block_1_2' title="bbox 1856 324 1956 359">
    <p class='ocr_par' dir='ltr' id='par_1_2' title="bbox 1856 324 1956 359">
     <span class='ocr_line' id='line_1_2' title="bbox 1856 324 1956 359; baseline 0 -1"><span class='ocrx_word' id='word_1_5' title='bbox 1856 324 1956 359; x_wconf 83' lang='lat'>221</span> 
     </span>
    </p>
   </div>
   <div class='ocr_carea' id='block_1_3' title="bbox 762 606 1407 679">
    <p class='ocr_par' dir='ltr' id='par_1_3' title="bbox 762 606 1407 679">
     <span class='ocr_line' id='line_1_3' title="bbox 762 606 1407 679; baseline 0 -1"><span class='ocrx_word' id='word_1_6' title='bbox 762 606 1157 678; x_wconf 85' lang='lat' dir='ltr'><strong>ELEGIA</strong></span> <span class='ocrx_word' id='word_1_7' title='bbox 1204 608 1407 679; x_wconf 90' lang='lat' dir='ltr'><strong>XIV.</strong></span> 
     </span>
    </p>
   </div>
   <div class='ocr_carea' id='block_1_4' title="bbox 986 763 1219 776">
    <p class='ocr_par' dir='ltr' id='par_1_4' title="bbox 986 763 1219 776">
     <span class='ocr_line' id='line_1_4' title="bbox 986 763 1219 776; baseline 0 0"><span class='ocrx_word' id='word_1_8' title='bbox 986 763 1219 776; x_wconf 95' lang='lat' dir='ltr'> </span> 
     </span>
    </p>
   </div>
   <div class='ocr_carea' id='block_1_5' title="bbox 925 942 1266 984">
    <p class='ocr_par' dir='ltr' id='par_1_5' title="bbox 925 942 1266 984">
     <span class='ocr_line' id='line_1_5' title="bbox 925 942 1266 984; baseline 0.003 -1"><span class='ocrx_word' id='word_1_9' title='bbox 925 953 987 984; x_wconf 70' lang='lat' dir='ltr'>An</span> <span class='ocrx_word' id='word_1_10' title='bbox 1017 952 1223 984; x_wconf 61' lang='lat' dir='ltr'>Ameana.</span> <span class='ocrx_word' id='word_1_11' title='bbox 1247 942 1266 962; x_wconf 79' lang='lat'>*</span> 
     </span>
    </p>
   </div>
   <div class='ocr_carea' id='block_1_6' title="bbox 191 1085 1984 1975">
    <p class='ocr_par' dir='ltr' id='par_1_6' title="bbox 191 1085 1984 1975">
     <span class='ocr_line' id='line_1_6' title="bbox 191 1085 1721 1194; baseline 0 -22"><span class='ocrx_word' id='word_1_12' title='bbox 191 1085 358 1172; x_wconf 84' lang='lat' dir='ltr'>NON</span> <span class='ocrx_word' id='word_1_13' title='bbox 387 1134 491 1190; x_wconf 85' lang='lat' dir='ltr'>ego</span> <span class='ocrx_word' id='word_1_14' title='bbox 509 1156 523 1183; x_wconf 89' lang='lat'>‚</span> <span class='ocrx_word' id='word_1_15' title='bbox 548 1133 617 1173; x_wconf 90' lang='lat' dir='ltr'>ne</span> <span class='ocrx_word' id='word_1_16' title='bbox 642 1133 865 1194; x_wconf 77' lang='lat' dir='ltr'>pecceS‚</span> <span class='ocrx_word' id='word_1_17' title='bbox 892 1134 1065 1194; x_wconf 90' lang='lat' dir='ltr'>quum</span> <span class='ocrx_word' id='word_1_18' title='bbox 1095 1111 1171 1172; x_wconf 91' lang='lat' dir='ltr'>sis</span> <span class='ocrx_word' id='word_1_19' title='bbox 1200 1110 1471 1183; x_wconf 89' lang='lat' dir='ltr'>formosa,</span> <span class='ocrx_word' id='word_1_20' title='bbox 1498 1134 1721 1186; x_wconf 81' lang='lat' dir='ltr'>recus03</span> 
     </span>
     <span class='ocr_line' id='line_1_7' title="bbox 274 1207 1414 1271; baseline 0 -4"><span class='ocrx_word' id='word_1_21' title='bbox 274 1207 380 1268; x_wconf 87' lang='lat' dir='ltr'>Sed</span> <span class='ocrx_word' id='word_1_22' title='bbox 411 1231 480 1269; x_wconf 90' lang='lat' dir='ltr'>ne</span> <span class='ocrx_word' id='word_1_23' title='bbox 509 1208 582 1269; x_wconf 89' lang='lat' dir='ltr'>sit</span> <span class='ocrx_word' id='word_1_24' title='bbox 606 1208 812 1269; x_wconf 87' lang='lat' dir='ltr'>misero</span> <span class='ocrx_word' id='word_1_25' title='bbox 842 1208 980 1269; x_wconf 90' lang='lat' dir='ltr'>scire</span> <span class='ocrx_word' id='word_1_26' title='bbox 1009 1232 1230 1271; x_wconf 87' lang='lat' dir='ltr'>necesse</span> <span class='ocrx_word' id='word_1_27' title='bbox 1258 1208 1414 1269; x_wconf 79' lang='lat' dir='ltr'>mihi.</span> 
     </span>
     <span class='ocr_line' id='line_1_8' title="bbox 191 1305 1520 1391; baseline 0 -24"><span class='ocrx_word' id='word_1_28' title='bbox 191 1306 306 1367; x_wconf 86' lang='lat' dir='ltr'>Nec</span> <span class='ocrx_word' id='word_1_29' title='bbox 334 1319 386 1366; x_wconf 89' lang='lat' dir='ltr'>te</span> <span class='ocrx_word' id='word_1_30' title='bbox 413 1320 605 1367; x_wconf 83' lang='lat' dir='ltr'>nostra</span> <span class='ocrx_word' id='word_1_31' title='bbox 628 1305 791 1388; x_wconf 88' lang='lat' dir='ltr'>jubet</span> <span class='ocrx_word' id='word_1_32' title='bbox 817 1305 937 1367; x_wconf 82' lang='lat' dir='ltr'>fieri</span> <span class='ocrx_word' id='word_1_33' title='bbox 964 1330 1196 1368; x_wconf 85' lang='lat' dir='ltr'>censura</span> <span class='ocrx_word' id='word_1_34' title='bbox 1224 1306 1484 1391; x_wconf 92' lang='lat' dir='ltr'>pudicam</span> <span class='ocrx_word' id='word_1_35' title='bbox 1507 1331 1520 1367; x_wconf 73' lang='grc' dir='ltr'>ε</span> 
     </span>
     <span class='ocr_line' id='line_1_9' title="bbox 276 1396 1479 1483; baseline 0.001 -21"><span class='ocrx_word' id='word_1_36' title='bbox 276 1401 411 1475; x_wconf 86' lang='lat' dir='ltr'><strong>Sed,</strong></span> <span class='ocrx_word' id='word_1_37' title='bbox 441 1396 655 1464; x_wconf 88' lang='lat' dir='ltr'>tantum</span> <span class='ocrx_word' id='word_1_38' title='bbox 685 1418 862 1465; x_wconf 87' lang='lat' dir='ltr'>tentes</span> <span class='ocrx_word' id='word_1_39' title='bbox 894 1404 1269 1478; x_wconf 89' lang='lat' dir='ltr'>dissimulare,</span> <span class='ocrx_word' id='word_1_40' title='bbox 1300 1418 1479 1483; x_wconf 84' lang='lat' dir='ltr'>rogat.</span> 
     </span>
     <span class='ocr_line' id='line_1_10' title="bbox 193 1498 1984 1586; baseline 0.001 -27"><span class='ocrx_word' id='word_1_41' title='bbox 193 1498 326 1559; x_wconf 87' lang='lat' dir='ltr'>Non</span> <span class='ocrx_word' id='word_1_42' title='bbox 353 1514 576 1583; x_wconf 85' lang='lat' dir='ltr'>peccat,</span> <span class='ocrx_word' id='word_1_43' title='bbox 607 1524 964 1584; x_wconf 82' lang='lat' dir='ltr'>quaecumque</span> <span class='ocrx_word' id='word_1_44' title='bbox 994 1516 1184 1585; x_wconf 86' lang='lat' dir='ltr'>potest</span> <span class='ocrx_word' id='word_1_45' title='bbox 1211 1525 1466 1586; x_wconf 86' lang='lat' dir='ltr'>peccasse</span> <span class='ocrx_word' id='word_1_46' title='bbox 1496 1525 1725 1581; x_wconf 80' lang='lat' dir='ltr'>negare3</span> <span class='ocrx_word' id='word_1_47' title='bbox 1957 1522 1984 1564; x_wconf 69' lang='lat'><em>5</em></span> 
     </span>
     <span class='ocr_line' id='line_1_11' title="bbox 279 1594 1499 1683; baseline 0.002 -27"><span class='ocrx_word' id='word_1_48' title='bbox 279 1594 519 1681; x_wconf 89' lang='lat' dir='ltr'>Solaque</span> <span class='ocrx_word' id='word_1_49' title='bbox 551 1597 850 1659; x_wconf 87' lang='lat' dir='ltr'>deformem</span> <span class='ocrx_word' id='word_1_50' title='bbox 880 1598 1045 1683; x_wconf 91' lang='lat' dir='ltr'>culpa</span> <span class='ocrx_word' id='word_1_51' title='bbox 1072 1598 1325 1683; x_wconf 90' lang='lat' dir='ltr'>professa</span> <span class='ocrx_word' id='word_1_52' title='bbox 1352 1599 1499 1661; x_wconf 83' lang='lat' dir='ltr'>facit.</span> 
     </span>
     <span class='ocr_line' id='line_1_12' title="bbox 201 1691 1770 1779; baseline 0.003 -27"><span class='ocrx_word' id='word_1_53' title='bbox 201 1691 345 1772; x_wconf 81' lang='lat' dir='ltr'>Quis</span> <span class='ocrx_word' id='word_1_54' title='bbox 370 1692 527 1755; x_wconf 88' lang='lat' dir='ltr'>furor</span> <span class='ocrx_word' id='word_1_55' title='bbox 553 1709 669 1769; x_wconf 86' lang='lat' dir='ltr'>est,</span> <span class='ocrx_word' id='word_1_56' title='bbox 698 1719 819 1779; x_wconf 87' lang='lat' dir='ltr'>quae</span> <span class='ocrx_word' id='word_1_57' title='bbox 846 1711 1011 1758; x_wconf 90' lang='lat' dir='ltr'>nocte</span> <span class='ocrx_word' id='word_1_58' title='bbox 1042 1696 1242 1770; x_wconf 87' lang='lat' dir='ltr'>latent,</span> <span class='ocrx_word' id='word_1_59' title='bbox 1272 1697 1379 1758; x_wconf 87' lang='lat' dir='ltr'>sub</span> <span class='ocrx_word' id='word_1_60' title='bbox 1410 1695 1532 1758; x_wconf 91' lang='lat' dir='ltr'>luce</span> <span class='ocrx_word' id='word_1_61' title='bbox 1561 1696 1770 1758; x_wconf 74' lang='lat' dir='ltr'>fateri?</span> 
     </span>
     <span class='ocr_line' id='line_1_13' title="bbox 278 1791 1560 1878; baseline 0.002 -27"><span class='ocrx_word' id='word_1_62' title='bbox 278 1792 354 1851; x_wconf 89' lang='lat' dir='ltr'>Et</span> <span class='ocrx_word' id='word_1_63' title='bbox 383 1815 504 1875; x_wconf 86' lang='lat' dir='ltr'>quae</span> <span class='ocrx_word' id='word_1_64' title='bbox 533 1791 672 1854; x_wconf 89' lang='lat' dir='ltr'>clam</span> <span class='ocrx_word' id='word_1_65' title='bbox 701 1792 867 1854; x_wconf 85' lang='lat' dir='ltr'>facias</span> <span class='ocrx_word' id='word_1_66' title='bbox 887 1840 902 1867; x_wconf 89' lang='lat'>‚</span> <span class='ocrx_word' id='word_1_67' title='bbox 926 1793 1068 1855; x_wconf 83' lang='lat' dir='ltr'>facta</span> <span class='ocrx_word' id='word_1_68' title='bbox 1098 1794 1300 1856; x_wconf 87' lang='lat' dir='ltr'>referre</span> <span class='ocrx_word' id='word_1_69' title='bbox 1331 1793 1513 1878; x_wconf 90' lang='lat' dir='ltr'>palam</span> <span class='ocrx_word' id='word_1_70' title='bbox 1536 1796 1560 1854; x_wconf 72' lang='grc' dir='ltr'>Ρ</span> 
     </span>
     <span class='ocr_line' id='line_1_14' title="bbox 199 1887 1450 1975; baseline 0.004 -29"><span class='ocrx_word' id='word_1_71' title='bbox 199 1887 402 1966; x_wconf 83' lang='lat' dir='ltr'>Ignoto</span> <span class='ocrx_word' id='word_1_72' title='bbox 429 1891 687 1951; x_wconf 85' lang='lat' dir='ltr'>meretrix</span> <span class='ocrx_word' id='word_1_73' title='bbox 717 1914 922 1975; x_wconf 90' lang='lat' dir='ltr'>corpus</span> <span class='ocrx_word' id='word_1_74' title='bbox 947 1892 1207 1974; x_wconf 90' lang='lat' dir='ltr'>junctura</span> <span class='ocrx_word' id='word_1_75' title='bbox 1234 1892 1450 1973; x_wconf 85' lang='lat' dir='ltr'>Quiriti</span> 
     </span>
    </p>
   </div>
   <div class='ocr_carea' id='block_1_7' title="bbox 195 2065 1059 2914">
    <p class='ocr_par' dir='ltr' id='par_1_7' title="bbox 195 2065 1059 2914">
     <span class='ocr_line' id='line_1_15' title="bbox 202 2065 1053 2126; baseline 0.006 -17"><span class='ocrx_word' id='word_1_76' title='bbox 202 2118 218 2125; x_wconf 61' lang='lat'>,</span> <span class='ocrx_word' id='word_1_77' title='bbox 255 2065 278 2090; x_wconf 84' lang='lat'><strong>*</strong></span> <span class='ocrx_word' id='word_1_78' title='bbox 290 2065 450 2111; x_wconf 90' lang='lat' dir='ltr'>Monet</span> <span class='ocrx_word' id='word_1_79' title='bbox 463 2076 697 2125; x_wconf 78' lang='lat' dir='ltr'>rogatque,</span> <span class='ocrx_word' id='word_1_80' title='bbox 713 2084 770 2112; x_wconf 89' lang='lat' dir='ltr'>ne</span> <span class='ocrx_word' id='word_1_81' title='bbox 783 2101 795 2124; x_wconf 88' lang='lat'>,</span> <span class='ocrx_word' id='word_1_82' title='bbox 810 2084 948 2126; x_wconf 90' lang='lat' dir='ltr'>quum</span> <span class='ocrx_word' id='word_1_83' title='bbox 959 2086 1053 2114; x_wconf 91' lang='lat' dir='ltr'>non</span> 
     </span>
     <span class='ocr_line' id='line_1_16' title="bbox 195 2131 1045 2190; baseline 0.004 -15"><span class='ocrx_word' id='word_1_84' title='bbox 195 2146 371 2186; x_wconf 77' lang='lat' dir='ltr'>peccare</span> <span class='ocrx_word' id='word_1_85' title='bbox 396 2147 490 2176; x_wconf 88' lang='lat' dir='ltr'>non</span> <span class='ocrx_word' id='word_1_86' title='bbox 521 2131 679 2190; x_wconf 80' lang='lat' dir='ltr'>possit,</span> <span class='ocrx_word' id='word_1_87' title='bbox 711 2133 812 2190; x_wconf 90' lang='lat' dir='ltr'>quia</span> <span class='ocrx_word' id='word_1_88' title='bbox 827 2133 1045 2190; x_wconf 85' lang='lat' dir='ltr'>formosa,</span> 
     </span>
     <span class='ocr_line' id='line_1_17' title="bbox 203 2198 1054 2256; baseline 0.002 -15"><span class='ocrx_word' id='word_1_89' title='bbox 203 2198 349 2242; x_wconf 85' lang='lat' dir='ltr'>nescio</span> <span class='ocrx_word' id='word_1_90' title='bbox 366 2214 499 2256; x_wconf 88' lang='lat' dir='ltr'>quam</span> <span class='ocrx_word' id='word_1_91' title='bbox 510 2214 561 2249; x_wconf 69' lang='lat' dir='ltr'>ex</span> <span class='ocrx_word' id='word_1_92' title='bbox 577 2198 667 2256; x_wconf 91' lang='lat' dir='ltr'>ipsa</span> <span class='ocrx_word' id='word_1_93' title='bbox 683 2199 863 2243; x_wconf 82' lang='lat' dir='ltr'>infamia</span> <span class='ocrx_word' id='word_1_94' title='bbox 877 2199 1054 2244; x_wconf 88' lang='lat' dir='ltr'>laudem</span> 
     </span>
     <span class='ocr_line' id='line_1_18' title="bbox 204 2264 1051 2322; baseline 0.002 -14"><span class='ocrx_word' id='word_1_95' title='bbox 204 2273 344 2322; x_wconf 83' lang='lat' dir='ltr'>petat,</span> <span class='ocrx_word' id='word_1_96' title='bbox 363 2265 592 2322; x_wconf 78' lang='lat' dir='ltr'>faciatque,</span> <span class='ocrx_word' id='word_1_97' title='bbox 608 2274 659 2309; x_wconf 91' lang='lat' dir='ltr'>ut</span> <span class='ocrx_word' id='word_1_98' title='bbox 674 2266 829 2310; x_wconf 83' lang='lat' dir='ltr'>resciat</span> <span class='ocrx_word' id='word_1_99' title='bbox 849 2264 1051 2322; x_wconf 85' lang='lat' dir='ltr'>Ovidius,</span> 
     </span>
     <span class='ocr_line' id='line_1_19' title="bbox 206 2331 1054 2389; baseline 0.004 -15"><span class='ocrx_word' id='word_1_100' title='bbox 206 2347 302 2388; x_wconf 77' lang='lat' dir='ltr'>quoe</span> <span class='ocrx_word' id='word_1_101' title='bbox 320 2363 332 2385; x_wconf 91' lang='lat'>‚</span> <span class='ocrx_word' id='word_1_102' title='bbox 365 2331 401 2375; x_wconf 89' lang='lat' dir='ltr'>si</span> <span class='ocrx_word' id='word_1_103' title='bbox 420 2331 563 2375; x_wconf 82' lang='lat' dir='ltr'>videat</span> <span class='ocrx_word' id='word_1_104' title='bbox 586 2365 597 2386; x_wconf 91' lang='lat'>,</span> <span class='ocrx_word' id='word_1_105' title='bbox 634 2341 808 2389; x_wconf 78' lang='lat' dir='ltr'>exoptet</span> <span class='ocrx_word' id='word_1_106' title='bbox 839 2331 1054 2389; x_wconf 85' lang='lat' dir='ltr'>ignorare.</span> 
     </span>
     <span class='ocr_line' id='line_1_20' title="bbox 209 2393 1059 2453; baseline 0.001 -15"><span class='ocrx_word' id='word_1_107' title='bbox 209 2393 287 2439; x_wconf 84' lang='lat' dir='ltr'>Est</span> <span class='ocrx_word' id='word_1_108' title='bbox 303 2404 450 2440; x_wconf 85' lang='lat' dir='ltr'>autem</span> <span class='ocrx_word' id='word_1_109' title='bbox 463 2395 511 2439; x_wconf 89' lang='lat' dir='ltr'>in</span> <span class='ocrx_word' id='word_1_110' title='bbox 522 2394 601 2440; x_wconf 87' lang='lat' dir='ltr'>hac</span> <span class='ocrx_word' id='word_1_111' title='bbox 612 2396 748 2453; x_wconf 83' lang='lat' dir='ltr'>elegia</span> <span class='ocrx_word' id='word_1_112' title='bbox 764 2412 941 2440; x_wconf 86' lang='lat' dir='ltr'>morum</span> <span class='ocrx_word' id='word_1_113' title='bbox 958 2397 1059 2453; x_wconf 88' lang='lat' dir='ltr'>qui-</span> 
     </span>
     <span class='ocr_line' id='line_1_21' title="bbox 207 2460 1056 2519; baseline 0.001 -15"><span class='ocrx_word' id='word_1_114' title='bbox 207 2460 310 2504; x_wconf 89' lang='lat' dir='ltr'>dam</span> <span class='ocrx_word' id='word_1_115' title='bbox 333 2460 465 2505; x_wconf 87' lang='lat' dir='ltr'>decor</span> <span class='ocrx_word' id='word_1_116' title='bbox 486 2494 498 2517; x_wconf 89' lang='lat'>,</span> <span class='ocrx_word' id='word_1_117' title='bbox 532 2471 577 2506; x_wconf 87' lang='lat' dir='ltr'>et</span> <span class='ocrx_word' id='word_1_118' title='bbox 597 2462 690 2516; x_wconf 86' lang='lat' dir='ltr'>sui,</span> <span class='ocrx_word' id='word_1_119' title='bbox 720 2471 770 2506; x_wconf 88' lang='lat' dir='ltr'>ut</span> <span class='ocrx_word' id='word_1_120' title='bbox 797 2462 856 2507; x_wconf 92' lang='lat' dir='ltr'>ita</span> <span class='ocrx_word' id='word_1_121' title='bbox 885 2462 1025 2507; x_wconf 88' lang='lat' dir='ltr'>dicam</span> <span class='ocrx_word' id='word_1_122' title='bbox 1043 2496 1056 2519; x_wconf 86' lang='lat'>,</span> 
     </span>
     <span class='ocr_line' id='line_1_22' title="bbox 208 2526 1058 2584; baseline 0.001 -15"><span class='ocrx_word' id='word_1_123' title='bbox 208 2526 479 2582; x_wconf 85' lang='lat' dir='ltr'>reverentia,</span> <span class='ocrx_word' id='word_1_124' title='bbox 509 2541 642 2584; x_wconf 87' lang='lat' dir='ltr'>quam</span> <span class='ocrx_word' id='word_1_125' title='bbox 674 2541 764 2569; x_wconf 90' lang='lat' dir='ltr'>non</span> <span class='ocrx_word' id='word_1_126' title='bbox 787 2535 1005 2584; x_wconf 85' lang='lat' dir='ltr'>exspectes</span> <span class='ocrx_word' id='word_1_127' title='bbox 1033 2543 1058 2569; x_wconf 91' lang='lat' dir='ltr'>a</span> 
     </span>
     <span class='ocr_line' id='line_1_23' title="bbox 207 2592 1056 2651; baseline 0 -15"><span class='ocrx_word' id='word_1_128' title='bbox 207 2602 336 2651; x_wconf 89' lang='lat' dir='ltr'>poeta</span> <span class='ocrx_word' id='word_1_129' title='bbox 366 2593 624 2650; x_wconf 86' lang='lat' dir='ltr'>plerumque</span> <span class='ocrx_word' id='word_1_130' title='bbox 650 2592 883 2644; x_wconf 82' lang='lat' dir='ltr'>lasciviori3</span> <span class='ocrx_word' id='word_1_131' title='bbox 913 2593 1056 2650; x_wconf 90' lang='lat' dir='ltr'>quod-</span> 
     </span>
     <span class='ocr_line' id='line_1_24' title="bbox 210 2657 1056 2715; baseline -0.001 -14"><span class='ocrx_word' id='word_1_132' title='bbox 210 2674 293 2715; x_wconf 89' lang='lat' dir='ltr'>que</span> <span class='ocrx_word' id='word_1_133' title='bbox 313 2666 470 2701; x_wconf 86' lang='lat' dir='ltr'>notatu</span> <span class='ocrx_word' id='word_1_134' title='bbox 486 2657 808 2714; x_wconf 78' lang='lat' dir='ltr'>dignissimum,</span> <span class='ocrx_word' id='word_1_135' title='bbox 833 2671 901 2701; x_wconf 86' lang='lat' dir='ltr'>res</span> <span class='ocrx_word' id='word_1_136' title='bbox 919 2674 998 2715; x_wconf 85' lang='lat' dir='ltr'>per</span> <span class='ocrx_word' id='word_1_137' title='bbox 1012 2674 1056 2701; x_wconf 83' lang='lat' dir='ltr'>se</span> 
     </span>
     <span class='ocr_line' id='line_1_25' title="bbox 209 2725 1057 2782; baseline 0 -13"><span class='ocrx_word' id='word_1_138' title='bbox 209 2725 449 2769; x_wconf 88' lang='lat' dir='ltr'>admodum</span> <span class='ocrx_word' id='word_1_139' title='bbox 462 2733 610 2782; x_wconf 86' lang='lat' dir='ltr'>turpes</span> <span class='ocrx_word' id='word_1_140' title='bbox 620 2758 632 2779; x_wconf 90' lang='lat'>,</span> <span class='ocrx_word' id='word_1_141' title='bbox 647 2725 883 2768; x_wconf 86' lang='lat' dir='ltr'>verborum</span> <span class='ocrx_word' id='word_1_142' title='bbox 896 2726 1057 2782; x_wconf 88' lang='lat' dir='ltr'>ubique</span> 
     </span>
     <span class='ocr_line' id='line_1_26' title="bbox 209 2790 1056 2848; baseline 0 -14"><span class='ocrx_word' id='word_1_143' title='bbox 209 2790 400 2834; x_wconf 81' lang='lat' dir='ltr'>castitate</span> <span class='ocrx_word' id='word_1_144' title='bbox 429 2798 474 2835; x_wconf 88' lang='lat' dir='ltr'>et</span> <span class='ocrx_word' id='word_1_145' title='bbox 503 2790 718 2848; x_wconf 80' lang='lat' dir='ltr'>elegantia</span> <span class='ocrx_word' id='word_1_146' title='bbox 747 2790 1029 2836; x_wconf 88' lang='lat' dir='ltr'>commendat</span> <span class='ocrx_word' id='word_1_147' title='bbox 1044 2824 1056 2846; x_wconf 90' lang='lat'>,</span> 
     </span>
     <span class='ocr_line' id='line_1_27' title="bbox 210 2855 510 2914; baseline 0.01 -14"><span class='ocrx_word' id='word_1_148' title='bbox 210 2855 510 2914; x_wconf 80' lang='lat' dir='ltr'>honestatque.</span> 
     </span>
    </p>
   </div>
   <div class='ocr_carea' id='block_1_8' title="bbox 267 2920 1073 2977">
    <p class='ocr_par' dir='ltr' id='par_1_8' title="bbox 267 2920 1073 2977">
     <span class='ocr_line' id='line_1_28' title="bbox 267 2920 1073 2977; baseline 0.001 -13"><span class='ocrx_word' id='word_1_149' title='bbox 267 2921 305 2964; x_wconf 82' lang='lat'>3.</span> <span class='ocrx_word' id='word_1_150' title='bbox 329 2924 418 2965; x_wconf 88' lang='lat' dir='ltr'>Nec</span> <span class='ocrx_word' id='word_1_151' title='bbox 433 2928 474 2966; x_wconf 73' lang='lat' dir='ltr'>le</span> <span class='ocrx_word' id='word_1_152' title='bbox 489 2928 632 2966; x_wconf 80' lang='lat' dir='ltr'>noslra</span> <span class='ocrx_word' id='word_1_153' title='bbox 639 2922 864 2977; x_wconf 61' lang='lat' dir='ltr'>jubebetc.</span> <span class='ocrx_word' id='word_1_154' title='bbox 899 2921 1003 2965; x_wconf 90' lang='lat' dir='ltr'>Non</span> <span class='ocrx_word' id='word_1_155' title='bbox 1024 2920 1073 2965; x_wconf 55' lang='lat' dir='ltr'>isx</span> 
     </span>
    </p>
   </div>
   <div class='ocr_carea' id='block_1_9' title="bbox 213 2986 1067 3436">
    <p class='ocr_par' dir='ltr' id='par_1_9' title="bbox 213 2986 1062 3241">
     <span class='ocr_line' id='line_1_29' title="bbox 213 2986 1057 3042; baseline -0.002 -11"><span class='ocrx_word' id='word_1_156' title='bbox 213 3002 311 3032; x_wconf 84' lang='lat' dir='ltr'>sum</span> <span class='ocrx_word' id='word_1_157' title='bbox 337 3002 515 3031; x_wconf 88' lang='lat' dir='ltr'>morum</span> <span class='ocrx_word' id='word_1_158' title='bbox 543 3004 699 3031; x_wconf 87' lang='lat' dir='ltr'>censor</span> <span class='ocrx_word' id='word_1_159' title='bbox 729 2986 1027 3032; x_wconf 86' lang='lat' dir='ltr'>acerbissimus</span> <span class='ocrx_word' id='word_1_160' title='bbox 1045 3021 1057 3042; x_wconf 89' lang='lat'><em>,</em></span> 
     </span>
     <span class='ocr_line' id='line_1_30' title="bbox 216 3054 1061 3111; baseline 0.004 -15"><span class='ocrx_word' id='word_1_161' title='bbox 216 3054 290 3110; x_wconf 89' lang='lat' dir='ltr'>qui</span> <span class='ocrx_word' id='word_1_162' title='bbox 304 3054 481 3110; x_wconf 86' lang='lat' dir='ltr'>jubeam</span> <span class='ocrx_word' id='word_1_163' title='bbox 506 3064 549 3098; x_wconf 90' lang='lat' dir='ltr'>te</span> <span class='ocrx_word' id='word_1_164' title='bbox 563 3058 688 3111; x_wconf 78' lang='lat' dir='ltr'>fieri,</span> <span class='ocrx_word' id='word_1_165' title='bbox 720 3070 859 3111; x_wconf 88' lang='lat' dir='ltr'>quum</span> <span class='ocrx_word' id='word_1_166' title='bbox 881 3070 975 3096; x_wconf 91' lang='lat' dir='ltr'>non</span> <span class='ocrx_word' id='word_1_167' title='bbox 1005 3055 1061 3099; x_wconf 85' lang='lat' dir='ltr'>sis</span> 
     </span>
     <span class='ocr_line' id='line_1_31' title="bbox 214 3116 1062 3174; baseline 0.001 -15"><span class='ocrx_word' id='word_1_168' title='bbox 214 3116 391 3174; x_wconf 89' lang='lat' dir='ltr'>proprio</span> <span class='ocrx_word' id='word_1_169' title='bbox 408 3126 530 3160; x_wconf 87' lang='lat' dir='ltr'>motu</span> <span class='ocrx_word' id='word_1_170' title='bbox 548 3150 560 3172; x_wconf 89' lang='lat'>,</span> <span class='ocrx_word' id='word_1_171' title='bbox 577 3121 803 3172; x_wconf 69' lang='lat' dir='ltr'>pudicam¹5</span> <span class='ocrx_word' id='word_1_172' title='bbox 825 3117 902 3161; x_wconf 89' lang='lat' dir='ltr'>sed</span> <span class='ocrx_word' id='word_1_173' title='bbox 922 3121 1062 3161; x_wconf 77' lang='lat' dir='ltr'>dissi-</span> 
     </span>
     <span class='ocr_line' id='line_1_32' title="bbox 214 3184 884 3241; baseline 0.001 -16"><span class='ocrx_word' id='word_1_174' title='bbox 214 3187 344 3226; x_wconf 85' lang='lat' dir='ltr'>mules</span> <span class='ocrx_word' id='word_1_175' title='bbox 363 3192 537 3227; x_wconf 89' lang='lat' dir='ltr'>tantum</span> <span class='ocrx_word' id='word_1_176' title='bbox 553 3184 685 3227; x_wconf 84' lang='lat' dir='ltr'>velim</span> <span class='ocrx_word' id='word_1_177' title='bbox 701 3193 747 3227; x_wconf 87' lang='lat' dir='ltr'>et</span> <span class='ocrx_word' id='word_1_178' title='bbox 766 3200 884 3241; x_wconf 84' lang='lat' dir='ltr'>rogo.</span> 
     </span>
    </p>

    <p class='ocr_par' dir='ltr' id='par_1_10' title="bbox 217 3246 1067 3436">
     <span class='ocr_line' id='line_1_33' title="bbox 271 3246 1063 3302; baseline 0.001 -12"><span class='ocrx_word' id='word_1_179' title='bbox 271 3246 310 3290; x_wconf 88' lang='grc'>6.</span> <span class='ocrx_word' id='word_1_180' title='bbox 331 3247 580 3302; x_wconf 85' lang='lat' dir='ltr'>Deformem.</span> <span class='ocrx_word' id='word_1_181' title='bbox 600 3248 740 3290; x_wconf 89' lang='lat' dir='ltr'>Vetus</span> <span class='ocrx_word' id='word_1_182' title='bbox 757 3255 802 3290; x_wconf 94' lang='lat' dir='ltr'>et</span> <span class='ocrx_word' id='word_1_183' title='bbox 817 3263 920 3290; x_wconf 86' lang='lat' dir='ltr'>vera</span> <span class='ocrx_word' id='word_1_184' title='bbox 936 3247 1063 3291; x_wconf 88' lang='lat' dir='ltr'>lectio</span> 
     </span>
     <span class='ocr_line' id='line_1_34' title="bbox 217 3312 1066 3369; baseline -0.001 -10"><span class='ocrx_word' id='word_1_185' title='bbox 217 3312 527 3368; x_wconf 72' lang='lat' dir='ltr'>esl,samosam‚</span> <span class='ocrx_word' id='word_1_186' title='bbox 543 3312 587 3355; x_wconf 92' lang='lat' dir='ltr'>id</span> <span class='ocrx_word' id='word_1_187' title='bbox 600 3313 1066 3369; x_wconf 87' lang='lat' dir='ltr'>est‚insamem.Quum</span> 
     </span>
     <span class='ocr_line' id='line_1_35' title="bbox 217 3379 1067 3436; baseline -0.004 -10"><span class='ocrx_word' id='word_1_188' title='bbox 217 3398 322 3426; x_wconf 82' lang='lat' dir='ltr'>vero</span> <span class='ocrx_word' id='word_1_189' title='bbox 345 3381 558 3425; x_wconf 82' lang='lat' dir='ltr'>editiones</span> <span class='ocrx_word' id='word_1_190' title='bbox 583 3379 847 3436; x_wconf 86' lang='lat' dir='ltr'>antiquiores</span> <span class='ocrx_word' id='word_1_191' title='bbox 876 3387 921 3422; x_wconf 88' lang='lat' dir='ltr'>et</span> <span class='ocrx_word' id='word_1_192' title='bbox 940 3380 1067 3423; x_wconf 88' lang='lat' dir='ltr'>Pala-</span> 
     </span>
    </p>
   </div>
   <div class='ocr_carea' id='block_1_10' title="bbox 132 3443 1068 3501">
    <p class='ocr_par' dir='ltr' id='par_1_11' title="bbox 132 3443 1068 3501">
     <span class='ocr_line' id='line_1_36' title="bbox 132 3443 1068 3501; baseline -0.005 -10"><span class='ocrx_word' id='word_1_193' title='bbox 132 3467 138 3482; x_wconf 60' lang='grc' dir='ltr'>ι</span> <span class='ocrx_word' id='word_1_194' title='bbox 219 3447 350 3501; x_wconf 88' lang='lat' dir='ltr'>tinus,</span> <span class='ocrx_word' id='word_1_195' title='bbox 367 3461 469 3490; x_wconf 87' lang='lat' dir='ltr'>curn</span> <span class='ocrx_word' id='word_1_196' title='bbox 481 3453 579 3488; x_wconf 88' lang='lat' dir='ltr'>octo</span> <span class='ocrx_word' id='word_1_197' title='bbox 591 3444 696 3498; x_wconf 85' lang='lat' dir='ltr'>aliis,</span> <span class='ocrx_word' id='word_1_198' title='bbox 710 3444 928 3500; x_wconf 73' lang='lat' dir='ltr'>deformem</span> <span class='ocrx_word' id='word_1_199' title='bbox 945 3443 1068 3487; x_wconf 88' lang='lat' dir='ltr'>exhi-</span> 
     </span>
    </p>
   </div>
   <div class='ocr_carea' id='block_1_11' title="bbox 1137 2070 1999 3501">
    <p class='ocr_par' dir='ltr' id='par_1_12' title="bbox 1137 2070 1995 2716">
     <span class='ocr_line' id='line_1_37' title="bbox 1138 2070 1984 2129; baseline -0.002 -13"><span class='ocrx_word' id='word_1_200' title='bbox 1138 2072 1295 2127; x_wconf 86' lang='lat' dir='ltr'>beant,</span> <span class='ocrx_word' id='word_1_201' title='bbox 1321 2087 1421 2116; x_wconf 85' lang='lat' dir='ltr'>eam</span> <span class='ocrx_word' id='word_1_202' title='bbox 1442 2087 1596 2115; x_wconf 80' lang='lat' dir='ltr'>vocem</span> <span class='ocrx_word' id='word_1_203' title='bbox 1619 2071 1672 2115; x_wconf 91' lang='lat' dir='ltr'>ab</span> <span class='ocrx_word' id='word_1_204' title='bbox 1697 2070 1862 2115; x_wconf 83' lang='lat' dir='ltr'>ovidio</span> <span class='ocrx_word' id='word_1_205' title='bbox 1884 2087 1984 2129; x_wconf 89' lang='lat' dir='ltr'>pro-</span> 
     </span>
     <span class='ocr_line' id='line_1_38' title="bbox 1137 2135 1989 2193; baseline -0.002 -13"><span class='ocrx_word' id='word_1_206' title='bbox 1137 2152 1331 2181; x_wconf 75' lang='lat' dir='ltr'>manasse</span> <span class='ocrx_word' id='word_1_207' title='bbox 1349 2169 1362 2192; x_wconf 88' lang='lat'><em>,</em></span> <span class='ocrx_word' id='word_1_208' title='bbox 1377 2137 1596 2192; x_wconf 85' lang='lat' dir='ltr'>famosam</span> <span class='ocrx_word' id='word_1_209' title='bbox 1628 2152 1652 2178; x_wconf 92' lang='lat' dir='ltr'>a</span> <span class='ocrx_word' id='word_1_210' title='bbox 1687 2135 1989 2193; x_wconf 81' lang='lat' dir='ltr'>glossatoribus</span> 
     </span>
     <span class='ocr_line' id='line_1_39' title="bbox 1138 2202 1995 2259; baseline -0.004 -12"><span class='ocrx_word' id='word_1_211' title='bbox 1138 2204 1351 2255; x_wconf 90' lang='lat' dir='ltr'>arbitror;</span> <span class='ocrx_word' id='word_1_212' title='bbox 1377 2203 1575 2259; x_wconf 74' lang='lat' dir='ltr'>deformis</span> <span class='ocrx_word' id='word_1_213' title='bbox 1592 2202 1713 2245; x_wconf 86' lang='lat' dir='ltr'>enim</span> <span class='ocrx_word' id='word_1_214' title='bbox 1738 2211 1912 2259; x_wconf 85' lang='lat' dir='ltr'>turpem</span> <span class='ocrx_word' id='word_1_215' title='bbox 1947 2212 1995 2245; x_wconf 83' lang='lat' dir='ltr'>et</span> 
     </span>
     <span class='ocr_line' id='line_1_40' title="bbox 1137 2269 1995 2326; baseline 0.001 -13"><span class='ocrx_word' id='word_1_216' title='bbox 1137 2271 1348 2314; x_wconf 78' lang='lat' dir='ltr'>famosam</span> <span class='ocrx_word' id='word_1_217' title='bbox 1364 2278 1509 2313; x_wconf 90' lang='lat' dir='ltr'>notat:</span> <span class='ocrx_word' id='word_1_218' title='bbox 1526 2270 1584 2313; x_wconf 88' lang='lat' dir='ltr'>ita</span> <span class='ocrx_word' id='word_1_219' title='bbox 1598 2269 1781 2312; x_wconf 85' lang='lat' dir='ltr'>Sueton.</span> <span class='ocrx_word' id='word_1_220' title='bbox 1794 2270 1908 2326; x_wconf 84' lang='lat' dir='ltr'>Aug.</span> <span class='ocrx_word' id='word_1_221' title='bbox 1919 2270 1971 2314; x_wconf 81' lang='lat'>35</span> <span class='ocrx_word' id='word_1_222' title='bbox 1987 2288 1995 2313; x_wconf 89' lang='lat'><strong>:</strong></span> 
     </span>
     <span class='ocr_line' id='line_1_41' title="bbox 1138 2335 1993 2391; baseline -0.002 -11"><span class='ocrx_word' id='word_1_223' title='bbox 1138 2338 1402 2380; x_wconf 74' lang='lat' dir='ltr'>Inconditum</span> <span class='ocrx_word' id='word_1_224' title='bbox 1420 2341 1465 2378; x_wconf 80' lang='lat' dir='ltr'>et</span> <span class='ocrx_word' id='word_1_225' title='bbox 1483 2335 1705 2391; x_wconf 84' lang='lat' dir='ltr'>deformem</span> <span class='ocrx_word' id='word_1_226' title='bbox 1724 2339 1887 2379; x_wconf 75' lang='lat' dir='ltr'>larbam</span> <span class='ocrx_word' id='word_1_227' title='bbox 1909 2337 1993 2379; x_wconf 85' lang='lat' dir='ltr'>Se-</span> 
     </span>
     <span class='ocr_line' id='line_1_42' title="bbox 1138 2403 1993 2447; baseline 0.001 -1"><span class='ocrx_word' id='word_1_228' title='bbox 1138 2409 1326 2446; x_wconf 79' lang='lat' dir='ltr'>natorum</span> <span class='ocrx_word' id='word_1_229' title='bbox 1347 2411 1485 2445; x_wconf 82' lang='lat' dir='ltr'>vocat.</span> <span class='ocrx_word' id='word_1_230' title='bbox 1509 2403 1597 2445; x_wconf 90' lang='lat' dir='ltr'>Per</span> <span class='ocrx_word' id='word_1_231' title='bbox 1616 2405 1854 2446; x_wconf 64' lang='lat' dir='ltr'>oecoaednos</span> <span class='ocrx_word' id='word_1_232' title='bbox 1873 2403 1993 2447; x_wconf 91' lang='lat' dir='ltr'>Bar-</span> 
     </span>
     <span class='ocr_line' id='line_1_43' title="bbox 1139 2466 1994 2524; baseline 0.002 -14"><span class='ocrx_word' id='word_1_233' title='bbox 1139 2468 1266 2511; x_wconf 87' lang='lat' dir='ltr'>baros</span> <span class='ocrx_word' id='word_1_234' title='bbox 1285 2476 1329 2510; x_wconf 90' lang='lat' dir='ltr'>et</span> <span class='ocrx_word' id='word_1_235' title='bbox 1350 2466 1522 2517; x_wconf 73' lang='lat' dir='ltr'>Gallos:</span> <span class='ocrx_word' id='word_1_236' title='bbox 1547 2483 1627 2524; x_wconf 87' lang='lat' dir='ltr'>per</span> <span class='ocrx_word' id='word_1_237' title='bbox 1649 2466 1877 2523; x_wconf 73' lang='lat' dir='ltr'>defimes,</span> <span class='ocrx_word' id='word_1_238' title='bbox 1909 2485 1994 2512; x_wconf 89' lang='lat' dir='ltr'>no-</span> 
     </span>
     <span class='ocr_line' id='line_1_44' title="bbox 1140 2530 1993 2588; baseline -0.001 -12"><span class='ocrx_word' id='word_1_239' title='bbox 1140 2542 1252 2576; x_wconf 89' lang='lat' dir='ltr'>tatos</span> <span class='ocrx_word' id='word_1_240' title='bbox 1273 2548 1297 2575; x_wconf 82' lang='lat' dir='ltr'>a</span> <span class='ocrx_word' id='word_1_241' title='bbox 1321 2531 1589 2575; x_wconf 87' lang='lat' dir='ltr'>Censoribus</span> <span class='ocrx_word' id='word_1_242' title='bbox 1603 2564 1616 2586; x_wconf 88' lang='lat'>‚</span> <span class='ocrx_word' id='word_1_243' title='bbox 1641 2547 1751 2588; x_wconf 84' lang='lat' dir='ltr'>quos</span> <span class='ocrx_word' id='word_1_244' title='bbox 1777 2530 1924 2576; x_wconf 52' lang='lat' dir='ltr'>Cesar</span> <span class='ocrx_word' id='word_1_245' title='bbox 1946 2534 1993 2576; x_wconf 86' lang='lat' dir='ltr'>in</span> 
     </span>
     <span class='ocr_line' id='line_1_45' title="bbox 1142 2594 1995 2655; baseline 0.001 -15"><span class='ocrx_word' id='word_1_246' title='bbox 1142 2597 1357 2640; x_wconf 86' lang='lat' dir='ltr'>Senatum</span> <span class='ocrx_word' id='word_1_247' title='bbox 1370 2597 1574 2654; x_wconf 86' lang='lat' dir='ltr'>allegerat</span> <span class='ocrx_word' id='word_1_248' title='bbox 1583 2595 1690 2653; x_wconf 86' lang='lat' dir='ltr'>(vid.</span> <span class='ocrx_word' id='word_1_249' title='bbox 1706 2594 1815 2640; x_wconf 78' lang='lat' dir='ltr'>Caes.</span> <span class='ocrx_word' id='word_1_250' title='bbox 1825 2596 1995 2655; x_wconf 75' lang='lat' dir='ltr'>41.)in-</span> 
     </span>
     <span class='ocr_line' id='line_1_46' title="bbox 1141 2660 1899 2716; baseline 0.003 -12"><span class='ocrx_word' id='word_1_251' title='bbox 1141 2676 1296 2704; x_wconf 87' lang='lat' dir='ltr'>nuens.</span> <span class='ocrx_word' id='word_1_252' title='bbox 1322 2660 1437 2704; x_wconf 92' lang='lat' dir='ltr'>Vide</span> <span class='ocrx_word' id='word_1_253' title='bbox 1462 2660 1618 2704; x_wconf 86' lang='lat' dir='ltr'>Claud.</span> <span class='ocrx_word' id='word_1_254' title='bbox 1644 2663 1710 2716; x_wconf 79' lang='grc' dir='ltr'>4ο.</span> <span class='ocrx_word' id='word_1_255' title='bbox 1734 2662 1899 2706; x_wconf 73' lang='lat' dir='ltr'>Bonna.</span> 
     </span>
    </p>

    <p class='ocr_par' dir='ltr' id='par_1_13' title="bbox 1141 2724 1997 2965">
     <span class='ocr_line' id='line_1_47' title="bbox 1198 2724 1997 2781; baseline 0.001 -13"><span class='ocrx_word' id='word_1_256' title='bbox 1198 2741 1235 2777; x_wconf 89' lang='lat'>7.</span> <span class='ocrx_word' id='word_1_257' title='bbox 1246 2726 1330 2768; x_wconf 83' lang='lat' dir='ltr'>Sub</span> <span class='ocrx_word' id='word_1_258' title='bbox 1337 2727 1440 2768; x_wconf 82' lang='lat' dir='ltr'>luce.</span> <span class='ocrx_word' id='word_1_259' title='bbox 1453 2724 1863 2768; x_wconf 83' lang='lat' dir='ltr'>Mentelianusvero</span> <span class='ocrx_word' id='word_1_260' title='bbox 1876 2759 1888 2781; x_wconf 86' lang='lat'>,</span> <span class='ocrx_word' id='word_1_261' title='bbox 1902 2742 1997 2769; x_wconf 85' lang='lat' dir='ltr'>cum</span> 
     </span>
     <span class='ocr_line' id='line_1_48' title="bbox 1141 2788 1996 2846; baseline 0.002 -14"><span class='ocrx_word' id='word_1_262' title='bbox 1141 2792 1234 2832; x_wconf 76' lang='lat' dir='ltr'>luce</span> <span class='ocrx_word' id='word_1_263' title='bbox 1251 2807 1264 2832; x_wconf 94' lang='lat'>.·</span> <span class='ocrx_word' id='word_1_264' title='bbox 1288 2788 1406 2846; x_wconf 88' lang='lat' dir='ltr'>quod</span> <span class='ocrx_word' id='word_1_265' title='bbox 1435 2790 1652 2844; x_wconf 81' lang='lat' dir='ltr'>majorem</span> <span class='ocrx_word' id='word_1_266' title='bbox 1674 2790 1721 2831; x_wconf 87' lang='lat' dir='ltr'>in</span> <span class='ocrx_word' id='word_1_267' title='bbox 1745 2790 1996 2846; x_wconf 88' lang='lat' dir='ltr'>profitendo</span> 
     </span>
     <span class='ocr_line' id='line_1_49' title="bbox 1142 2856 1997 2914; baseline 0.001 -14"><span class='ocrx_word' id='word_1_268' title='bbox 1142 2857 1325 2900; x_wconf 86' lang='lat' dir='ltr'>crimine</span> <span class='ocrx_word' id='word_1_269' title='bbox 1343 2857 1671 2900; x_wconf 80' lang='lat' dir='ltr'>festinationem</span> <span class='ocrx_word' id='word_1_270' title='bbox 1694 2864 1738 2899; x_wconf 89' lang='lat' dir='ltr'>et</span> <span class='ocrx_word' id='word_1_271' title='bbox 1758 2856 1997 2914; x_wconf 89' lang='lat' dir='ltr'>impuden-</span> 
     </span>
     <span class='ocr_line' id='line_1_50' title="bbox 1145 2922 1411 2965; baseline -0.008 0"><span class='ocrx_word' id='word_1_272' title='bbox 1145 2922 1250 2965; x_wconf 84' lang='lat' dir='ltr'>tiam</span> <span class='ocrx_word' id='word_1_273' title='bbox 1275 2929 1411 2963; x_wconf 88' lang='lat' dir='ltr'>notat.</span> 
     </span>
    </p>

    <p class='ocr_par' dir='ltr' id='par_1_14' title="bbox 1143 2985 1999 3501">
     <span class='ocr_line' id='line_1_51' title="bbox 1197 2985 1995 3044; baseline 0.005 -18"><span class='ocrx_word' id='word_1_274' title='bbox 1197 3003 1238 3044; x_wconf 78' lang='lat'>9.</span> <span class='ocrx_word' id='word_1_275' title='bbox 1253 2987 1401 3040; x_wconf 75' lang='lat' dir='ltr'>Ignoto</span> <span class='ocrx_word' id='word_1_276' title='bbox 1411 2987 1602 3026; x_wconf 72' lang='lat' dir='ltr'>meretrix</span> <span class='ocrx_word' id='word_1_277' title='bbox 1611 2993 1692 3027; x_wconf 88' lang='lat' dir='ltr'>etc.</span> <span class='ocrx_word' id='word_1_278' title='bbox 1704 2985 1826 3041; x_wconf 88' lang='lat' dir='ltr'>Quid</span> <span class='ocrx_word' id='word_1_279' title='bbox 1842 2987 1995 3043; x_wconf 81' lang='lat' dir='ltr'>puellae</span> 
     </span>
     <span class='ocr_line' id='line_1_52' title="bbox 1143 3049 1997 3108; baseline 0.004 -15"><span class='ocrx_word' id='word_1_280' title='bbox 1143 3051 1298 3094; x_wconf 83' lang='lat' dir='ltr'>fortius</span> <span class='ocrx_word' id='word_1_281' title='bbox 1321 3050 1508 3104; x_wconf 82' lang='lat' dir='ltr'>objicere</span> <span class='ocrx_word' id='word_1_282' title='bbox 1534 3049 1702 3104; x_wconf 89' lang='lat' dir='ltr'>potuit,</span> <span class='ocrx_word' id='word_1_283' title='bbox 1729 3066 1860 3106; x_wconf 89' lang='lat' dir='ltr'>quam</span> <span class='ocrx_word' id='word_1_284' title='bbox 1882 3054 1997 3108; x_wconf 77' lang='lat' dir='ltr'>peti-</span> 
     </span>
     <span class='ocr_line' id='line_1_53' title="bbox 1146 3114 1994 3162; baseline 0.004 -2"><span class='ocrx_word' id='word_1_285' title='bbox 1146 3127 1242 3161; x_wconf 88' lang='lat' dir='ltr'>tum</span> <span class='ocrx_word' id='word_1_286' title='bbox 1265 3117 1317 3159; x_wconf 90' lang='lat' dir='ltr'>ab</span> <span class='ocrx_word' id='word_1_287' title='bbox 1340 3116 1460 3158; x_wconf 87' lang='lat' dir='ltr'>istius</span> <span class='ocrx_word' id='word_1_288' title='bbox 1483 3114 1605 3157; x_wconf 89' lang='lat' dir='ltr'>modi</span> <span class='ocrx_word' id='word_1_289' title='bbox 1635 3117 1889 3162; x_wconf 84' lang='lat' dir='ltr'>mulieribus</span> <span class='ocrx_word' id='word_1_290' title='bbox 1913 3135 1994 3162; x_wconf 88' lang='lat' dir='ltr'>ar·-</span> 
     </span>
     <span class='ocr_line' id='line_1_54' title="bbox 1147 3183 1999 3239; baseline 0.004 -15"><span class='ocrx_word' id='word_1_291' title='bbox 1147 3189 1431 3239; x_wconf 86' lang='lat' dir='ltr'>gumentum,</span> <span class='ocrx_word' id='word_1_292' title='bbox 1455 3195 1583 3235; x_wconf 89' lang='lat' dir='ltr'>quas,</span> <span class='ocrx_word' id='word_1_293' title='bbox 1607 3196 1744 3236; x_wconf 91' lang='lat' dir='ltr'>quum</span> <span class='ocrx_word' id='word_1_294' title='bbox 1760 3183 1889 3226; x_wconf 87' lang='lat' dir='ltr'>obvio</span> <span class='ocrx_word' id='word_1_295' title='bbox 1908 3184 1999 3227; x_wconf 89' lang='lat' dir='ltr'>cui-</span> 
     </span>
     <span class='ocr_line' id='line_1_55' title="bbox 1145 3245 1994 3304; baseline 0.005 -14"><span class='ocrx_word' id='word_1_296' title='bbox 1145 3248 1251 3290; x_wconf 87' lang='lat' dir='ltr'>libet</span> <span class='ocrx_word' id='word_1_297' title='bbox 1267 3280 1278 3300; x_wconf 93' lang='lat'>,</span> <span class='ocrx_word' id='word_1_298' title='bbox 1302 3255 1346 3288; x_wconf 88' lang='lat' dir='ltr'>et</span> <span class='ocrx_word' id='word_1_299' title='bbox 1357 3246 1426 3288; x_wconf 86' lang='lat' dir='ltr'>vel</span> <span class='ocrx_word' id='word_1_300' title='bbox 1441 3245 1595 3289; x_wconf 89' lang='lat' dir='ltr'>infima</span> <span class='ocrx_word' id='word_1_301' title='bbox 1612 3247 1664 3290; x_wconf 86' lang='lat' dir='ltr'>de</span> <span class='ocrx_word' id='word_1_302' title='bbox 1682 3248 1805 3304; x_wconf 89' lang='lat' dir='ltr'>plebe</span> <span class='ocrx_word' id='word_1_303' title='bbox 1827 3255 1994 3304; x_wconf 77' lang='lat' dir='ltr'>Quiriti,</span> 
     </span>
     <span class='ocr_line' id='line_1_56' title="bbox 1146 3310 1994 3370; baseline 0.007 -17"><span class='ocrx_word' id='word_1_304' title='bbox 1146 3311 1213 3354; x_wconf 87' lang='lat' dir='ltr'>sui</span> <span class='ocrx_word' id='word_1_305' title='bbox 1240 3312 1410 3366; x_wconf 88' lang='lat' dir='ltr'>copiam</span> <span class='ocrx_word' id='word_1_306' title='bbox 1442 3310 1626 3365; x_wconf 87' lang='lat' dir='ltr'>saciant,</span> <span class='ocrx_word' id='word_1_307' title='bbox 1652 3312 1786 3368; x_wconf 88' lang='lat' dir='ltr'>pudet</span> <span class='ocrx_word' id='word_1_308' title='bbox 1818 3323 1965 3359; x_wconf 87' lang='lat' dir='ltr'>tamen</span> <span class='ocrx_word' id='word_1_309' title='bbox 1982 3350 1994 3370; x_wconf 75' lang='grc'><strong>,</strong></span> 
     </span>
     <span class='ocr_line' id='line_1_57' title="bbox 1146 3377 1998 3437; baseline 0.005 -17"><span class='ocrx_word' id='word_1_310' title='bbox 1146 3386 1315 3420; x_wconf 84' lang='lat' dir='ltr'>servato</span> <span class='ocrx_word' id='word_1_311' title='bbox 1336 3377 1492 3420; x_wconf 86' lang='lat' dir='ltr'>decore</span> <span class='ocrx_word' id='word_1_312' title='bbox 1518 3379 1689 3434; x_wconf 87' lang='lat' dir='ltr'>publico</span> <span class='ocrx_word' id='word_1_313' title='bbox 1707 3412 1719 3433; x_wconf 89' lang='lat'>,</span> <span class='ocrx_word' id='word_1_314' title='bbox 1757 3397 1855 3437; x_wconf 84' lang='lat' dir='ltr'>quae</span> <span class='ocrx_word' id='word_1_315' title='bbox 1887 3388 1998 3426; x_wconf 77' lang='lat' dir='ltr'>clam</span> 
     </span>
     <span class='ocr_line' id='line_1_58' title="bbox 1148 3445 1756 3501; baseline 0.003 -14"><span class='ocrx_word' id='word_1_316' title='bbox 1148 3445 1339 3498; x_wconf 80' lang='lat' dir='ltr'>faciunt,</span> <span class='ocrx_word' id='word_1_317' title='bbox 1356 3449 1502 3498; x_wconf 80' lang='lat' dir='ltr'>palam</span> <span class='ocrx_word' id='word_1_318' title='bbox 1527 3447 1719 3501; x_wconf 83' lang='lat' dir='ltr'>proferre</span> <span class='ocrx_word' id='word_1_319' title='bbox 1737 3447 1756 3489; x_wconf 60' lang='grc' dir='ltr'>Ξἱ</span> 
     </span>
    </p>
   </div>
  </div>
 </body>
</html>
