2268 3776
323 277 428 330 288

790 276 854 326 P.
911 275 1204 332 OVIDII
1256 275 1628 332 NASONIS

398 391 527 469 Qua
554 387 760 466 fugiam
790 388 1073 451 dominum
1099 390 1282 463 nulla,
1311 392 1421 451 nisi
1453 392 1588 463 ista,
1616 391 1704 451 via
1733 407 1838 453 est:
2028 413 2083 468 40

317 486 422 545 Per
451 484 618 566 Styga
647 484 807 544 detur
834 485 940 546 iter
964 511 977 546 z
1004 487 1220 570 Stygias
1251 487 1589 548 tranabimus
1616 487 1807 548 undas.

395 581 521 640 Sint
547 580 685 640 mihi
712 595 920 641 naturae
946 581 1069 662 jura
1094 582 1346 642 novanda
1373 606 1520 643 meae.

315 678 604 755 Ingenium
628 676 770 737 mala
793 693 935 760 saepe
964 692 1188 737 movent
1210 702 1222 736 :
1250 679 1374 760 quis
1404 679 1650 740 crederet
1677 704 1939 765 unquam,

391 775 582 835 Aerias
611 772 891 832 hominem
921 796 1137 855 carpere
1166 797 1332 855 posse
1358 774 1514 835 vias?

312 870 625 948 Remigium
652 867 902 929 volucres
938 868 1187 950 disponit
1215 869 1275 928 in
1306 868 1499 929 ordine
1527 893 1768 951 pennaS,
2026 892 2080 946 45

390 968 466 1026 Et
490 965 604 1026 leve
633 988 731 1047 per
758 963 859 1023 lini
890 964 1108 1025 vincula
1136 964 1309 1024 nectit
1339 988 1508 1047 opus;

309 1065 533 1143 Imaque
560 1083 686 1142 pars
718 1059 854 1119 ceris
883 1059 1245 1138 adstringitur
1270 1060 1398 1138 igne
1423 1059 1623 1122 solutis
1641 1107 1656 1133 ‚

387 1156 715 1236 Finitusque
741 1178 896 1214 novae
919 1155 1030 1236 jam
1063 1154 1224 1215 labor
1252 1155 1383 1216 artis
1413 1170 1544 1216 erat.

307 1252 605 1313 Tractabat
633 1274 921 1333 ceramque
948 1275 1118 1333 puer,
1147 1275 1468 1334 pennasque
1495 1240 1776 1338 renidenS,

383 1348 615 1410 Nescius
650 1348 763 1407 haec
792 1347 1037 1407 humeris
1068 1371 1216 1408 arma
1242 1363 1433 1430 parata
1456 1348 1601 1408 suis!
2025 1366 2077 1406 50

308 1446 413 1506 Cui
441 1459 630 1527 pater:
661 1472 690 1497 ‹<
717 1444 848 1516 His,
878 1444 1090 1527 inquit,
1123 1444 1304 1527 patria
1331 1459 1417 1505 es't
1441 1443 1691 1505 adeunda
1717 1443 1913 1505 carinis
1937 1467 1951 1502 z

383 1543 502 1601 Hac
524 1540 691 1600 nobis
721 1541 912 1600 Minos
943 1540 1291 1619 effugiendus
1323 1564 1446 1624 ope.

302 1642 446 1702 Aera
472 1662 587 1697 non
618 1638 807 1720 potuit
834 1637 1054 1711 Minos;
1086 1637 1190 1698 alia
1222 1638 1406 1698 omnia
1433 1635 1643 1697 clausit.

385 1735 566 1814 Quem
594 1734 749 1807 licet,
776 1735 1013 1795 inventis
1043 1759 1166 1796 aera
1192 1758 1386 1817 rumpe
1414 1733 1566 1793 meis.

354 1911 379 1962 4
387 1926 401 1950 1
410 1940 418 1948 .
439 1909 725 1950 Tranabimus.
743 1908 1029 1949 Transibimus
1037 1908 1143 1950 Ber-

299 1971 445 2015 nensis
467 1980 510 2014 et
525 1987 597 2014 sex
616 1970 760 2027 scripti
777 2002 788 2024 ,
809 1978 854 2013 et
871 1969 997 2012 multi
1013 1969 1141 2012 editi:

298 2039 547 2079 tentabimus
565 2034 891 2078 Ambrosianus.

353 2105 418 2157 42.
443 2103 538 2144 Sint
555 2104 668 2144 mibi.
701 2101 909 2144 Francius
939 2100 1108 2143 volebat
1126 2133 1137 2153 ,

296 2173 385 2212 sint
398 2170 519 2211 modo
532 2173 688 2210 nalum·
689 2166 795 2221 jura
809 2167 1004 2209 novanda
1015 2167 1140 2207 mihi:

296 2235 497 2277 movenda
533 2231 696 2288 Regius
718 2264 731 2286 ‚
773 2240 817 2275 et
853 2228 1141 2274 emendatum

295 2304 459 2354 negata.

350 2365 417 2418 45.
446 2364 497 2404 In
517 2363 659 2404 ordine
674 2375 848 2415 pennas.
873 2359 975 2402 Alas
994 2358 1139 2401 remi-

296 2429 418 2486 gium
446 2442 620 2483 quoque
655 2423 795 2467 Graeci
825 2432 981 2467 vocant
1014 2438 1139 2466 non-

294 2490 611 2548 nunquam.Sic
620 2488 848 2547 AEschylus
858 2487 1139 2545 inAgamem-

294 2573 412 2600 none
427 2588 438 2610 ‚
465 2555 518 2598 de
540 2554 685 2597 avibus
707 2567 718 2593 ἲ
735 2559 1041 2613 ς’ροφοδινοῦνται
1057 2574 1138 2597 πτε-

294 2628 413 2685 ρύγων
449 2623 655 2681 &perfinia-na
681 2620 933 2721 Jweo'nevot.
957 2623 1136 2680 Εἲρεσιάν

293 2678 432 2747 πτερῶν
447 2681 663 2724 Lucianus
712 2678 799 2733 ixit,
815 2679 862 2720 in
877 2679 1065 2722 Timone
1081 2679 1136 2722 tle

294 2746 544 2794 Mercurio:
567 2748 667 2801 ὃμὲν
686 2745 905 2794 ἀπελήλυθεν
921 2776 932 2797 ,
957 2747 1005 2793 ὡς
1026 2750 1135 2788 δοκεῖ.

295 2819 558 2875 Τεκμαίρομαι
579 2813 650 2868 γὰρ
669 2819 716 2872 τῇ
738 2812 879 2870 εἰρεσίᾳ
896 2815 969 2852 τῶν
984 2817 1134 2869 πτερῶν.

295 2880 368 2924 Sic
389 2886 432 2921 et
454 2879 617 2919 alarum
636 2876 844 2928 remigium
865 2872 1069 2928 Virgilius
1086 2874 1134 2915 in

293 2944 375 2987 hac
402 2941 556 2986 eadem
584 2939 637 2981 de
657 2936 838 2980 Daedalo
868 2936 1059 2979 Fabula:
1090 2946 1134 2979 et

292 3010 532 3052 Daedaleum
553 3006 775 3058 remigium,
792 3008 939 3044 auctor
952 3001 1133 3056 supple-

292 3071 432 3115 menti
461 3069 515 3113 ad
543 3067 731 3112 Plautin.
751 3064 1131 3123 Amphitryonem.

347 3139 413 3194 49.
449 3135 679 3177 Tractabat
698 3137 910 3186 ceramque
928 3145 1034 3185 puer
1052 3137 1131 3171 etc.

293 3203 402 3245 Hae'c
418 3199 598 3249 cadem,
630 3196 705 3240 sed
731 3196 923 3251 plenius,
947 3195 1127 3238 Metam.

293 3279 382 3312 VIII
395 3299 407 3320 ,
439 3264 513 3323 196
529 3296 541 3318 ,
561 3278 654 3318 sqq.
673 3261 748 3303 ubi
768 3276 876 3317 puer
889 3292 901 3313 ,

506 3340 643 3378 Ignarus
657 3347 715 3367 sua
731 3346 764 3366 se
778 3342 912 3366 tractare
926 3334 1044 3376 pericla
1056 3358 1068 3373 ,¹

291 3402 356 3432 Ore
369 3400 525 3431 renidenti
538 3423 548 3438 ,
564 3398 659 3430 modo
674 3407 754 3439 quas
766 3407 846 3437 vaga
863 3402 1004 3427 moverat
1020 3406 1098 3427 aura
1117 3419 1125 3432 ,

1225 1915 1380 1957 captabat
1396 1916 1543 1957 plumas3
1562 1914 1679 1946 flavam
1692 1913 1789 1945 modo
1801 1912 1918 1954 pollice
1935 1922 2039 1943 cerum

1221 1976 1397 2015 Mollibat3
1414 1977 1553 2017 lusuque
1569 1985 1628 2006 suo
1640 1973 1789 2005 mirabile
1805 1973 1906 2014 patris

1222 2035 1424 2077 Impediebnt
1438 2046 1532 2077 opus.

1220 2125 1276 2134 --
1286 2104 1532 2157 Fennosque
1541 2103 1742 2143 renidens.
1757 2102 1960 2142 Benilens
1971 2114 2042 2142 sex
2055 2116 2066 2149 ;

1222 2170 1430 2208 remittens
1443 2199 1454 2216 ‚
1491 2164 1606 2217 duo;
1633 2167 1830 2208 recudens
1850 2164 2070 2208 Palatinus

1223 2239 1269 2272 et
1282 2229 1521 2273 Vaticanus
1537 2244 1546 2271 ε
1567 2234 1750 2271 recentes
1767 2228 1854 2270 duo
1872 2228 1970 2271 libri
1987 2240 2072 2271 :re-

1222 2293 1546 2355 neem-Regius.
1573 2292 1746 2337 Omnes
1763 2294 1935 2337 frustra.

1279 2362 1346 2402 50.
1368 2358 1682 2414 Armaparaln.
1703 2358 1910 2401 Francius
1931 2357 2069 2401 male-

1220 2422 1293 2466 bat
1309 2455 1320 2477 ‚
1339 2426 1484 2466 vincla
1495 2456 1507 2478 ‚
1529 2431 1579 2466 ut
1588 2423 1652 2466 bis
1667 2431 1786 2466 terve
1801 2432 1923 2466 vocat
1941 2441 1951 2476 ;
1970 2422 2065 2477 vel',

1218 2490 1331 2530 dona
1350 2503 1363 2530 .·
1382 2486 1458 2531 sed
1478 2503 1708 2545 perperam
1727 2505 1738 2540 ;
1760 2486 1926 2530 adludit
1945 2487 2065 2530 enim

1219 2552 1272 2594 ad
1291 2552 1471 2595 navium
1491 2568 1612 2595 arma
1631 2551 1699 2594 vel
1715 2557 1992 2603 armamenta,
2014 2560 2064 2594 ut

1218 2616 1510 2669 vocabantur;
1534 2631 1641 2658 nam
1660 2631 1762 2658 mox
1780 2620 1966 2658 carinam
1983 2631 2063 2658 vo-

1216 2689 1284 2724 cat
1297 2715 1307 2731 ‚
1326 2689 1370 2723 et
1383 2684 1595 2736 remigium
1609 2696 1739 2737 supra
1755 2711 1767 2733 ,
1791 2688 1835 2721 et
1856 2695 1963 2721 vers.
1979 2680 2034 2733 64
2048 2712 2059 2734 ,

1215 2748 1322 2787 vela.
1349 2744 1415 2787 Ita
1433 2760 1551 2787 arma
1567 2751 1692 2787 vocat
1716 2739 1922 2799 Virgilius
1939 2747 2033 2785 vela
2045 2777 2056 2795 ,

1214 2809 1286 2852 lib.
1303 2823 1345 2852 v.
1365 2807 1542 2851 AEneid.
1570 2811 1618 2851 15
1637 2841 1649 2862 ‚
1681 2807 1919 2864 interprete
1945 2807 2060 2850 Ser—

1214 2873 1284 2916 vio
1302 2891 1312 2924 ;
1336 2881 1380 2916 et
1395 2873 1465 2915 lib.
1483 2886 1556 2927 VI,
1577 2873 1670 2915 353.
1687 2873 1847 2917 Noster
1860 2887 1908 2914 xt
1922 2905 1933 2927 ,
1948 2873 2061 2917 Met.

1215 2939 1294 2981 513
1315 2954 1324 2981 :
1344 2938 1499 2994 aliique
1525 2946 1664 2995 poetae
1677 2971 1689 2993 ‚
1713 2947 1762 2981 ut
1779 2937 1920 2983 Graeci
1940 2943 2031 2983 ὅπλα
2050 2957 2060 2983 :

1214 3002 1331 3045 unde
1346 3019 1506 3046 armare
1519 3012 1564 3046 et
1574 3020 1789 3046 exarmare
1797 3003 1970 3048 classem
1985 3038 1997 3060 ,
2016 3014 2060 3048 et

1215 3068 1370 3111 similia
1390 3068 1530 3111 obvia.

1267 3136 1331 3175 51.
1354 3135 1439 3175 His
1454 3137 1598 3189 inquil.
1618 3135 1754 3176 Hac...
1770 3137 1915 3176 carina
1927 3167 1938 3186 ‚
1960 3127 2059 3178 Hae

1209 3201 1329 3242 nobis
1341 3199 1486 3241 Minos
1498 3197 1859 3254 effugienduseril.
1873 3198 2054 3255 Regius:

1209 3278 1284 3318 ope
1306 3268 1372 3308 est
1389 3296 1399 3313 ‚
1429 3261 1568 3305 Aldus
1591 3270 1635 3305 et
1656 3263 1928 3305 recentiores.

1268 3329 1332 3381 54.
1358 3328 1453 3380 Qua
1464 3330 1572 3369 licet.
1596 3327 1650 3376 In
1661 3326 1907 3380 nonnullis,
1930 3341 2051 3380 quam

1203 3393 1308 3434 ‘licet
1325 3407 1336 3433 .·
1354 3398 1589 3446 utrumque
1604 3399 1732 3435 recte.
1749 3391 1900 3435 NAUG.
1923 3391 2049 3442 Quem
