2268 3776
484 274 752 332 ARTIS
803 273 1282 330 AMATORIAE
1339 276 1502 331 LIB.
1552 278 1639 330 ΙΙ.

201 423 222 481 j
264 392 536 476 Quisquis
570 415 627 452 es
652 416 664 452 ε
690 404 787 451 aut
812 389 1023 474 aliquid
1054 413 1286 474 corpore
1317 390 1500 474 pluris
1530 392 1694 453 habe,

181 489 418 551 Dextera
446 488 720 572 praecipue
755 487 903 571 capit
931 486 1279 567 indulgentia
1308 506 1520 552 mentes
1544 515 1556 551 :

260 585 545 668 Asperitas
577 584 794 658 odium,
828 608 1075 669 saevaque
1107 585 1275 647 verba
1304 602 1545 647 movent.

184 684 420 745 Odimus
443 683 787 767 accipitrem,
826 684 956 767 quia
986 707 1203 767 semper
1224 683 1361 744 vivit
1390 684 1450 744 in
1481 685 1647 746 armis
1666 732 1683 758 ,

262 785 337 843 Et
364 782 626 866 pavidum
650 782 851 843 solitos
877 782 936 842 in
959 806 1129 866 pecus
1157 782 1236 843 ire
1266 779 1450 865 lupos.

179 879 260 953 Atv
285 893 430 949 caret
460 880 676 940 insidiis
704 881 1028 953 hominum,
1064 879 1194 964 quia
1222 874 1399 950 mitis,
1431 879 1676 940 hirundo
1705 905 1719 954 ;

260 976 527 1060 Quasque
558 977 705 1038 colat
731 992 910 1038 turres
942 978 1190 1039 Chaonis
1220 975 1332 1038 ales
1361 976 1550 1039 habet.

1897 996 1974 1037 150

177 1077 309 1136 Este
339 1074 560 1159 procul,
592 1074 748 1148 lites,
780 1090 836 1137 et
861 1099 1054 1137 amarae
1084 1074 1272 1158 praelia
1301 1073 1505 1155 linguae
1535 1100 1547 1136 :

258 1170 535 1233 Dulcibus
561 1188 645 1234 est
673 1173 858 1234 verbis
883 1169 1068 1233 mollis
1098 1171 1329 1234 alendus
1363 1196 1536 1233 amor.

177 1269 298 1331 Lite
319 1269 518 1349 fugant
542 1285 842 1355 nuptaeque
867 1271 1015 1350 viros
1033 1318 1048 1345 ,
1078 1284 1395 1354 nuptasque
1422 1270 1608 1331 mariti
1631 1294 1644 1343 ;

257 1369 435 1451 Inque
464 1368 638 1430 vicem
670 1369 906 1430 credunt
929 1393 1017 1431 res
1045 1368 1157 1436 sibi
1188 1391 1408 1451 semper
1433 1368 1538 1447 agi.

178 1464 304 1524 Hoc
339 1463 494 1526 decet
526 1489 730 1526 uxores
758 1465 897 1526 :dos
927 1480 1012 1527 est
1039 1464 1237 1527 uxoria
1264 1463 1406 1526 lites.
1875 1483 1976 1526 ,155

258 1563 469 1624 Audiat
496 1577 721 1647 optatos
753 1587 971 1647 semper
1006 1563 1177 1624 amica
1209 1586 1398 1624 sonos.

178 1663 308 1722 Non
338 1660 478 1740 legis
498 1655 660 1743 ¹jussu
691 1659 897 1721 lectum
926 1660 1156 1722 venistis
1184 1660 1243 1721 in
1271 1684 1478 1720 unum:

258 1758 538 1838 Fungitur
563 1758 622 1817 in
648 1758 809 1819 vobis
831 1782 1058 1819 munere
1090 1756 1229 1836 legis
1260 1779 1433 1818 amor.

176 1854 485 1916 Blanditias
514 1852 710 1915 molles
730 1901 744 1927 ‚
779 1878 1076 1938 auremque
1105 1853 1354 1936 juvantia
1381 1852 1549 1914 verba

257 1954 456 2028 Adfer,
489 1968 554 2014 ut
581 1953 819 2014 adventu
851 1952 974 2014 laeta
1004 1953 1078 2013 sit
1108 1950 1203 2012 illa
1235 1965 1352 2012 tu0.

1897 1969 1971 2011 ’δυ

130 2071 133 2074 ’
174 2062 309 2124 NON
339 2074 443 2139 eg'o
473 2058 742 2120 divitibus
766 2058 927 2119 venio
963 2073 1275 2142 praeceptor
1303 2056 1526 2117 Amoris
1553 2082 1565 2116 ε

255 2156 351 2218 Nil
381 2180 525 2241 opus
557 2171 641 2218 est
665 2155 774 2230 illi,
809 2157 907 2240 qui
938 2156 1120 2229 dabit,
1155 2170 1268 2216 arte
1299 2178 1435 2214 mea.

178 2253 374 2314 Secum
395 2253 567 2314 habet
588 2245 876 2331 ingenium
894 2299 908 2325 ,
944 2253 1068 2335 qui,
1104 2275 1277 2335 quum
1300 2249 1472 2321 libet,
1501 2248 1737 2332 Accipe,
1770 2248 1919 2308 dicit.

261 2348 522 2411 Cedimus
549 2374 561 2409 ε
586 2348 835 2409 inventis
863 2347 993 2432 plus
1022 2347 1204 2432 placet
1232 2346 1324 2407 ille
1349 2347 1503 2406 meis.

178 2517 283 2560 Duo
294 2515 486 2571 codices,
503 2517 650 2559 timide
661 2531 712 2558 ne
722 2517 853 2558 crede.
868 2515 1002 2559 Forte
1016 2546 1029 2570 ,
1108 2517 1283 2574 procul,
1318 2529 1412 2558 non
1434 2512 1666 2557 invenuste
1685 2530 1695 2564 ;
1729 2520 1778 2555 ut
1802 2512 1847 2555 in
1867 2513 1970 2555 sor-

167 2583 338 2640 fallaci
358 2583 503 2625 timide
527 2587 567 2624 te
593 2583 713 2624 crede
723 2583 877 2638 figuroe
899 2597 911 2623 ,·
941 2579 1031 2622 duo

179 2646 312 2691 etiam
331 2645 458 2701 libri,
490 2649 663 2691 m’mium
678 2662 730 2688 ne
748 2647 878 2690 crede.
906 2645 1030 2703 Virg.

180 2711 328 2770 Eclog.
351 2725 416 2767 11,
445 2726 523 2769 17:

178 2782 209 2814 Ο
221 2781 360 2814 sol-mose
374 2792 469 2824 puer,
483 2781 625 2812 nimium
639 2792 680 2812 ne
696 2780 789 2812 crede
803 2780 915 2813 colori.

237 2845 326 2899 144.
370 2843 510 2899 Atque
537 2845 711 2900 aliquid.
747 2843 841 2890 Aut
870 2845 1040 2900 aliquid

180 2901 396 2952 meliores.
418 2909 589 2952 Hnms.
609 2911 785 2964 Corpore
797 2909 938 2963 majus
951 2911 1036 2951 ba-

178 2975 248 3014 bet
259 2987 374 3014 unus
388 2971 565 3015 Heinsii
581 2988 662 3028 pro
679 2972 797 3015 varia
813 2972 1004 3016 lectione
1018 2989 1031 3016 ε

180 3051 272 3078 non
287 3034 417 3086 male,
428 3035 463 3078 si
477 3037 584 3079 habe
598 3036 728 3094 legas,
745 3053 848 3080 cum
862 3036 1034 3081 duobus

184 3100 273 3144 aliis
295 3099 527 3144 codicibus.

237 3165 328 3220 146.
356 3165 580 3220 Asperitas
608 3167 749 3209 odium
779 3174 860 3211 etc.
897 3169 1032 3211 Verba

180 3236 317 3273 movet
330 3238 518 3286 quatuor
532 3229 658 3274 libri:
680 3229 768 3273 duo
785 3263 797 3286 ,
819 3234 930 3274 bella
945 3249 1036 3284 lno-

182 3301 285 3339 coent.
303 3294 683 3340 Commelinianus
702 3312 804 3340 cum
825 3296 1035 3341 Arunde-

180 3358 314 3414 liano,
325 3375 513 3416 saeoaque
519 3363 647 3404 verba
653 3367 828 3404 movent:
836 3362 1031 3417 rectegH.

243 3427 334 3468 151.
354 3427 458 3468 Este
468 3428 753 3490 procul4liles.
774 3426 955 3484 Neapol.
976 3430 1034 3475 ite

1113 2580 1234 2627 mula
1246 2615 1256 2637 ‚
1266 2584 1421 2638 procul
1428 2583 1526 2624 hinc
1536 2615 1546 2631 ‚
1558 2583 1775 2637 procedite
1783 2580 1969 2635 profani.

1171 2649 1263 2690 152.
1297 2646 1447 2690 Mbllis
1484 2647 1676 2701 alendus.
1705 2644 1811 2688 Duo
1838 2644 1933 2687 libri
1952 2677 1963 2699 ‚

1112 2713 1364 2756 allazcoendus
1378 2726 1522 2766 amor,
1545 2718 1595 2754 ut
1615 2709 1686 2752 lib.
1706 2722 1763 2752 111
1780 2741 1792 2762 ,
1818 2711 1900 2751 510
1919 2722 1929 2748 :

1152 2780 1308 2814 Comibus
1321 2787 1370 2812 est
1387 2780 1491 2812 oeulis
1503 2779 1698 2810 alliciendus
1710 2788 1813 2808 amor.

1114 2839 1174 2887 Et
1192 2842 1330 2897 infra,
1352 2858 1463 2885 vers.
1484 2842 1566 2895 444
1584 2855 1595 2882 :

1152 2911 1297 2944 Acribus
1309 2918 1359 2941 est
1375 2909 1519 2941 stimulis
1536 2907 1716 2938 eliciendus
1728 2917 1831 2938 amor.

1113 2972 1289 3018 Deinde
1304 2973 1334 3015 J
1337 2972 1527 3014 unianus
1535 2968 1723 3012 habebat
1740 3001 1751 3023 ,
1775 2970 1969 3011 dulcibus

1110 3044 1178 3082 est
1193 3040 1350 3093 signif,
1373 3036 1487 3077 sorte
1510 3049 1592 3090 pro
1610 3036 1779 3088 linguis.
1800 3033 1966 3076 Hssms.

1171 3121 1187 3146 1
1197 3103 1261 3147 53.
1281 3103 1372 3144 Lite
1379 3100 1548 3155 sugant.
1564 3100 1728 3154 Fuge-‘nl
1739 3097 1902 3156 Regius
1923 3107 1968 3141 et

1112 3165 1430 3211 Lincolniensis
1442 3180 1544 3208 cum
1554 3164 1766 3221 excerptis
1778 3160 1968 3207 Puteani

1113 3240 1158 3275 et
1167 3229 1390 3289 Scaligeri:
1404 3230 1580 3272 credant
1592 3243 1769 3285 quoque
1779 3243 1970 3284 sequen-

1112 3297 1146 3339 ti
1169 3310 1299 3339 versu
1320 3309 1400 3351 pro
1417 3296 1590 3336 credunt
1603 3327 1615 3345 ‚
1650 3293 1786 3337 iidem
1807 3309 1817 3336 :
1839 3301 1883 3336 et
1902 3307 1970 3334 res

1113 3377 1193 3418 pro
1213 3376 1296 3403 rem
1311 3393 1320 3409 ‚
1345 3358 1548 3402 meliores
1568 3374 1724 3401 omnes
1744 3371 1754 3398 ;
1776 3352 1951 3415 sequor.

1176 3425 1268 3480 164.
1295 3426 1482 3468 [arentis
1494 3427 1601 3480 plus
1625 3427 1754 3468 babet
1774 3427 1847 3468 dle
1866 3428 1981 3471 mei-n
