2268 3776
276 278 344 332 50
728 275 794 326 P.
846 273 1138 330 OVIDII
1184 273 1567 335 NASONIS

274 394 467 452 Donec
495 411 613 449 eras
645 388 903 471 simplat,
935 390 1177 450 animum
1207 415 1334 452 cum
1360 417 1592 477 corpore
1621 398 1794 458 amavi
1822 423 1836 462 ε

351 489 513 547 Nunc
541 484 741 546 mentis
769 484 905 545 vitio
934 484 1060 546 laesa
1087 486 1264 565 figura
1292 503 1387 550 tua
1417 505 1517 555 est.

270 585 346 644 Et
372 606 512 665 puer
539 595 647 653 est,
679 594 735 640 et
762 581 948 642 nudus
977 583 1153 642 Amor
1180 608 1192 643 :
1219 584 1337 645 sine
1366 586 1631 648 sordibus
1656 612 1862 666 annOS,

349 684 425 742 Et
451 678 633 739 nullas
654 692 859 751 vesteS,
891 693 956 738 ut
985 679 1058 739 sit
1086 694 1333 762 apertuS,
1366 681 1550 743 habet.

269 777 424 859 Quid
450 799 684 859 puerum
712 775 944 835 Veneris
973 776 1155 858 pretio
1186 792 1436 860 prostare
1460 779 1707 860 jubetis?

348 876 479 955 Quo
509 872 747 956 pretium
778 872 1005 946 condat,
1038 897 1154 933 non
1182 873 1355 935 habet
1379 874 1472 935 ille
1499 876 1700 938 sinum.

257 978 373 1037 Nec
401 973 593 1032 Venus
620 984 747 1053 apta
774 969 927 1042 feris,
959 970 1190 1031 Veneris
1218 995 1319 1031 nec
1348 970 1525 1046 filius,
1557 974 1722 1036 armis
1746 996 1760 1032 ε

340 1071 471 1131 Non
495 1067 650 1127 decet
672 1065 923 1127 imbelles
954 1090 1059 1127 aera
1084 1091 1293 1128 merere
1324 1069 1494 1128 Deos.

260 1172 383 1232 Stat
409 1166 668 1228 meretrix
699 1179 847 1226 certo
878 1165 1052 1225 cuivis
1080 1164 1396 1226 mercabilis
1426 1190 1559 1240 aere3

338 1268 414 1326 Et
438 1263 663 1324 miseras
689 1261 845 1343 jusso
877 1286 1111 1344 corpore
1143 1263 1338 1345 quaerit
1368 1287 1519 1346 opes.

250 1366 506 1429 ‚Devovet
525 1358 816 1442 imperium
843 1373 1027 1418 tamen
1053 1358 1168 1419 haec
1192 1358 1411 1419 lenonis
1442 1358 1588 1420 avari
1609 1385 1624 1434 ;

334 1464 441 1532 Et,
476 1457 628 1541 quod
656 1479 754 1515 vos
780 1455 960 1515 facitis
990 1471 1219 1538 sponte,
1254 1470 1441 1516 coacta
1465 1455 1611 1517 facit.

251 1557 468 1621 Sumite
497 1555 557 1614 in
587 1550 898 1635 exemplum
924 1551 1165 1634 pecudes
1194 1553 1405 1614 ratione
1434 1569 1680 1616 carentes
1703 1578 1717 1614 τ
1979 1576 2032 1618 25

285 1648 289 1652 ⁶
334 1658 523 1737 Turpe
553 1652 657 1713 erit
684 1649 969 1728 ingenium
1000 1649 1191 1710 mitius
1220 1673 1336 1711 esse
1363 1649 1513 1711 feris.

253 1757 384 1815 Non
414 1775 556 1833 equa
582 1771 787 1808 munus
818 1770 1053 1830 equum,
1085 1770 1197 1805 non
1228 1760 1448 1807 taurum
1475 1771 1637 1809 vacca
1664 1749 1962 1832 poposcit;

332 1852 464 1911 Non
494 1848 633 1908 aries
658 1844 916 1928 placitam
946 1869 1172 1906 munere
1204 1859 1388 1928 captat
1418 1870 1590 1907 ovem.

252 1947 383 2009 Sola
411 1947 531 2005 viro
562 1942 760 2003 mulier
789 1941 985 2024 spoliis
1016 1940 1252 2002 exsultat
1274 1941 1505 2003 ademtis
1529 1964 1542 1999 :

335 2043 467 2105 Sola
490 2041 639 2102 locat
665 2054 883 2112 noctes;
911 2038 1029 2099 sola
1055 2038 1289 2099 locanda
1319 2039 1498 2099 venit:
1978 2059 2033 2100 30

309 2201 370 2244 13.
392 2201 494 2243 Cum
504 2211 685 2250 corpore.
700 2194 810 2236 Haec
826 2192 1000 2235 duriora
1014 2193 1103 2236 visa

251 2266 438 2312 Francio
455 2297 467 2318 ,
503 2262 576 2320 qui
604 2259 847 2316 corrigebat
868 2291 881 2313 ‚
916 2263 1102 2301 animum

251 2351 326 2377 ceu
347 2346 492 2385 corpus
511 2330 662 2371 amavi.

311 2398 373 2450 14.
398 2396 491 2436 Tua
510 2397 588 2436 est.
607 2389 790 2444 Malim,
816 2392 910 2431 luoe.
930 2387 1102 2432 HEINS.

252 2462 311 2505 Et
328 2462 387 2504 ita
407 2458 630 2502 Francius.

310 2528 372 2569 15.
389 2527 449 2567 Et
456 2538 565 2578 puer
579 2525 650 2563 est
665 2525 710 2562 et
728 2521 1003 2562 nudus—amor
1017 2527 1097 2564 etc.

249 2591 358 2636 Ideo
372 2591 509 2632 nudus
529 2586 686 2638 Amor,
708 2593 753 2627 et
761 2584 973 2639 puerisub
986 2584 1100 2627 ima-

250 2659 350 2716 gine
365 2659 709 2712 repraesentatur
725 2683 736 2704 ,
768 2658 817 2692 ut
838 2648 904 2691 vel
926 2658 1098 2705 aspectu

247 2724 392 2782 primo
407 2754 417 2775 ,
439 2718 644 2762 omnibus
655 2716 897 2758 innotescat
911 2720 1098 2770 apertum

249 2790 370 2832 hunc
399 2801 488 2830 esse
506 2817 517 2838 ,
551 2782 595 2826 id
624 2790 714 2835 est,
743 2781 836 2824 sine
867 2779 1019 2822 fraude
1055 2788 1099 2823 et

249 2854 364 2896 dolo.
387 2852 524 2895 Recte
547 2848 679 2905 igitur
702 2845 858 2889 Cicero
879 2845 1069 2888 distinxit
1083 2878 1095 2897 ‚

248 2924 392 2975 aperte
404 2920 627 2971 palamque
642 2912 784 2955 dicere
799 2930 808 2962 ς
830 2926 921 2953 non
940 2910 1098 2954 desunt

249 2985 370 3029 enim
393 2982 465 3038 qui
475 2984 640 3036 palam,
659 2994 742 3020 nec
762 2981 905 3032 aperte
921 2984 1070 3018 tamen
1083 3008 1094 3030 ,

249 3048 366 3108 quod
389 3048 588 3090 candide.
612 3047 877 3099 simpliciter,
901 3042 1097 3098 loquan-

250 3126 337 3160 tur.
346 3137 400 3146 —-
411 3111 530 3155 Male
543 3107 994 3164 Heinsiuslegendum
1005 3122 1098 3150 sua-

250 3181 379 3224 debat
391 3193 492 3221 cum
510 3173 811 3218 Arundeliano
829 3185 838 3211 :
852 3172 988 3215 nullas
1001 3188 1099 3215 ves-

250 3254 340 3298 tes,
376 3246 470 3298 qm‘s
499 3244 559 3283 sil
589 3245 778 3295 opertus,
813 3239 945 3282 habet
972 3253 982 3281 ι
1012 3236 1097 3280 hoc

247 3311 446 3365 ineptum
469 3315 533 3350 τοῦ
549 3308 683 3348 nudus
705 3305 925 3362 glossema.

291 3388 368 3415 20.
399 3375 502 3415 AErzz
518 3388 683 3413 merere.
700 3370 980 3427 StIpendium
999 3385 1097 3412 me-

249 3438 356 3492 reri,
380 3453 435 3481 aes
456 3436 655 3479 militare.

1238 2210 1304 2236 21.
1345 2195 1482 2237 Certo.
1519 2194 1641 2235 Circo
1667 2200 1760 2235 erat
1790 2191 1838 2234 in
1869 2191 2030 2236 Glase—

1182 2258 1308 2301 riano
1330 2291 1342 2313 ,
1385 2257 1504 2301 unde
1537 2258 1631 2314 quis
1662 2256 1716 2299 de
1754 2255 2032 2300 Circensibus

1182 2322 1428 2379 prostibulis
1468 2331 1611 2379 posset
1647 2322 1899 2374 somniare;
1954 2324 2031 2366 sed

1178 2389 1351 2432 frustra.
1396 2390 1560 2431 Certum
1579 2397 1643 2432 est
1658 2421 1669 2443 ,
1700 2389 1801 2444 quia
1826 2388 2032 2446 inscripta

1180 2464 1274 2498 erat
1282 2455 1445 2499 cellulae
1456 2455 1691 2512 unicuique
1701 2471 1884 2509 merces,
1897 2471 2029 2512 quam

1180 2523 1377 2579 captabat
1390 2522 1610 2566 meretrix.
1629 2525 1783 2577 Quouis
1793 2526 2031 2565 mercabfflzc

1179 2605 1283 2639 aere,
1316 2589 1443 2631 multi
1465 2605 1516 2631 ex
1534 2588 1728 2644 scriptis;
1767 2588 1886 2644 quod
1913 2588 2027 2631 male

1180 2653 1361 2709 arripuit
1382 2653 1562 2695 Marius.
1584 2653 1747 2696 BURM.

1235 2736 1300 2761 22.
1320 2721 1384 2761 Et
1396 2724 1638 2761 miseras.....
1649 2721 1795 2774 quaen'l
1802 2734 1913 2774 opes.
1930 2718 2027 2762 No-

1179 2783 1311 2827 tanda
1325 2784 1440 2828 vocis
1453 2783 1585 2840 hujus
1598 2788 1775 2826 miseras
1788 2784 2027 2840 proprietas

1179 2864 1280 2890 vere
1311 2848 1549 2904 singularis.
1593 2847 1746 2904 Quem
1776 2849 1927 2903 enim,
1958 2849 2029 2891 vel

1178 2911 1287 2955 dum
1303 2912 1564 2967 detestatur,
1581 2914 1707 2958 sortis
1719 2930 1811 2956 non
1826 2915 2031 2957 misereat

1177 2977 1298 3021 istius
1327 2978 1447 3021 modi
1479 2978 1744 3033 mulierum,
1783 2994 1880 3035 quae
1901 2978 2028 3026 jusso

1177 3059 1344 3098 corpore
1354 3043 1455 3087 tales
1467 3060 1569 3100 opes
1585 3052 1788 3100 quaerunt
1802 3044 1810 3085 Ξ
1825 3043 1925 3086 Alio
1933 3059 2028 3086 sen-

1176 3123 1227 3150 su
1262 3108 1417 3151 Horat.
1448 3111 1621 3151 divilias
1641 3110 1844 3152 miseras!
1880 3107 2026 3151 excla-

1178 3181 1298 3226 mat,
1333 3181 1382 3215 ut
1409 3172 1641 3216 ridendam
1667 3174 1775 3217 fatui
1801 3172 2026 3229 cujusdam

1178 3240 1516 3282 ostentationem
1544 3240 1715 3283 satirico
1746 3256 1871 3283 more
1904 3255 2027 3295 pers—-

1177 3303 1352 3361 tringat.
1370 3305 1427 3347 ΙΙ.
1451 3304 1542 3347 Sat.
1563 3312 1675 3356 5'111,
1701 3321 1739 3348 v.
1767 3305 1827 3347 18.

1233 3370 1299 3411 30.
1331 3372 1548 3415 Locanda.
1584 3370 1771 3414 Francio
1799 3369 2019 3427 placebat,

1177 3437 1329 3476 locata.

1993 612 2039 652 15

2251 3510 2255 3521 '‘
2255 3234 2268 3497 *ns-2.z—.·.÷:fflm·.32
2259 2984 2268 3226 *mm—..sm
2262 2943 2268 2977 -n
2261 2905 2268 2935 .-
2264 2859 2268 2898 -.,
2266 2838 2268 2840 .
