2268 3776
641 345 1035 401 AMORUM
1085 346 1170 400 ΙΙ.
1216 344 1461 400 ELEG.
1512 346 1562 398 1.

1928 371 1999 425 79

296 468 428 543 Illa,
461 489 582 551 quae
614 465 796 525 Dana'i
822 463 1074 547 porticus
1103 486 1297 542 agmen
1328 461 1511 522 habet.

217 567 514 639 Protinus,
546 578 611 624 ut
639 561 876 647 placuit,
907 561 1060 634 misi,
1094 561 1414 644 scriptoque
1441 558 1649 637 rogavi.

1975 582 2001 623 C!

300 660 610 745 Rescripsit
635 658 878 742 trepida,
912 682 1009 718 non
1039 658 1179 727 licet,
1215 655 1312 717 illa
1341 679 1526 716 manu.

218 746 318 835 Et,
352 782 451 821 cur
479 781 578 818 non
598 756 775 827 liceat,
816 755 1085 839 quaerenti
1115 752 1330 816 reddita
1360 777 1523 815 causa
1551 768 1669 826 est;

280 854 474 936 ‘Quod
499 853 731 915 nimium
762 852 999 914 dominae
1030 876 1161 914 cura
1188 850 1425 914 molesta
1455 867 1549 913 tua
1577 868 1679 913 est.

217 955 279 1016 Si
308 954 481 1038 sapi3‚
516 975 550 1013 o
581 965 797 1025 custos,
829 949 1053 1024 odium,
1084 949 1224 1016 mihi
1250 948 1436 1022 crede,
1468 950 1667 1011 mereri

223 1119 225 1124 s
296 1050 503 1112 Desine
532 1074 545 1111 ε
574 1072 737 1133 quem
766 1049 966 1111 metuit
994 1048 1258 1132 quisque,
1289 1048 1498 1131 perisse
1529 1047 1702 1132 cupit.
1956 1083 2004 1124 ω

213 1148 317 1233 Vir
347 1170 567 1232 quoque
597 1170 712 1207 non
743 1146 967 1230 sapiens
996 1170 1009 1206 :
1037 1145 1175 1230 quid
1203 1144 1351 1207 enim
1380 1168 1593 1207 servare
1625 1144 1867 1220 laboret,

295 1244 458 1305 Unde
488 1242 654 1318 nihil,
687 1243 936 1327 quamvis
965 1266 1085 1304 non
1116 1257 1326 1317 tueare,
1359 1243 1547 1327 perit?

215 1340 326 1403 Sed
354 1356 508 1421 gerat
534 1340 627 1403 ille
651 1364 755 1403 suo
784 1365 997 1403 morem
1028 1340 1277 1402 furiosus
1308 1341 1519 1414 amori;

293 1440 371 1499 Et
399 1453 634 1513 castum,
666 1437 859 1500 multis
891 1439 1045 1523 quod
1075 1438 1281 1523 placet,
1311 1462 1431 1501 esse
1460 1453 1636 1523 putet.

213 1605 374 1666 bylone
400 1614 516 1652 natae
545 1622 637 1650 uno
663 1607 711 1650 in
738 1606 870 1650 horto
892 1609 1041 1663 Bagai
1051 1641 1063 1658 ‚

214 1671 275 1715 ita
287 1672 410 1715 enim
422 1680 580 1716 vocant
593 1671 820 1730 Spadones
834 1705 846 1727 ,
862 1672 938 1728 qui
950 1671 1067 1729 apud

215 1752 289 1781 eos
321 1737 455 1792 etiam
487 1752 739 1795 regnavere.
757 1754 780 1775 »ν
814 1736 980 1780 ΒυιιΜ.
1013 1758 1068 1770 -·

216 1803 353 1847 Recte
375 1801 555 1862 quidem
574 1817 818 1859 regnavere:
839 1801 1068 1846 Eunuchis

215 1867 338 1911 enim
355 1867 705 1927 gravissimarum
724 1883 877 1912 rerum
897 1874 1067 1912 tracta-

214 1933 277 1977 tio
286 1932 952 1991 credebatur.ApudPha1-aones
960 1947 1067 1991 prae·

212 1998 378 2056 positus
387 1997 605 2056 pincernis
619 2005 663 2042 et
674 1997 890 2056 pistorum
904 1998 1067 2056 magis-

211 2072 282 2108 ter
306 2062 512 2108 Eunuchi
530 2064 736 2108 suerunt:
756 2064 1066 2108 Hermotimus

211 2128 328 2187 apud
348 2129 541 2173 Xerxem
556 2129 602 2172 in
617 2143 793 2172 summo
807 2128 979 2174 honore
1000 2138 1066 2174 est

210 2194 410 2249 habitus;
431 2203 478 2239 et
495 2194 607 2240 nihil
627 2210 721 2240 non
745 2196 888 2253 potuit
908 2204 953 2240 et
973 2196 1066 2240 Ba-

209 2274 311 2317 goas
328 2257 444 2316 apud
458 2257 761 2303 Alexandrum
773 2292 786 2316 ‚
809 2268 918 2305 teste
937 2259 1065 2304 Curt.

209 2339 251 2368 x.
275 2322 390 2382 Quis
404 2340 511 2368 vero
525 2325 664 2370 nescit
685 2333 849 2383 quanta
865 2334 910 2370 et
930 2342 1065 2384 quam

207 2388 414 2435 insolenti
435 2390 571 2448 gratia
588 2406 691 2434 usus
708 2399 753 2434 et
773 2391 930 2435 abusus
946 2392 1066 2436 Nar-

207 2453 338 2498 cissus
367 2454 502 2498 suerit
526 2487 540 2510 ,
586 2453 773 2498 Claudio
810 2463 855 2498 et
881 2457 1062 2501 Nerone

207 2518 527 2577 imperantibus
541 2552 554 2575 ,
574 2520 650 2577 qui
664 2528 709 2563 et
724 2520 967 2566 Eunuchus
980 2554 992 2575 ,
1014 2529 1065 2565 ut

207 2592 377 2628 constat
390 2601 413 2628 e
426 2584 800 2629 veteriJuvenalis
811 2584 1036 2629 scholiaste
1048 2618 1061 2640 ‚

208 2649 262 2693 ad
279 2649 370 2694 Sat.
388 2663 470 2694 ΧΠ
482 2683 495 2706 ,
518 2649 597 2693 sub
615 2649 785 2693 finem?
807 2649 903 2694 Nec
915 2650 1063 2694 minus

206 2715 342 2760 etiam
363 2730 486 2760 nunc
503 2715 550 2758 in
573 2714 678 2760 aulis
699 2715 895 2760 Asiaticis
921 2716 1033 2760 valet
1047 2749 1059 2771 ,

208 2779 283 2837 qui
305 2779 392 2823 dux
414 2779 751 2824 Eunuchorum.

260 2846 298 2900 4.
320 2847 408 2888 Illa
420 2879 431 2896 ,
448 2862 537 2902 qua·
551 2847 898 2902 Danai'porticus
911 2862 1062 2902 agmen

207 2910 348 2953 babet.
375 2911 605 2955 Porticum
630 2911 843 2969 Apollinis
873 2913 1061 2956 Palatini

207 2975 411 3034 intelligit
427 3009 440 3033 ,
459 2977 535 3021 ubi
553 2978 726 3022 stabant
743 2979 1074 3037 quinquaginta*

206 3040 464 3085 Dana'i’dum
477 3043 700 3102 imagines.

262 3108 302 3149 5.
330 3108 572 3164 Scriptaque
602 3113 757 3165 mgavi.
794 3109 869 3154 Sic
895 3110 1062 3155 Putea-

205 3188 317 3216 neus
339 3180 383 3216 et
402 3172 470 3215 alii
492 3189 543 3216 ex
561 3174 837 3218 melioribus:
856 3175 1061 3219 nonnulli

207 3248 358 3284 tamen
372 3271 384 3293 ,
406 3243 537 3282 mino
555 3244 799 3297 scriptoque.
824 3242 993 3287 Hzms.

260 3305 300 3348 8.
326 3306 453 3359 Quod
461 3308 633 3347 nimium
650 3308 827 3348 domt‘noe
847 3322 950 3349 cura
969 3324 1062 3350 mo-

205 3371 319 3413 lesta
339 3374 414 3413 tua
439 3375 518 3413 est.
542 3368 716 3414 Censeo
748 3370 1028 3426 scribendum
1043 3405 1057 3428 ‚

208 3439 289 3477 tua·
307 3450 366 3478 es.
388 3439 444 3479 'ro'
464 3441 533 3478 est
549 3436 669 3479 enim
689 3435 953 3480 inconcinne
975 3435 1060 3479 du-

207 3498 401 3556 riterque
423 3500 673 3558 geminetur
686 3501 770 3546 hoc
788 3501 984 3547 disticho.
998 3503 1060 3546 H.

1208 1622 1271 1651 10.
1306 1610 1440 1663 Quem
1461 1611 1612 1651 meluit
1627 1611 1823 1665 quisque,
1872 1608 2005 1652 en‘sse

1147 1676 1277 1728 cupit.
1294 1672 1476 1731 Legitur
1485 1681 1529 1717 et
1544 1706 1556 1728 ,
1564 1677 1703 1729 petire
1717 1707 1728 1724 ‚
1748 1674 1794 1716 in
1811 1674 2005 1731 quodam

1149 1737 1385 1796 exemplari
1404 1750 1415 1778 ε
1438 1738 1515 1782 sed
1531 1737 1638 1781 mihi
1658 1738 1921 1796 probabilior
1939 1748 2006 1783 est

1147 1801 1290 1860 prima
1316 1802 1446 1847 lectio
1462 1835 1475 1857 ,
1509 1810 1608 1847 tum
1637 1802 1738 1860 quia
1764 1802 2005 1859 vetustior,

1149 1875 1195 1911 et
1215 1867 1359 1925 major
1384 1867 1608 1926 praeterito
1631 1875 1830 1925 tempore
1852 1868 2007 1927 expri—

1147 1933 1286 1977 mitur
1306 1934 1487 1978 affectus
1516 1934 1783 1989 metuentis,
1813 1935 1888 1992 qui
1916 1935 2008 1992 jam

1139 2004 1321 2056 pena-se
1350 2001 1469 2058 cupit
1485 2034 1497 2056 ‚
1533 2018 1652 2058 quem
1686 2005 1838 2044 meluit
1861 2014 1874 2040 .·
1909 2004 2007 2045 tum

1148 2065 1250 2122 quia
1269 2064 1354 2110 hoc
1375 2066 1584 2124 accepisse
1605 2064 1783 2110 videtur
1809 2067 1926 2111 Naso
1955 2083 2010 2110 ex

1147 2130 1286 2174 Ennii
1313 2130 1546 2189 tragoedia,
1577 2130 1698 2174 unde
1722 2130 1881 2175 Cicero
1901 2131 2009 2176 illud

1147 2212 1326 2240 carmen
1349 2196 1519 2251 adfert,
1543 2195 1676 2241 Offic-
1697 2210 1735 2239 η
1750 2230 1762 2252 ,
1787 2214 1809 2253 7
1828 2213 1839 2241 ε

1146 2272 1254 2312 Quem
1271 2279 1445 2313 metuunt,
1461 2272 1602 2303 oderunt
1621 2282 1630 2303 :
1647 2283 1747 2314 quem
1763 2272 1905 2314 quisque
1918 2274 1987 2306 odit
1995 2301 2007 2316 ‚

1244 2329 1384 2371 periisse
1399 2329 1538 2370 expetit.
1753 2329 1919 2361 MARIUS.

1208 2407 1270 2433 η.
1301 2389 1424 2432 Unde
1436 2391 1682 2444 m‘bt‘lpen'l.
1703 2387 1821 2445 Quae
1833 2389 2003 2450 integra

1146 2455 1250 2513 ipsi,
1271 2454 1372 2498 licet
1392 2469 1485 2496 non
1508 2469 1655 2498 serves
1669 2487 1681 2508 ,
1703 2463 1915 2498 servetur.

1205 2520 1267 2563 13.
1296 2520 1386 2563 Sed
1401 2524 1528 2576 gerat
1551 2521 1626 2563 ille
1655 2534 1733 2563 suo
1753 2536 1906 2564 morem
1921 2522 2006 2578 su·-

1145 2588 1283 2627 n'osus
1300 2588 1446 2627 amon:
1465 2583 1536 2626 De
1551 2599 1712 2641 sponso
1727 2600 1903 2642 semper
1921 2588 2005 2645 agi-

1144 2657 1220 2691 tur
1233 2681 1246 2704 ‚
1269 2647 1557 2705 quemsuoem
1577 2647 1705 2703 dicit,
1728 2665 1806 2692 seu
1827 2666 2001 2705 amore,

1144 2727 1222 2756 seu
1243 2712 1456 2773 zelotypia
1476 2725 1487 2752 t
1513 2712 1719 2769 utrinque
1742 2714 1863 2757 enim
1876 2714 2009 2770 sumt

1141 2777 1276 2822 idem.

1203 2847 1267 2900 14.
1298 2847 1473 2889 Castum
1487 2881 1498 2897 ‚
1533 2849 1678 2889 mullis
1706 2849 2001 2903 quodplacel‚

1144 2909 1360 2954 meliores.
1377 2911 1437 2955 H.
1462 2911 1529 2954 Ita
1550 2919 1594 2953 et
1610 2910 1776 2953 Douzae
1791 2910 2003 2954 codex,—

1143 2979 1255 3020 Esse
1272 2982 1410 3032 putet.
1442 2977 1583 3019 Vetus
1604 2983 1649 3018 et
1669 2976 1814 3018 verior
1841 2975 1970 3020 lectio
1988 3011 2002 3033 ,

1141 3046 1234 3097 zssnse
1254 3047 1382 3098 putet
1408 3057 1421 3084 .·
1449 3040 1582 3084 habet
1614 3041 1736 3084 enim
1771 3040 2000 3098 emphasin

1141 3112 1234 3163 ipse
1248 3141 1259 3159 ,
1284 3106 1404 3164 quasi
1426 3105 1590 3149 diceret
1605 3138 1617 3159 ‚
1644 3106 1798 3150 stultus
1819 3115 1863 3149 et
1883 3107 2000 3150 insi-

1143 3172 1268 3228 piens
1297 3183 1308 3210 :
1342 3186 1448 3213 nam
1469 3169 1539 3212 alii
1559 3169 1644 3214 hoc
1665 3187 1758 3213 non
1779 3180 2000 3228 putarent.

1143 3239 1275 3282 MAR.
1291 3238 1445 3281 Innuit
1458 3237 1663 3295 pudicam
1677 3255 1767 3282 esse
1788 3254 1880 3280 non
1896 3254 1998 3294 pos-

1142 3321 1205 3358 se,
1219 3318 1331 3360 quae,
1345 3303 1445 3360 quia
1460 3304 1772 3348 formosissima
1788 3313 1866 3358 est,
1879 3304 1998 3347 mul-

1143 3370 1197 3413 tis
1216 3369 1396 3426 placeat:
1421 3369 1542 3429 Hinc
1562 3370 1668 3413 illud
1687 3370 1913 3413 Juvenalis
1930 3387 1941 3413 :

1185 3466 1362 3478 .......
1388 3445 1476 3477 Rara
1491 3452 1539 3478 est
1552 3446 1632 3479 adeo
1646 3447 1819 3477 concordia
1838 3445 1952 3477 fimum
1969 3471 1978 3484 ,

1140 3505 1256 3548 Atque
1268 3506 1450 3547 pudici222!
1626 3509 1694 3538 Sat.
1714 3516 1740 3538 x
1751 3531 1760 3545 ,
1777 3508 1847 3549 293.
