2268 3776
255 299 326 353 60
702 302 766 355 P.
834 301 1138 359 OVIDII
1187 303 1564 364 NASONIS

255 414 417 475 Nunc
447 414 609 474 etiam
639 418 818 476 somni
849 419 1085 500 pingues
1104 467 1118 492 ‚
1151 445 1299 482 nune
1326 422 1564 501 frigidus
1593 423 1798 486 humor
1823 449 1835 500 3

338 512 414 569 Et
443 509 716 593 liquidum
747 515 899 574 tenui
925 531 1145 594 gutture
1174 533 1358 579 cantat
1379 521 1508 580 aviS.

260 606 393 686 Quo
424 631 714 690 properas,
744 611 960 691 ingrata
987 613 1118 673 viris
1137 661 1151 685 ,
1184 615 1399 694 ingrata
1429 617 1672 699 puellis?

341 703 587 764 Roscida
611 729 891 788 purpurea
918 710 1200 792 supprime
1230 711 1351 773 lora
1378 737 1561 774 manu.
1933 787 1940 795 .
1989 748 2037 778 ιο

259 799 406 860 Ante
437 815 564 860 tuos
597 817 753 863 ortus
782 804 979 866 melius
1011 830 1110 866 sua
1140 806 1318 867 sidera
1348 823 1526 869 servat

337 898 562 972 Navita3
593 924 693 960 nee
723 902 901 963 media
927 904 1146 964 nescius
1177 917 1323 964 errat
1350 927 1508 986 aqua.

257 996 336 1056 Te
365 997 566 1075 surgit,
599 1000 844 1081 quamvis
874 999 1078 1073 lassuS‚
1103 1001 1355 1061 veniente
1383 1001 1593 1073 viator;

338 1092 505 1154 Miles
537 1109 592 1154 et
624 1095 903 1157 armiferas
934 1111 1088 1180 aptat
1117 1096 1186 1156 ad
1215 1119 1364 1156 arma
1390 1119 1602 1156 manus,
1645 1174 1652 1177 ῃ

260 1187 444 1249 Prima
472 1188 873 1253 bidentevides
905 1207 1162 1253 oneratos
1193 1216 1319 1253 arva
1343 1190 1620 1252 colentes:
1993 1212 2040 1255 15

341 1287 527 1347 Prima
549 1312 711 1349 vocas
743 1290 928 1350 tardos
958 1292 1063 1350 sub
1092 1291 1225 1372 juga
1252 1290 1435 1372 panda
1469 1291 1656 1350 boves.

261 1385 350 1443 Tu
372 1408 578 1467 pueros
609 1409 806 1446 somno
839 1386 1088 1458 fraudas,
1121 1386 1400 1467 tradisque
1430 1386 1739 1464 magistriS,

340 1484 423 1541 Ut
451 1482 686 1542 subeant
716 1496 912 1543 tenerae
941 1482 1168 1543 verbera
1199 1506 1337 1542 saeva
1364 1505 1560 1541 manus
1583 1506 1595 1541 τ

261 1578 446 1660 Atque
472 1578 659 1639 eadem
686 1603 957 1662 sponsum
985 1579 1228 1640 consulti
1255 1593 1380 1639 ante
1405 1579 1544 1639 atria
1564 1579 1740 1639 mittis
1757 1625 1773 1652 ,

317 1758 354 1819 ἴ.
380 1741 503 1785 Nunc
513 1739 704 1797 sn'gidus
729 1744 883 1785 humor.
918 1745 1111 1798 anrfflus

258 1820 338 1848 aer
345 1818 362 1857 ‚⁰
396 1820 550 1849 omnes
584 1807 674 1849 sere
697 1806 802 1850 olim
822 1807 952 1858 editi;
983 1807 1112 1851 multi

261 1869 395 1914 etiam
409 1903 421 1926 ,
455 1871 697 1928 etfrigl'dus
717 1886 821 1926 aer‚·
858 1872 934 1916 sed
956 1872 1111 1929 optimi

260 1935 428 1980 codices
444 1968 455 1990 ,
477 1953 587 1980 nunc
594 1936 784 1993 frigidus
803 1940 957 1980 humor.

317 2001 356 2043 8.
385 2002 449 2043 Et
463 2003 662 2057 liquidum
683 2006 807 2045 tenui.
843 2004 887 2044 T
879 2006 988 2045 eretz·
1009 2003 1111 2045 Re-

263 2063 370 2121 gius.
390 2064 558 2110 HEINS.
583 2065 813 2123 Oppositio
835 2067 976 2124 aptior
995 2066 1111 2110 inter

260 2133 386 2172 tenue
401 2134 570 2184 gutlur,
603 2138 647 2174 et
665 2134 863 2187 liquidum
881 2144 893 2171 ‚⁶
914 2132 1109 2174 mirabile

263 2194 385 2236 enim
399 2203 464 2238 est
479 2228 491 2250 ‚
514 2195 697 2240 aviculas
711 2205 803 2239 tam
818 2201 939 2239 tenui
944 2202 1112 2252 gutture

260 2274 416 2303 vocem
426 2269 516 2303 tam
526 2264 727 2318 liquidam
744 2262 944 2307 emittere
957 2278 966 2305 :
978 2278 1110 2319 quare

263 2340 346 2382 ego
369 2331 505 2378 tenui,
532 2326 577 2370 id
600 2336 665 2371 est
684 2328 804 2383 exili,
826 2328 1009 2372 retineo,
1033 2329 1113 2371 Est

261 2399 409 2433 autem
423 2395 622 2448 liquidum
632 2427 643 2445 ‚
658 2394 779 2438 idem
787 2394 905 2451 quod
918 2395 1084 2438 clarum
1096 2428 1109 2450 ,

262 2470 489 2500 sonorum.
515 2458 679 2502 BURM.

323 2535 386 2564 ιο.
415 2523 627 2578 Supprime
645 2526 736 2566 lora
756 2540 893 2568 manu,
919 2526 1081 2569 Preme
1097 2558 1110 2580 ,

262 2585 562 2630 subtrahendo
574 2620 586 2642 ‚
609 2587 904 2632 adtrahendo:
923 2592 997 2646 qui
1012 2607 1114 2633 mo-

262 2660 333 2696 tus
358 2652 536 2695 frenum
549 2669 744 2708 premens
774 2657 851 2697 sub
880 2670 955 2698 ore
981 2656 1082 2711 equi
1098 2688 1110 2711 ,

264 2732 444 2762 cursum
460 2717 727 2761 moderatur.

322 2801 340 2827 1
352 2801 388 2828 1.
405 2784 561 2827 Melz‘us
576 2800 656 2827 sua
663 2787 805 2828 sidera
820 2790 972 2828 servat.
991 2786 1113 2829 Pro-

264 2849 358 2907 prie
376 2849 430 2893 de
448 2849 529 2894 illis
544 2849 702 2893 dicitur
717 2851 792 2907 qui
805 2851 958 2894 caelum
971 2851 1114 2894 obser·

262 2914 672 2972 vant.Virg.Georg.
686 2931 721 2970 1,
733 2916 834 2959 335:
847 2915 981 2960 «Caeli
991 2932 1113 2960 men-

265 2996 331 3025 ses
344 2988 387 3024 et
407 2979 547 3023 sidera
561 2997 690 3024 serva.
708 3000 729 3019 »
743 2981 852 3025 Ibid.
863 2983 943 3036 402
959 2998 968 3024 :
983 3000 1003 3019 «
1016 2984 1114 3025 Ser-

265 3060 371 3090 vans
391 3061 591 3088 occasum
611 3046 721 3089 solis.
739 3064 762 3084 »
792 3045 922 3103 Apud
938 3045 1113 3090 Graecos

266 3119 331 3155 est
352 3113 563 3170 φυλάσσειν.
586 3111 791 3168 Apollon.
812 3126 869 3155 111
883 3145 894 3167 ,
922 3128 1028 3171 1029
1047 3127 1058 3155 ε

268 3184 324 3229 A&
352 3180 433 3221 τότε
463 3179 610 3231 μέσσην
630 3181 742 3222 νύκτα
773 3181 1008 3240 διαμοιρηδὰ
1034 3199 1114 3236 φυ-

378 3243 508 3298 higna.

326 3324 388 3350 12.
439 3309 531 3351 Nec
562 3310 702 3351 media
737 3313 874 3352 nescit
903 3326 961 3353 an
995 3314 1114 3353 erret.

265 3373 390 3416 Bene
407 3373 659 3418 Puteaneus
676 3407 688 3429 ‚
709 3379 876 3418 nescius
891 3382 1015 3419 errat.
1044 3376 1133 3421 Ne‘

266 3436 387 3481 enim
407 3442 575 3482 nescius
591 3446 732 3494 erret,
755 3438 966 3489 sideribus
978 3440 1114 3486 refert

1195 1749 1420 1798 acceptum
1437 1774 1449 1796 ,
1473 1757 1568 1799 quae
1585 1757 1744 1786 navem
1759 1751 1931 1800 regunt.
1953 1743 2014 1787 H.

1251 1809 1314 1849 15.
1341 1811 1486 1850 Prima
1504 1811 1674 1851 bidente
1702 1812 1822 1852 vides
1848 1818 2044 1854 oneratos

1191 1887 1293 1915 arva
1322 1876 1520 1916 colentes.
1555 1873 1626 1917 Sic
1654 1874 1799 1931 scripti
1820 1891 1920 1918 cum
1943 1877 2042 1932 pri-

1192 1936 1275 1979 mis
1289 1935 1552 1982 editionibus
1565 1939 1654 1982 sere
1670 1954 1824 1983 omnes
1844 1957 1853 1984 :
1870 1950 1914 1983 et
1925 1950 2042 1984 recte

1195 2001 1375 2057 quidem
1395 2020 1407 2055 ;
1443 2003 1502 2046 sic
1524 2008 1568 2046 et
1591 2002 1658 2046 ed.
1681 2019 1783 2047 ann.
1810 2007 1927 2061 1470.
1950 2005 2045 2049 Nec

1192 2065 1307 2108 male
1330 2066 1574 2111 Junianus:

1191 2138 1301 2169 Prima
1313 2137 1445 2170 bidente
1461 2140 1553 2170 vides
1569 2147 1716 2172 oneratos
1733 2140 1817 2172 colla
1832 2140 1973 2171 colonos.

1191 2201 1358 2243 Bidens
1383 2201 1504 2244 enim
1523 2210 1713 2244 rastrum
1727 2235 1739 2254 ,
1773 2202 2046 2244 instrumen-

1193 2274 1289 2308 tum
1307 2265 1519 2310 rusticum
1536 2284 1546 2317 ;
1571 2274 1645 2309 aut
1663 2271 1816 2318 raster,
1842 2265 1961 2322 quod
1981 2269 2046 2308 bi—

1193 2335 1316 2375 denti
1335 2332 1674 2388 subintelligitur
1691 2350 1701 2383 ;
1737 2331 1852 2388 apud
1885 2332 2047 2374 Maro-

1192 2413 1300 2440 nem
1316 2430 1328 2451 ,
1364 2402 1503 2439 rastra
1523 2399 1711 2439 bidentia
1731 2409 1743 2436 :
1772 2397 1831 2440 sic
1858 2398 2017 2439 tridens
2032 2431 2042 2448 ,

1192 2479 1295 2507 cum
1317 2463 1370 2507 de
1393 2464 1589 2520 Neptuni
1609 2464 1775 2507 fuscina
1796 2464 1964 2521 agitur3
1987 2467 2046 2507 bi-

1193 2531 1340 2572 dentes
1353 2529 1487 2572 etiam
1500 2545 1581 2586 pro
1600 2529 1775 2572 ovibus.-

1253 2595 1316 2637 16.
1332 2597 1508 2636 Tot-dos.
1515 2597 1660 2636 Pn‘ma
1673 2597 1793 2637 vides
1805 2596 1929 2636 duros
1941 2593 2045 2636 Bar-

1193 2659 1334 2702 berin.
1353 2667 1398 2701 et
1418 2659 1617 2701 Francos,
1655 2661 1795 2700 Vocas
1811 2661 1937 2701 duros
1957 2657 2046 2700 duo

1196 2723 1266 2765 alii
1285 2722 1453 2766 codices
1476 2738 1486 2765 :
1506 2723 1680 2766 frustra.
1700 2722 1784 2779 Ep.
1803 2736 1906 2777 xm,
1930 2723 1983 2768 56
2005 2735 2014 2763 :

1233 2791 1305 2823 Nec
1320 2791 1432 2833 patulo
1448 2792 1558 2822 tardoe
1579 2792 1724 2833 carpitur
1738 2802 1794 2823 ore
1810 2792 1920 2824 bovis.

1194 2853 1311 2907 Juga
1323 2854 1472 2907 panda
1491 2851 1624 2895 etiam
1643 2852 1757 2895 bene
1782 2869 1828 2896 se
1853 2851 2017 2896 habent
2034 2872 2044 2906 ς

1195 2933 1289 2960 non
1304 2933 1430 2960 curva
1444 2950 1456 2970 ,
1475 2925 1525 2959 ut
1543 2917 1671 2960 multi
1688 2917 1869 2961 codices.
1883 2918 2047 2962 BURM.

1253 3000 1316 3040 17.
1346 2984 1581 3037 Magmnzc.
1602 2982 1810 3037 Magais-tro
1824 3016 1835 3033 ‚
1860 2984 2046 3025 Vatica-

1195 3063 1291 3091 nus.
1319 3050 1500 3092 Verbera
1519 3050 1625 3090 dura
1639 3081 1648 3098 ‚
1675 3047 1764 3090 duo
1783 3047 1966 3091 codices.

1254 3129 1317 3172 19.
1337 3113 1480 3169 Atque
1493 3115 1638 3156 eadem
1650 3128 1849 3168 sponsum
1864 3121 1944 3156 etc.
1961 3112 1992 3154 J
1997 3128 2049 3153 u·-

1194 3177 1270 3220 bes
1288 3193 1465 3234 surgere
1483 3210 1495 3232 ,
1526 3178 1600 3234 qui
1620 3194 1817 3234 sponsum
1831 3211 1842 3228 ,
1874 3176 1920 3218 id
1949 3185 2012 3219 est
2032 3210 2045 3233 ,

1194 3259 1433 3300 sponsurus
1446 3253 1626 3287 vocatur
1639 3278 1649 3296 ‚
1674 3253 1723 3287 ut
1734 3250 1835 3287 ante
1848 3247 1963 3285 atria
1977 3244 2050 3299 ju-

1195 3309 1254 3351 ris
1275 3312 1462 3352 consulti
1481 3310 1630 3353 sedeat
1647 3342 1658 3363 ,
1687 3309 1796 3352 dum
1814 3316 1962 3364 surgat
1994 3308 2049 3350 ad

1195 3375 1570 3431 respondendum.
1593 3373 1782 3418 Ridiculi
1799 3406 1811 3428 ,
1843 3374 1945 3429 qui,
1970 3389 2049 3428 per

1195 3455 1394 3496 sponsum
1404 3474 1415 3495 ,
1431 3439 1502 3485 hic
1513 3444 1707 3485 murnum
1718 3438 2024 3485 intellexerunt
2037 3453 2048 3481 ε
