2268 3776
476 308 746 368 ARTIS
791 306 1278 363 AMATORIAE
1325 306 1486 361 LIB.
1526 306 1655 360 ΙΙΙ.

1856 303 1964 379 357

175 429 457 493 Omnibus
486 428 613 500 his,
634 424 897 510 quoniam
927 438 1203 507 prosunt,
1231 422 1534 507 impendite
1564 442 1766 484 curam.

252 527 466 590 Discite
496 524 735 587 femineo
766 545 1007 605 corpora
1035 519 1177 581 serre
1210 519 1385 598 gradu
1411 543 1425 579 z

171 626 277 686 Est
305 638 360 684 et
384 623 444 683 in
473 622 691 682 incessu
718 643 847 703 pars
878 643 995 679 non
1024 616 1318 679 temnenda
1345 615 1579 677 decoris.

249 720 461 783 Adlicit
487 720 715 799 ignotos
745 716 841 778 illa
867 717 1134 799 fugatque
1159 714 1328 776 viros.

1885 731 1969 773 ³00

171 817 303 880 Haec
330 831 517 878 movet
545 830 660 877 arte
692 814 872 886 latus,
900 813 1214 896 tunicisque
1245 811 1555 873 fluentibus
1586 833 1745 872 auras

249 914 477 998 Excipit
500 938 513 987 ;
546 927 806 975 extensos
832 911 1050 995 fertque
1074 909 1317 994 superba
1345 909 1533 993 pedes.

169 1015 300 1091 Illa,
327 1016 480 1079 velut
507 1017 711 1099 conjux
738 1015 939 1077 Umbri
969 1013 1286 1075 rubicunda
1315 1012 1537 1085 mariti,

248 1119 554 1194 Ambulat,
584 1120 838 1199 ingentes
869 1118 1051 1180 varica
1074 1117 1292 1202 fertque
1320 1114 1542 1197 gradus.

171 1300 416 1347 Patavinus
432 1308 479 1345 et
503 1299 735 1359 Argentin.
758 1311 768 1340 ε
797 1298 844 1344 in
866 1299 1029 1344 Arun-

172 1365 348 1410 deliano
368 1382 450 1424 pro
473 1365 645 1409 diversa
665 1365 854 1410 lectione
873 1397 885 1422 ,
908 1381 1029 1423 qna*-

168 1434 269 1475 dam
291 1433 536 1476 rescindere.
558 1431 727 1476 Hzms.

228 1515 324 1559 297.
341 1499 547 1542 Omnibus
560 1500 628 1541 his
639 1531 651 1551 ,
668 1500 836 1556 quando
842 1503 1032 1554 prosunt.

172 1564 337 1623 Scripti
367 1581 471 1609 cum
494 1564 636 1623 prima
658 1564 851 1608 editione
874 1597 885 1619 ,
918 1581 1030 1621 quo-

170 1633 315 1673 niam:
335 1629 415 1673 etsi
430 1629 617 1673 alterum
634 1645 809 1687 quoque
825 1645 917 1673 non
933 1629 1034 1673 ine-

170 1695 334 1754 legans.
363 1695 613 1751 Junianus,
647 1712 847 1752 magnam
861 1698 1038 1752 prodest

170 1762 405 1817 impendere
418 1777 560 1805 curam
575 1773 588 1800 .·
606 1777 804 1816 magnam
821 1756 1037 1818 (prodest)

171 1829 399 1882 impendite
411 1842 556 1870 cunam
569 1826 694 1884 prior
705 1826 1007 1871 Mentelianus
1015 1842 1031 1870 -ι

173 1906 271 1948 quae
293 1891 422 1936 lectio
443 1891 610 1935 arridet
629 1907 717 1949 prae
740 1891 932 1949 reliquis.
963 1891 1031 1935 ΙΙ).

226 1954 324 1999 300.
344 1956 516 2000 Adliser
525 1960 693 2011 &notos
707 1958 808 2007 illa,
820 1954 1034 2012 fugatque

88 2060 91 2062 .
170 2023 297 2064 viros.
318 2019 579 2078 Legendum
593 2052 609 2076 ,
635 2024 709 2064 ille
732 2037 744 2064 .·
779 2019 835 2064 de
858 2021 1032 2065 incessu

171 2084 261 2143 agit
280 2100 290 2129 ε
311 2084 473 2130 deinde
493 2085 682 2142 Adligat
700 2084 842 2143 prima
863 2083 1000 2129 editio
1016 2117 1030 2140 ,

168 2166 274 2194 cum
304 2150 455 2196 multis
473 2151 669 2209 scriptis,
708 2167 817 2208 quos
844 2152 964 2195 inter
986 2160 1033 2195 et

171 2214 370 2273 Regius:
400 2217 581 2261 sortasse
606 2216 781 2261 rectius.
818 2215 1031 2274 Adposite

169 2281 376 2339 Propert.
389 2281 444 2327 de
463 2281 676 2344 Cynthia,
692 2282 730 2338 I,
750 2282 872 2340 Eleg.
887 2296 934 2337 v,
957 2298 1031 2326 12:

210 2351 275 2381 1112
288 2350 371 2383 seros
386 2351 505 2383 animis
521 2353 643 2393 adligat
660 2352 839 2384 unmvims.
851 2350 989 2384 Hunis.

226 2413 330 2457 ὅσα.
342 2415 531 2470 Excipit.
552 2413 766 2459 German.
784 2412 908 2458 Arat.
928 2415 1030 2459 155:

170 2481 414 2524 Excipiamque
425 2482 517 2514 sinus
528 2482 691 2527 Zephyris
705 2482 906 2525 spirantibus
920 2493 1031 2513 auxus.

173 2542 313 2600 Quod
327 2575 343 2600 ,
362 2548 578 2599 concipere
591 2550 706 2588 veste
718 2550 885 2588 ventum
900 2547 1033 2600 ingre-

171 2610 326 2652 diendo
347 2608 453 2653 dixit
479 2608 671 2665 Quintil.
694 2609 768 2653 lib.
789 2610 854 2653 XI
873 2642 889 2665 ,
922 2609 1033 2652 Inst-

171 2675 301 2720 Orat.
319 2691 412 2733 cap.
427 2675 467 2718 3.
490 2675 551 2718 Et
569 2674 695 2719 Decl.
711 2689 782 2718 ΧΠ
798 2708 811 2730 ,
840 2676 901 2719 15.
922 2677 1031 2718 files-

170 2747 266 2786 iina
277 2745 512 2786 misericors
521 2775 532 2793 ‚
554 2758 698 2785 omnes
709 2745 856 2797 exctjne
871 2758 1000 2785 auras
1016 2755 1031 2782 .·

174 2807 251 2864 qui
266 2807 381 2864 *velis
400 2806 559 2851 tribuit
572 2840 594 2862 μ
616 2806 736 2864 quod
757 2807 920 2852 Noster
948 2816 1031 2851 tu-

172 2873 295 2918 nicis.
333 2895 390 2907 ·--
410 2876 632 2918 -Extensos
650 2873 821 2931 serique
850 2877 1035 2931 superba.

163 2941 310 2995 pedes.
339 2938 537 2996 Explicat
565 2940 778 2984 Passerat.
804 2939 874 2983 illa
906 2941 1031 2984 Pro·-

173 3003 372 3062 pertlib.
392 3004 611 3062 11,⁴Eleg.
634 3018 691 3048 111
707 3038 720 3060 ,
742 3006 770 3048 6
796 3021 807 3049 t
833 3008 954 3056 Ibat,
989 3011 1036 3049 el

171 3084 354 3124 expenso
366 3071 521 3125 planta
539 3076 703 3113 morata
717 3072 852 3126 gradu
868 3085 883 3123 ‚·
907 3071 1030 3115 lento

174 3153 226 3180 ac
239 3134 357 3192 gravi
372 3167 385 3190 ,
399 3132 467 3179 vel
482 3144 716 3179 numerato
730 3137 878 3191 „bpas-
889 3153 1032 3192 comp-

174 3205 242 3246 tis
264 3217 277 3244 .·
295 3199 455 3244 deinde
474 3200 655 3245 inclinat
668 3201 913 3256 in-expanso
927 3218 1032 3256 gra-

175 3269 262 3320 du;
284 3274 328 3310 et
341 3264 524 3311 tandem
535 3281 586 3309 ex
607 3265 743 3309 MSS.
763 3263 1031 3323 praesertex‘-

175 3336 296 3374 tenso
318 3332 455 3386 gradu
468 3363 480 3382 ‚
529 3329 657 3386 quod·
678 3330 997 3388 interpretatur
1013 3364 1026 3386 ,

178 3394 301 3453 quasi
323 3410 426 3438 cum
447 3394 650 3452 gradibus
668 3395 902 3439 metiretur
919 3411 1028 3452 spa—

179 3460 292 3504 tium
305 3461 398 3506 soli.
421 3461 510 3506 Sed
534 3461 780 3507 Broukhus.
804 3478 1029 3518 expensum

1107 1300 1300 1358 gradum,
1320 1297 1364 1343 id
1378 1307 1443 1344 est
1455 1296 1762 1357 compositum,
1780 1296 1971 1351 lentum,

1112 1368 1291 1425 praesert
1313 1383 1323 1411 :
1342 1375 1392 1411 ut
1411 1376 1455 1410 et
1477 1365 1547 1410 hic
1564 1400 1577 1421 ,
1609 1366 1643 1410 si
1664 1365 1762 1409 libri
1785 1363 1970 1408 addice-

1113 1441 1241 1486 rent,
1264 1432 1472 1485 mallem;
1506 1433 1607 1490 quia
1629 1447 1757 1486 mox,
1786 1434 1976 1486 ingenles

1112 1500 1275 1555 gradus
1288 1532 1301 1552 ‚
1326 1499 1498 1544 rusticae
1518 1497 1594 1541 dat
1609 1531 1620 1552 ,
1653 1513 1762 1555 quos
1782 1512 1874 1540 non
1897 1495 1979 1538 de-

1116 1573 1187 1608 cet
1206 1573 1424 1609 matronae
1445 1564 1737 1622 superciliosae
1758 1572 1802 1607 et
1819 1578 1977 1621 super·

1114 1629 1181 1674 boe
1196 1629 1301 1675 dare
1320 1642 1331 1671 ε
1351 1638 1398 1674 et
1418 1629 1523 1673 hinc
1541 1633 1707 1673 mollem
1721 1644 1824 1672 mox
1844 1642 1975 1671 versu

1117 1695 1226 1748 310,
1254 1704 1382 1739 vocat
1401 1727 1414 1749 ,
1446 1694 1565 1752 quod
1588 1694 1776 1738 extentis
1796 1691 1982 1751 pedibus

1112 1760 1182 1805 vix
1201 1760 1411 1805 convenit
1433 1772 1444 1800 ε
1473 1760 1549 1804 sed
1572 1768 1616 1803 et
1636 1764 1834 1802 extensos
1858 1758 1976 1802 reti-

1112 1842 1221 1870 nere
1250 1826 1467 1883 possimus
1486 1833 1533 1869 et
1561 1840 1653 1868 non
1685 1824 1741 1868 de
1770 1823 1975 1882 ingenti,

1114 1900 1189 1934 aut
1201 1890 1332 1935 celeri
1347 1891 1518 1935 incessu
1532 1904 1711 1947 capere,
1734 1889 1810 1934 sed
1833 1904 1974 1946 quum

1113 1956 1198 2001 alte
1219 1956 1336 2001 tollit
1352 1964 1397 2000 et
1418 1956 1535 2000 levat
1560 1955 1727 2013 pedes,
1758 1971 1843 1998 nec
1874 1953 1979 1997 ideo

1113 2030 1263 2066 tamen
1279 2030 1504 2080 properat,
1525 2021 1600 2065 sed
1619 2021 1762 2078 potius
1777 2019 1980 2069 exsultat,

1114 2096 1159 2132 et
1179 2088 1357 2132 mimice
1375 2087 1571 2141 incedit,
1588 2085 1707 2144 quod
1720 2086 1855 2130 etiam
1869 2088 1974 2128 mol-

1112 2155 1210 2197 Iiler
1238 2152 1324 2198 dici
1346 2161 1490 2211 potest
1512 2165 1522 2192 t
1551 2160 1602 2195 ut
1629 2150 1750 2209 apud
1769 2152 1977 2208 Proper-t·-

1114 2218 1202 2272 III,
1227 2218 1347 2277 Eleg.
1372 2233 1437 2273 lx,
1461 2218 1537 2262 ult.
1561 2221 1745 2261 molliter
1759 2221 1819 2259 ire
1832 2218 1979 2271 pedes.

1168 2285 1265 2327 303.
1286 2287 1374 2328 Illa
1389 2318 1399 2336 ,
1418 2286 1538 2327 velut
1552 2284 1711 2339 conjux
1731 2283 1978 2325 Umbriam-

1112 2354 1191 2393 riti
1208 2358 1290 2394 etc.
1324 2350 1378 2394 In
1402 2349 1572 2393 incessu
1594 2348 1883 2391 rusticitatem
1905 2347 1974 2390 si·-

1115 2425 1326 2475 gnaturus
1340 2450 1353 2471 ,
1389 2414 1542 2460 Umbri
1560 2416 1798 2474 conjugem
1828 2413 1974 2457 addu-

1113 2483 1195 2537 cit,
1219 2491 1265 2526 et
1286 2485 1562 2526 rubicundam
1584 2481 1780 2539 quidem.
1805 2480 1971 2524 Umbri

1112 2547 1237 2590 enim
1254 2579 1267 2601 ,
1299 2547 1376 2603 qui
1394 2546 1547 2591 Sabini
1577 2546 1713 2589 iidem
1734 2554 1779 2589 et
1804 2545 1969 2595 habri,

1112 2613 1296 2656 suerunt
1317 2612 1521 2655 omnium
1547 2611 1684 2655 Italiae
1705 2610 1975 2668 populorum

1111 2678 1353 2732 fortissimi,
1370 2687 1417 2722 et
1433 2693 1595 2721 eorum
1610 2677 1821 2734 conjuges
1832 2693 1972 2734 agres-

1113 2752 1178 2788 tes
1197 2743 1403 2787 nimium.
1429 2767 1486 2775 —
1511 2745 1665 2786 Umbri.
1676 2743 1837 2798 conjux
1858 2745 1977 2785 rubi-

1111 2811 1253 2853 cunda
1273 2813 1427 2852 mariti.
1462 2810 1639 2852 Catonis
1659 2823 1775 2850 unus
1797 2807 1974 2851 Patavi-

1112 2892 1209 2919 nus.
1226 2876 1361 2928 Put0‚
1377 2877 1543 2917 coloni:
1565 2881 1615 2916 ut
1629 2872 1745 2929 apud
1759 2872 1970 2926 Statium,

1110 2940 1224 2986 libro
1240 2942 1296 2983 V.
1318 2939 1486 2998 Sylvar.
1506 2954 1640 2981 carm.
1661 2950 1680 2979 1
1695 2970 1708 2992 ‚
1736 2954 1811 2980 122
1828 2953 1840 2981 :

1191 3033 1231 3043 ...
1256 3011 1357 3042 Velut
1368 3009 1503 3050 Appula
1515 3008 1638 3048 conjux
1650 3006 1812 3048 Agricola
1826 3007 1927 3049 parci.

1166 3073 1263 3128 304.
1276 3072 1323 3114 A
1323 3072 1509 3122 mbulat,·
1522 3073 1713 3125 ingentes
1723 3073 1869 3112 varica
1865 3069 1974 3126 serl-

1111 3154 1189 3195 que
1210 3138 1382 3192 gradus.
1417 3137 1463 3177 V
1454 3138 1575 3177 an'ca
1588 3167 1600 3184 ‚
1635 3149 1733 3190 quae
1762 3133 1970 3178 divaricat

1111 3202 1268 3260 pedes,
1290 3209 1336 3244 et
1355 3208 1514 3257 praeter
1531 3201 1693 3257 justam
1709 3215 1973 3244 mensuram

1110 3268 1195 3311 late
1205 3264 1839 3310 extendit.Divaricat-eNonius
1849 3266 1902 3308 M
1904 3282 1969 3308 ar-

1109 3331 1243 3374 cellus
1266 3330 1584 3386 interpretatur
1603 3332 1849 3372 dtlrlendere.
1869 3328 1970 3372 Ad-

1109 3395 1250 3454 posite
1267 3393 1586 3450 Quintilianus,
1602 3393 1713 3438 libro
1733 3395 1813 3450 XI,
1833 3411 1869 3438 c.
1884 3395 1933 3436 31
1956 3410 1976 3437 ι

1118 3464 1167 3507 V
1156 3465 1320 3506 an‘care
1331 3478 1458 3518 supra
1473 3463 1651 3514 modum,
1674 3467 1719 3506 et
1735 3466 1781 3505 in
1796 3461 1964 3511 stando,
