2268 3776
0 3332 10 3541 ν----ν---”

577 328 971 385 AMORUM
1029 329 1117 383 ΙΙ.
1169 328 1414 385 ELEG.
1461 331 1573 387 VI.
1898 355 1967 412 97

187 450 329 509 Ecce
349 493 364 520 ‚
396 446 704 508 coturnices
733 446 880 506 inter
906 468 1006 507 sua
1034 444 1222 530 praelia
1250 446 1443 507 vivunt
1467 470 1481 520 ;

270 543 528 605 Forsitan
557 558 612 604 et
637 541 780 604 fiunt
802 541 930 602 inde
957 542 1273 626 frequenter
1297 566 1453 604 anus».

190 638 397 702 Plenus
424 661 542 700 eras
567 638 796 699 minimo
821 661 834 698 ε
857 661 986 711 nec,
1015 661 1128 722 prae
1155 639 1427 700 sermonis
1448 661 1659 713 amore,

270 737 337 796 In
363 733 570 795 multos
595 748 819 818 poteras
845 758 941 795 ora
971 757 1160 795 vacare
1187 732 1363 794 cibos,
1921 758 1976 799 3..

189 831 317 892 Nux
343 845 459 891 erat
485 853 607 892 esca
636 830 741 891 tibi
759 876 774 903 ‚
807 854 1090 914 causaeque
1120 852 1389 914 papavera
1412 831 1593 891 somni
1618 855 1633 905 ;

273 924 632 1009 Pellebatque
663 925 812 986 sitim
837 925 1104 1010 simplicis
1133 925 1336 986 humor
1363 949 1533 1009 aquae.

190 1022 345 1082 Vivit
368 1021 505 1083 edax
531 1020 744 1094 vultur,
778 1021 1094 1105 ducensque
1123 1045 1226 1105 per
1253 1045 1377 1083 aera
1407 1046 1571 1106 gyros

274 1117 518 1190 Miluus,
551 1132 607 1180 et
630 1117 829 1202 pluviae
859 1116 1115 1197 graculus
1145 1132 1339 1179 auctor
1367 1142 1537 1202 aquae.

190 1215 343 1276 Vivit
370 1230 426 1276 et
453 1215 712 1276 armiferae
735 1215 926 1275 cornix
953 1215 1127 1275 invisa
1161 1216 1463 1291 Minervae;
1923 1245 1975 1286 31⁹·

271 1311 373 1374 Illa
401 1313 623 1396 quidem
653 1310 811 1372 seclis
842 1311 932 1371 vix
961 1312 1232 1373 moritura
1259 1337 1474 1373 novem.

195 1409 417 1471 Occidit
442 1407 533 1469 ille
564 1407 794 1491 loquax,
823 1407 1077 1468 humanae
1103 1407 1257 1468 vocis
1285 1408 1467 1487 imago
1486 1455 1502 1482 ‚

253 1591 317 1632 ²7·
330 1575 446 1618 Ecce
459 1607 469 1624 ‚
492 1576 727 1617 cortum‘ces
741 1580 820 1616 etc.
837 1572 956 1616 Velit
969 1588 1044 1616 ce-

198 1637 330 1681 leber.
345 1637 592 1681 Markland.
613 1636 703 1695 (ad
723 1637 831 1682 Stat.
853 1636 956 1680 Silv.
978 1649 1040 1691 11,

201 1719 334 1748 carm.
343 1717 408 1759 ιν,
421 1701 496 1760 35)
507 1703 722 1748 distichon
730 1702 814 1746 hoc
829 1703 925 1746 loco
943 1718 1044 1746 mo-

200 1769 321 1824 veri,
360 1769 420 1812 ita
438 1778 488 1813 ut
516 1777 722 1826 sequatur
743 1783 753 1811 ε
773 1770 1043 1824 Pellebatque

197 1839 313 1879 sitim
325 1842 404 1878 etc.
423 1833 560 1890 Quod
572 1833 606 1878 si
623 1833 714 1890 fiat,
729 1834 887 1877 arctior
902 1833 1042 1890 reipsa

196 1899 515 1943 sententiarum
562 1898 679 1942 inter
720 1914 766 1943 se
813 1899 1040 1942 connexio.

193 1965 309 2007 Ecce
323 1968 558 2014 cotumIces
578 1972 658 2007 etc.
685 1966 802 2008 Vivit
818 1966 932 2006 edax
947 1966 1044 2007 vul—

196 2033 270 2072 tur
283 2037 363 2072 etc.
381 2050 436 2060 —
459 2030 580 2071 Inter
593 2043 684 2071 sua.
707 2028 761 2071 In
782 2028 1042 2085 exemplari-

191 2092 273 2137 bus
290 2091 447 2150 legitur
463 2093 596 2137 etiam
609 2125 621 2148 ,
644 2097 753 2138 Feta
771 2109 784 2137 .·
804 2093 921 2150 quod
940 2094 1041 2151 epi-

196 2158 350 2202 theton
371 2158 488 2204 Naso
507 2158 582 2203 dat
601 2159 857 2215 frequenter
867 2160 1040 2217 praeliis,

194 2223 310 2267 utin
331 2223 533 2281 Epistolis
557 2223 810 2268 Heroidum
830 2241 841 2267 :
860 2227 1043 2281 Jamque

194 2291 348 2344 aliquit
367 2293 513 2344 posita
541 2294 749 2332 monstrat
765 2289 870 2344 fera
892 2293 1043 2345 prelia

199 2369 357 2397 mensa.
370 2354 516 2411 Atque
531 2355 629 2398 alibi
641 2355 886 2411 saepissime.
902 2356 1042 2399 Vetus

200 2428 350 2462 tamen
377 2415 504 2463 lectio
520 2452 533 2474 ,
565 2428 609 2462 et
630 2436 762 2476 quam
790 2421 927 2476 magis
955 2419 1044 2462 ad—

197 2484 360 2542 probo,
379 2492 444 2528 est
463 2485 561 2528 Sua.
581 2484 816 2528 Perdicum
831 2493 979 2527 autem
999 2493 1045 2528 et

195 2549 473 2593 coturnicum
507 2565 672 2607 pugnas
705 2549 822 2593 inter
850 2566 895 2592 se
934 2549 1043 2593 des-

196 2614 323 2658 cribit
346 2613 600 2658 Aristoteles
618 2647 631 2669 ‚
665 2616 716 2657 de
735 2614 1010 2658 Animalibus
1027 2648 1039 2665 ,

199 2691 271 2732 lx,
291 2678 330 2720 8.
357 2678 495 2723 MAlt.
508 2679 645 2722 Recte
667 2694 677 2722 ε
696 2695 801 2722 nam
809 2679 913 2735 sera
931 2682 1045 2723 bella

196 2742 340 2800 paullo
360 2751 461 2786 ante
486 2753 805 2800 praecesserant.

253 2810 319 2852 28.
350 2811 492 2852 Fiunt.
517 2810 671 2861 Haut,
712 2810 962 2873 Puteaneus
998 2819 1044 2854 et

195 2888 310 2917 unus
345 2873 511 2918 Moreti
540 2889 550 2918 ε
574 2874 622 2916 ἰιι
659 2876 881 2919 nonnullis
916 2876 1004 2920 aliis
1023 2908 1037 2932 ,

180 2939 296 2997 fient
311 2953 325 2981 .·
343 2938 537 2995 proxime
557 2955 725 2984 verum.
746 2942 914 2986 Hmss.

250 3018 317 3063 ²9·
333 3006 491 3048 Plenus
509 3021 604 3048 ems
623 3011 804 3051 minimo.
839 3008 1040 3053 Francos.

192 3070 354 3111 Partus
370 3084 466 3112 ems
475 3075 610 3126 potu‚·
645 3080 690 3116 et
714 3081 832 3117 certe
854 3089 1042 3130 sequens

194 3131 407 3176 distichon
419 3133 580 3179 indicat
589 3136 833 3193 praecedere
844 3138 1040 3182 debuisse

192 3197 338 3241 cibum
353 3207 396 3242 et
409 3207 564 3256 potum
583 3216 593 3244 :
614 3200 698 3259 legi
714 3211 872 3259 posset,
882 3219 1040 3258 parcus

192 3277 288 3305 eras
296 3268 426 3318 potus
451 3280 464 3307 .·
485 3273 534 3308 ut
555 3282 712 3320 parcus
729 3271 889 3320 somni,
913 3271 1035 3321 vin&

195 3335 241 3370 et
259 3328 425 3373 similia.
441 3329 602 3374 Bumu.

250 3391 316 3435 30.
337 3395 448 3446 Nec,
467 3411 555 3449 pra·
579 3399 783 3439 sermonis
800 3411 958 3447 amone,
987 3398 1040 3439 In

196 3461 349 3503 multos
369 3465 543 3515 potetas
572 3468 651 3506 etc.
686 3458 826 3506 Totus
854 3460 963 3506 adeo
993 3461 1039 3504 in

391 3541 481 3595 II.

1124 1572 1401 1617 sermonibus
1421 1573 1641 1619 amatoriis
1657 1607 1668 1629 ,
1703 1582 1752 1618 ut
1773 1575 1842 1619 vix
1863 1585 1980 1621 tem-

1123 1651 1204 1693 pus
1222 1645 1394 1681 vacaret
1416 1637 1592 1682 edendi.
1625 1640 1698 1683 Sic
1730 1657 1875 1698 passer
1911 1642 1980 1685 ille

1126 1699 1430 1757 Catullianus,
1460 1704 1583 1760 cujus
1613 1706 1752 1748 satum
1786 1707 1982 1749 carmina

1124 1773 1214 1809 tam
1232 1767 1369 1821 suavi,
1388 1775 1477 1810 tam
1496 1768 1662 1812 mellito
1677 1769 1890 1815 defletum
1901 1782 1981 1826 est,

1163 1835 1220 1868 Ad
1232 1837 1333 1868 solnm
1347 1837 1512 1870 dominam
1528 1850 1630 1882 utque
1644 1841 1813 1882 pipilnbal.

1171 1889 1197 1933 3
1205 1907 1238 1934 1.
1252 1893 1700 1950 Causaequepapavera
1707 1902 1855 1940 somni.
1868 1900 1980 1942 Som-

1122 1959 1205 2008 er,
1231 1956 1560 2014 Neapolitanus.
1583 1960 1696 2004 Fast.
1721 1975 1770 2004 xv
1788 1996 1800 2018 ,
1823 1966 1900 2022 547
1919 1980 1928 2007 z

1394 2034 1575 2076 Sonantque
1589 2046 1688 2078 popm
1696 2049 1750 2068 en
1765 2050 1878 2070 causat

1120 2093 1187 2125 Det
1203 2093 1263 2124 tibi
1277 2116 1288 2133 ,
1305 2105 1379 2125 enm
1393 2095 1503 2136 tepido
1523 2096 1605 2127 lacte
1620 2097 1758 2129 bibenda
1771 2110 1862 2141 puer.
1887 2102 1934 2132 H.

1180 2155 1247 2197 32.
1268 2156 1482 2211 St‘mplthlr
1498 2159 1648 2201 humor
1659 2175 1787 2215 aquoe.
1823 2161 1981 2219 Virgi—

1123 2218 1233 2262 lium
1266 2220 1464 2264 imitatur
1481 2255 1492 2276 ‚
1521 2223 1596 2279 qui
1626 2239 1719 2266 non
1754 2226 1979 2284 eleganter

1124 2285 1271 2328 minus
1285 2318 1298 2340 ,
1320 2301 1454 2342 quam
1474 2289 1670 2346 egregie,
1693 2289 1749 2333 G.
1769 2303 1843 2346 111,
1866 2295 1947 2337 528
1969 2310 1979 2336 :

1123 2354 1152 2387 F
1153 2355 1308 2386 roudibus
1328 2362 1359 2386 et
1380 2357 1472 2387 victu
1487 2364 1665 2398 pascuntur
1682 2360 1838 2401 simplicis
1854 2362 1977 2393 herboe.

1179 2415 1245 2470 34.
1279 2418 1439 2460 Pluvia
1455 2422 1655 2472 graculus
1680 2426 1833 2463 auctor
1847 2438 1978 2478 aquoe.

1124 2480 1278 2535 Augur
1290 2498 1407 2537 aquoe
1432 2483 1715 2527 scribendum
1744 2487 1943 2530 existimo
1963 2521 1976 2542 ,

1124 2561 1204 2602 pro
1217 2552 1375 2591 auctor.
1386 2549 1549 2596 Horat.
1569 2551 1641 2594 lib.
1659 2565 1733 2606 111,
1750 2551 1838 2596 Od.
1849 2568 1950 2597 xvu
1967 2573 1977 2599 :

1122 2612 1255 2667 Aque
1273 2614 1498 2669 mlo-ifallit
1516 2631 1655 2671 augur
1676 2617 1859 2660 Annosa
1881 2636 1978 2662 cor-

1120 2681 1210 2720 nix.
1242 2678 1395 2721 Posset
1414 2688 1458 2722 et
1477 2680 1589 2738 legi,
1608 2686 1806 2737 garrulus
1826 2700 1973 2740 augur,

1119 2748 1170 2783 ut
1194 2740 1248 2786 de
1268 2757 1399 2788 corvo
1420 2744 1688 2803 intelligatur
1703 2779 1715 2800 ‚
1755 2763 1851 2803 quae
1885 2749 1973 2792 avis

1121 2804 1334 2850 imbrium
1369 2825 1559 2867 praesaga
1599 2810 1796 2855 habetur.
1839 2812 1974 2858 Certe

1115 2876 1310 2936 garrulus
1322 2881 1546 2918 auctorest
1561 2876 1606 2917 in
1626 2876 1776 2920 multis
1794 2879 1975 2936 scriptis.

1122 2937 1213 2980 Pro
1234 2939 1408 2996 vulgato
1427 2948 1576 2983 tamen
1598 2945 1759 2993 auctor,
1783 2953 1886 2987 sunt
1904 2946 1976 2988 illa

1122 3003 1325 3060 Propert.
1345 3019 1411 3059 ιν,
1435 3004 1556 3061 Eleg.
1577 3018 1636 3047 111
1649 3038 1661 3059 ‚
1682 3006 1730 3048 31
1753 3023 1763 3049 ;

1121 3077 1209 3109 Tum
1222 3090 1340 3120 queror
1352 3079 1386 3110 in
1400 3086 1467 3111 toto
1480 3090 1545 3111 non
1559 3081 1662 3111 sidere
1677 3083 1774 3122 pallia
1795 3085 1878 3116 lecto
1887 3110 1899 3125 ‚

1162 3140 1259 3170 Lucis
1276 3148 1311 3170 et
1323 3147 1473 3171 auctores
1485 3151 1550 3171 non
1558 3141 1635 3172 daie
1647 3154 1775 3175 carmen
1787 3156 1877 3178 aves.
1901 3148 1951 3178 Η.

1122 3200 1213 3244 Ubi
1247 3199 1547 3245 Broukhusius
1568 3235 1580 3257 ‚
1615 3210 1769 3248 auctor
1785 3240 1796 3257 ‚
1838 3209 1972 3252 etiam

1119 3266 1308 3322 praefert,
1328 3281 1411 3309 nec
1429 3265 1548 3310 videt
1565 3284 1644 3322 cur
1659 3285 1799 3325 augur
1813 3272 1969 3316 Hein-

1118 3331 1205 3373 sius
1221 3330 1437 3373 maluerit.

1177 3396 1242 3438 35.
1267 3398 1423 3439 Comt'x
1439 3401 1577 3441 invita
1596 3399 1804 3444 M'netvae.
1843 3402 1972 3447 Cau-

1119 3476 1212 3504 sam
1233 3459 1364 3505 habes
1378 3496 1390 3515 ‚
1432 3462 1617 3508 Metam.
1638 3478 1677 3508 11
1695 3498 1708 3521 ,
1747 3470 1836 3523 547.

1691 3573 1719 3623 7
