2268 3776
342 307 444 382 196

812 309 874 361 P.
927 309 1222 366 OVIDII
1264 313 1638 372 NASOMS

330 424 443 482 Nec
472 420 651 481 valido
687 421 978 505 quisquam
1013 440 1181 486 terras
1211 428 1499 491 scindebat
1527 447 1705 492 aratro
1731 458 1744 492 :

410 519 678 597 Signabat
707 519 863 579 nullo
897 519 1069 582 limite
1096 548 1320 586 mensor
1347 526 1594 588 humum.

328 618 453 677 Non
483 615 621 676 freta
649 615 870 677 demissi
902 620 1196 680 verrebant
1224 637 1380 682 eruta
1409 624 1546 684 remi
1571 649 1586 683 ε

410 712 618 772 Ultima
644 713 863 774 mortali
897 729 1013 774 tum
1039 715 1126 775 via
1154 715 1288 777 litus
1319 733 1450 778 erat.

333 813 541 871 Contra
572 825 623 870 te
655 810 858 884 solem,
883 812 1174 872 hominum
1204 816 1440 886 Natura,
1469 815 1661 888 fuisti;
1911 863 1916 867 -
2061 842 2115 894 :25

412 911 488 967 Et
516 908 747 968 nimium
777 909 1032 970 damnis
1018 910 1308 988 ingeniosa
1338 913 1464 972 tuis.

330 1006 461 1084 Quo
494 1005 624 1075 tibi,
656 1006 868 1065 turritis
898 1006 1176 1084 incingere
1206 1008 1484 1069 moenibus
1513 1010 1725 1070 urbes?

409 1100 540 1178 Quo
574 1100 704 1172 tibi,
740 1101 1020 1163 discordes
1051 1103 1294 1163 addere
1278 1128 1337 1162 in
1361 1128 1510 1164 arma
1536 1108 1777 1166 manus?
1848 1121 1850 1126 “

327 1197 485 1277 Quid
517 1198 619 1257 tibi
645 1221 769 1258 cum
795 1197 994 1281 pelago
1017 1201 1040 1259 Ρ
1069 1214 1212 1260 terra
1241 1215 1505 1261 contenta
1528 1201 1744 1264 fuisses,

414 1300 528 1359 Cur
556 1324 669 1360 non
697 1315 751 1359 et
778 1300 968 1360 caelum
988 1348 1001 1372 ‚
1030 1302 1190 1361 tertia
1219 1326 1417 1379 regna,
1442 1304 1630 1385 petis?
2063 1326 2117 1367 5..

331 1400 460 1479 Qua
487 1400 642 1473 licet,
668 1401 906 1461 adfectas
937 1401 1129 1462 caelum
1156 1427 1375 1486 quoque
1398 1429 1410 1464 :
1437 1405 1642 1489 templa
1672 1407 1972 1486 Quidum,

407 1503 602 1576 Liber,
628 1518 684 1563 et
711 1502 962 1575 Alcides,
989 1518 1044 1564 et
1073 1504 1242 1565 modo
1276 1507 1482 1579 Caesar,
1509 1508 1733 1569 habent.

389 1684 454 1736 4ι.
491 1684 641 1724 Terras
667 1684 889 1724 scindebat
908 1687 1061 1725 aratro.
1084 1684 1191 1725 Fz‘n-

331 1749 462 1789 debat
481 1745 658 1802 quidam
681 1745 874 1789 codices:
895 1752 1026 1789 terras
1042 1750 1190 1802 aperi-

332 1816 418 1862 bat,
436 1821 634 1869 excerpta
649 1813 678 1854 J
683 1813 808 1864 ureti3
824 1822 1021 1857 venuste:
1040 1817 1191 1856 Terras

317 1880 522 1935 findebat
528 1887 725 1934 excerpta
739 1877 956 1921 Politiani.
969 1878 1192 1922 Palatinus

332 1942 502 1998 primus
523 1949 566 1984 et
588 1941 850 1985 Vaticanus:

331 2020 402 2051 Nec
418 2026 536 2050 terram
551 2020 662 2051 valido
677 2020 783 2051 cultor
797 2019 972 2051 scindebat
984 2027 1101 2051 aratro.

337 2080 405 2124 Ut
429 2084 566 2126 cultor
582 2072 662 2137 pro
685 2090 853 2124 aratore
875 2089 1077 2137 ponatur.
1107 2080 1189 2138 Ep.

336 2161 405 2190 ΧΠ
423 2179 434 2201 ,
464 2148 526 2189 18.
548 2147 716 2190 Hiems.

387 2214 452 2267 42.
464 2212 821 2256 Mensorbumum.
833 2210 906 2254 Sic
918 2211 1030 2254 Met.
1042 2226 1075 2266 1,
1094 2211 1190 2254 136:

330 2291 455 2323 Cautus
469 2290 608 2321 humum
621 2291 717 2330 longo
731 2290 873 2331 signavit
890 2290 995 2321 limite
1008 2301 1137 2321 mensor
1147 2305 1160 2330 ‚-

342 2351 420 2395 ubi
441 2351 536 2409 pari
559 2350 694 2394 modo
717 2351 765 2393 in
788 2349 1047 2407 quibusdam
1075 2351 1194 2395 libris

335 2426 552 2472 peccatur,
565 2416 778 2460 Horatius
789 2416 860 2460 lib.
871 2431 904 2471 1,
919 2415 1007 2459 Od.
1020 2430 1192 2460 xxvln:

335 2485 400 2525 Et
414 2486 543 2525 maris
561 2488 605 2524 et
620 2488 733 2524 terrae
749 2497 990 2538 numeroque
1014 2487 1195 2525 carentis

334 2563 472 2588 arenoe
501 2548 735 2589 Mem-orem
776 2556 901 2590 vocat
937 2546 1192 2605 Archytam.

340 2611 461 2654 Hinc
481 2616 769 2665 agrz'mensura
783 2645 793 2662 ‚
819 2620 862 2654 et
875 2608 1195 2666 agn'nzenssrores.

396 2675 463 2729 43.
493 2677 589 2719 Non
592 2675 725 2731 stela.
744 2675 881 2718 Recte
903 2676 951 2718 in
970 2676 1193 2719 nonnullis

335 2739 497 2796 legitur
512 2772 524 2793 ,
546 2756 634 2782 nec.
659 2740 789 2782 ΜΔΕ.
810 2762 866 2772 —
885 2741 1193 2782 Demissiver-

332 2807 484 2847 rebant
505 2810 624 2847 eruta
650 2809 762 2846 remi.
788 2805 983 2846 Demisst'
1001 2805 1061 2846 illi
1088 2808 1199 2846 remi

340 2879 522 2925 possunt
556 2868 740 2926 intelligi
761 2885 811 2910 ex
833 2868 933 2910 navi
967 2869 1014 2911 in
1045 2885 1191 2911 mare·
1182 2902 1192 2922 ,

346 2934 419 2978 sed
446 2943 593 2977 tamen
615 2934 725 2976 sorte
747 2933 985 2991 scripserit:

338 3003 417 3034 Non
431 3002 513 3033 freta
531 3003 664 3033 demissi
682 3002 852 3033 verrebant
865 3009 956 3033 eruta
979 3003 1068 3034 rami
1077 3017 1087 3033 .-

340 3072 391 3106 ut
424 3063 477 3105 ad
508 3063 694 3120 primam
713 3072 757 3106 et
777 3063 918 3106 adhuc
937 3062 1094 3106 rudem
1114 3079 1196 3106 na·-

341 3127 517 3184 vigandi
554 3127 771 3183 originem
814 3127 990 3170 adludat
1011 3160 1024 3181 ,
1058 3143 1195 3183 quum

340 3206 486 3235 ramos
508 3191 724 3236 deformes
748 3202 790 3235 et
809 3192 1087 3235 infabricatos
1109 3192 1194 3234 ad·-

341 3255 560 3299 biberent.
585 3257 737 3314 Virgit.
759 3271 807 3299 1v
822 3290 834 3311 ,
858 3256 1035 3300 AEneid.
1053 3258 1156 3315 399:

341 3332 608 3373 Frondemesque
625 3332 734 3362 serunt
746 3344 875 3372 ramos,
891 3339 924 3362 et
935 3331 1050 3363 robora
1064 3332 1155 3362 silvis

339 3391 560 3432 lumbricata,
588 3393 671 3433 sugae
702 3394 822 3425 studio.

343 3451 409 3496 Ut
424 3453 481 3504 ibi
495 3454 646 3511 optimi
661 3454 842 3510 codices,
854 3472 945 3501 non
959 3460 1079 3500 remi:
1089 3471 1196 3504 nam

1267 1690 1381 1729 rami
1396 1686 1451 1729 ad
1482 1704 1709 1732 remorum
1737 1705 1865 1742 usus;
1888 1695 2037 1734 robora
2063 1693 2117 1735 ad

1267 1750 1403 1794 malos
1423 1761 1468 1795 et
1488 1753 1591 1797 alios
1602 1770 1703 1797 usus
1724 1754 1925 1799 adhibita.
1948 1757 2117 1800 Eadem

1267 1816 1450 1860 varietas
1472 1826 1536 1861 est
1557 1818 1672 1876 apud
1690 1820 1925 1875 Nostrum,
1947 1821 2019 1865 lib.
2034 1836 2116 1875 111,

1269 1879 1452 1923 IVIetam.
1473 1882 1579 1925 662:

1266 1954 1320 1984 Illi
1338 1954 1534 1984 admirante

1269 2015 1345 2058 ubi
1372 2032 1575 2058 ramorum
1602 2015 1779 2072 quidam
1811 2017 2013 2061 codices.
2041 2018 2114 2062 sed

1268 2079 1328 2122 ibi
1356 2079 1465 2122 nihil
1493 2080 1758 2124 mutandum
1787 2091 1906 2138 puto.
1932 2085 2124 2126 Demissi

1270 2162 1374 2189 vero
1391 2147 1502 2189 rami
1516 2157 1692 2204 possunt
1714 2149 1807 2205 capi
1829 2148 2008 2205 dejecti,
2025 2166 2120 2193 am·-

1271 2213 1410 2270 putati
1431 2229 1483 2256 ex
1505 2214 1742 2263 arboribus.
1765 2215 1929 2258 Buam.

1325 2280 1391 2333 45.
1413 2279 1549 2321 solers
1566 2282 1776 2323 hominum
1791 2286 1954 2324 natura.
1968 2282 2119 2335 Forte,

1272 2343 1410 2386 Solers
1430 2347 1614 2387 nimium.

1327 2409 1392 2465 47.
1429 2410 1546 2462 Quid
1561 2412 1644 2453 tibi
1657 2415 1829 2454 turrilllc.
1856 2411 2007 2454 Scribe
2029 2419 2120 2454 tam

1271 2471 1342 2515 hie
1357 2505 1368 2526 ,
1392 2489 1523 2529 quam
1542 2476 1742 2532 sequenti
1761 2492 1909 2530 versu,
1939 2493 2041 2533 quo,
2069 2493 2121 2519 ex

1274 2539 1529 2599 auctoritate
1546 2540 1818 2597 optimorum
1831 2541 2044 2584 codicum.
2059 2542 2120 2584 H.

1329 2606 1396 2647 50.
1415 2606 1585 2647 Curnon
1597 2609 1790 2649 etcoelum
1854 2611 1967 2662 pelis
1982 2610 2002 2642 Ρ
2023 2607 2119 2650 Pe-

1274 2668 1439 2712 tierunt
1458 2678 1502 2712 et
1520 2678 1693 2726 postea;
1714 2687 1905 2727 namque
1920 2703 1933 2726 ‚

1291 2782 1294 2784 q
1529 2766 1568 2775 ...
1590 2745 1651 2776 Nil
1668 2747 1860 2777 mortalibus
1873 2747 2011 2777 arduum
2026 2759 2035 2778 ε

1273 2805 1394 2836 Caelum
1404 2805 1413 2834 i
1417 2816 1512 2846 psum
1512 2805 1659 2847 petimus
1667 2807 1819 2838 stultitia.
1834 2808 1949 2848 (Hon.
1961 2809 2058 2848 1‚0d.
2068 2810 2119 2850 5.)

1273 2889 1329 2898 —-
1355 2869 1496 2909 Tertia
1523 2883 1651 2922 regna
1671 2873 1797 2923 pelis.
1835 2871 1976 2912 Tertia
2009 2872 2121 2912 dona

1262 2931 1386 2987 sacis
1399 2933 1667 2975 Puteaneus:
1674 2933 1927 2989 regnasaczlr
1937 2944 2121 2991 excerpt.

1277 2997 1496 3055 Scaligeri.
1522 2998 1660 3041 IDEM.

1561 1965 1635 1986 emo
1638 1955 1836 1987 rierumnv
1822 1955 1911 1987 ribee
1895 1967 2001 1997 erspe
1987 1963 2094 1988 snztnt

1331 3066 1397 3105 52.
1427 3065 1555 3106 L1ber
1569 3070 1611 3106 et
1626 3065 1813 3108 Alcides.
1831 3066 1934 3108 Non
1957 3065 2120 3109 damno

1275 3128 1388 3172 hanc
1416 3130 1678 3181 lectionem;
1701 3146 1837 3186 quum
1864 3141 2011 3174 tamen
2032 3148 2120 3188 op—

1276 3195 1407 3238 timus
1428 3195 1649 3239 Palatinus
1662 3228 1674 3249 ,
1717 3198 1885 3245 Vt'n‘bus
1914 3197 2094 3240 Alcides
2108 3231 2118 3247 ,

1276 3262 1388 3304 forte
1408 3260 1687 3303 scribendum
1700 3293 1712 3314 ,
1735 3263 1921 3310 Virbius,
1933 3263 2122 3305 Alcides.

1277 3326 1472 3369 Bacchus
1503 3327 1627 3370 enim
1663 3327 1780 3370 inter
1812 3326 2123 3375 vetustissimos

1276 3389 1397 3432 Deos
1412 3422 1424 3443 ‚
1448 3390 1517 3432 cui
1546 3389 1655 3432 nihil
1681 3406 1782 3433 cum
1802 3389 1868 3432 his
1895 3388 2120 3431 recentio-

1277 3455 1395 3500 ribus
1405 3471 1413 3500 :
1423 3453 1472 3499 hi
1486 3463 1633 3502 autem
1647 3453 1876 3508 Romulus,
1890 3452 2116 3505 Hercules,
