2268 3776
548 270 810 327 ARTIS
859 269 1334 325 AMATORIAE
1382 271 1546 326 LIB.
1598 273 1645 326 Ι.

1867 271 1966 340 241

209 386 270 447 Si
300 411 409 471 qua
435 401 768 471 repugnarat
795 386 1053 459 nimium,
1086 387 1451 472 comitemque
1479 403 1739 469 negarat3

291 483 576 547 Sublatam
607 483 811 568 cupido
841 484 925 544 vir
954 482 1086 544 tulit
1109 484 1230 568 ipse
1259 486 1400 547 sinu.

208 582 393 665 Atque
422 582 499 643 ita
518 605 539 666 1ε
574 580 709 665 quid
732 595 948 642 teneros
975 580 1213 643 lacrimis
1237 585 1548 667 corrumpis
1577 585 1820 651 ocellos?

290 678 462 759 Quod
490 678 651 739 matri
679 692 836 762 pater
861 693 971 752 est,
1003 679 1113 739 hoc
1140 678 1273 753 tibi,
1299 678 1469 753 dixit,
1499 705 1611 742 ero.
1908 705 1983 749 130

209 773 447 837 Romule
465 821 480 848 ‚
511 772 785 837 militibus
814 774 966 835 scisti
997 774 1122 836 dare
1151 775 1441 836 commoda
1470 776 1639 839 solus.

289 871 421 932 Haec
447 870 584 931 mihi
611 871 658 931 si
683 871 899 932 dederis
929 869 1245 954 commoda,
1273 869 1430 932 miles
1459 897 1570 934 ero.

210 967 431 1030 Scilicet
455 991 521 1029 ex
551 967 648 1029 illo
679 966 946 1029 solemnia
968 991 1120 1028 more
1152 967 1362 1028 theatra

288 1067 452 1127 Nunc
481 1090 704 1149 quoque
733 1063 991 1126 formosis
1020 1063 1289 1125 insidiosa
1313 1081 1551 1127 manent.

209 1201 336 1262 NEC
366 1214 419 1260 te
445 1197 722 1260 nobilium
752 1197 930 1275 fugiat
954 1210 1225 1259 certamen
1255 1222 1558 1282 equorum:
1913 1229 1988 1272 135

290 1294 475 1357 Multa
500 1318 668 1378 capax
695 1292 895 1377 populi
925 1294 1212 1355 commoda
1243 1295 1436 1357 Circus
1463 1297 1648 1359 habet.

212 1385 307 1455 Nil
336 1416 480 1477 opus
510 1407 594 1452 est
618 1391 837 1469 digitis,
866 1414 966 1474 per
992 1415 1135 1475 quos
1162 1415 1356 1453 arcana
1376 1393 1623 1478 loquaris
1647 1423 1660 1458 :

293 1491 407 1551 Nec
431 1488 536 1549 tibi
563 1511 663 1572 per
690 1501 862 1548 nutus
890 1487 1206 1571 accipienda
1233 1504 1367 1551 nota
1399 1505 1498 1550 est.

214 1592 509 1658 Proximus
539 1615 570 1651 a
600 1590 849 1664 domina,
878 1588 1035 1651 nullo
1065 1590 1425 1674 prohibente,
1459 1592 1647 1654 sedeto
1674 1619 1688 1654 ε

273 1795 362 1836 ¹²7·
389 1778 443 1821 Si
466 1793 549 1834 qua
578 1778 834 1832 repugnabat
858 1778 1030 1818 nimium
1048 1805 1061 1830 ,

213 1848 478 1900 comitemque
505 1845 695 1898 negabat.
726 1843 998 1897 Repugnat-at
1018 1848 1064 1884 et

215 1913 393 1965 negarat
406 1941 416 1959 ,
460 1906 653 1950 melioris
685 1914 802 1949 uotae
827 1905 951 1957 libri;
986 1903 1063 1948 sed

214 1979 404 2020 comitem
436 1978 621 2033 negarat·
641 1986 734 2015 non
762 1970 925 2027 placet,
952 1978 1001 2013 ut
1019 1986 1066 2014 se

214 2038 574 2098 subintelligatur.
603 2037 827 2083 Nimirum
849 2036 950 2081 huic
968 2036 1064 2081 loco

216 2105 394 2161 accidit,
416 2103 534 2165 quod
554 2103 645 2149 aliis
666 2103 838 2158 multis,
863 2111 912 2146 ut
927 2119 1064 2160 repe*-

215 2173 312 2218 titio
321 2170 521 2230 ejusdem
528 2170 644 2215 vocis
655 2169 851 2227 neglecta
865 2186 888 2212 a
901 2168 1065 2226 supinis

217 2237 404 2283 librariis
412 2251 588 2281 causam
597 2235 737 2280 errori
746 2233 928 2278 dederit.
938 2234 1067 2291 Lege:

214 2307 248 2339 Si
259 2318 325 2350 qu·
336 2310 528 2347 repugnant
537 2304 691 2343 nimium,
704 2304 909 2344 nimiumque
923 2310 1065 2343 negarat.

278 2367 368 2412 128.
395 2369 492 2423 Ipse
509 2369 618 2409 sinu.
640 2352 848 2409 Heinsius
865 2363 1069 2420 conjece-

217 2441 286 2478 rat
303 2467 316 2489 ,
338 2435 447 2476 inde.

277 2516 294 2541 1
302 2514 368 2557 ²9·
396 2497 514 2551 Quid
519 2500 681 2539 teneros
692 2497 878 2538 lacmmzr
890 2509 1069 2538 corrum-

211 2569 285 2619 pis
301 2563 494 2607 ocellos?
515 2559 688 2615 Livius,
709 2559 790 2603 loc.
808 2558 922 2602 citat.
948 2557 1070 2601 «Ac-

220 2627 434 2673 cedebant
451 2624 674 2669 blanditia>
694 2625 888 2668 virorum
906 2625 1070 2668 sactum

219 2692 505 2753 purgantium
517 2689 750 2748 cupiditate
762 2699 890 2747 atque
901 2706 1068 2743 amore;

224 2775 322 2816 quae
339 2756 528 2804 maxime
544 2756 598 2800 ad
612 2756 825 2800 muliebre
840 2755 1070 2812 ingenium

222 2822 418 2867 efficaces
456 2837 605 2879 preces
637 2830 754 2866 sunt.
773 2839 795 2860 »ι
844 2819 1070 2864 Caeterum

224 2903 358 2946 quam
375 2895 474 2945 apte
491 2895 703 2944 congruat
727 2889 957 2943 epis-odium
987 2886 1071 2931 hoc

225 2969 328 2999 cum
346 2969 395 2996 re
418 2953 662 3010 proposita,
689 2968 825 2997 nemo
845 2968 949 2996 sane
976 2947 1070 2996 non

226 3026 400 3077 aspectu
420 3017 563 3075 primo
582 3018 804 3063 intellexit.

284 3101 301 3126 1
307 3084 332 3126 3
341 3100 357 3126 1
363 3114 374 3125 .
383 3084 502 3125 Dare
511 3085 738 3126 commoda.
754 3084 932 3126 Munera
943 3083 1070 3126 multi

228 3148 362 3193 etiam
383 3164 434 3190 ex
453 3147 627 3203 optimis
647 3163 657 3191 ς
676 3146 766 3201 alii,
775 3152 979 3202 pra-mia,-
995 3147 1072 3190 sed

224 3215 385 3257 frustra
402 3230 411 3256 ε
433 3212 607 3269 proprie
628 3211 673 3255 in
696 3227 744 3254 re
765 3211 940 3254 militari
960 3227 1072 3254 com-

226 3281 351 3322 moda
363 3311 374 3329 ‚
398 3293 494 3333 quae
514 3293 642 3334 supra
661 3276 927 3333 stipendium
945 3275 1072 3319 mili—

227 3344 342 3387 tibus
355 3342 547 3387 emeritis
562 3341 890 3399 adjiciebantur,
900 3350 948 3385 ut
960 3356 1071 3398 saepe

230 3408 467 3452 Suetonius
481 3440 493 3462 ,
515 3416 560 3452 et
580 3407 663 3450 alii.
683 3407 844 3451 BURM.

382 3492 476 3545 II.

1206 1774 1294 1818 135.
1323 1776 1413 1818 Nec
1429 1781 1471 1819 le
1485 1779 1683 1821 nobamm
1702 1786 1784 1824 etc.
1805 1779 1845 1824 Α
1867 1781 1992 1827 thea-

1144 1838 1236 1893 tris,
1252 1838 1306 1882 ad
1321 1838 1503 1884 Circum
1519 1841 1710 1887 tironem
1729 1844 1929 1902 deducit,
1947 1858 1992 1893 et

1146 1903 1274 1948 docet
1287 1920 1371 1961 qua
1389 1914 1481 1949 arte
1501 1908 1717 1952 utendum
1730 1910 1856 1956 illisit
1868 1929 1993 1956 com-

1146 1968 1357 2014 moditate
1378 1970 1459 2014 loci
1478 1987 1488 2014 z
1505 1972 1579 2016 sed
1596 1973 1704 2017 nihil
1719 1974 1787 2019 hic
1802 1979 1996 2035 precipit

1146 2034 1353 2092 magister
1367 2036 1543 2091 amoris,
1556 2038 1673 2095 quod
1687 2056 1776 2084 non
1792 2042 1881 2098 jam
1896 2044 1997 2087 edo-

1146 2101 1302 2155 cuerit,
1324 2101 1474 2145 Amor.
1489 2116 1561 2158 ιιι,
1579 2104 1699 2162 Eleg.
1719 2120 1771 2159 11,
1794 2107 1844 2150 ad
1862 2125 1995 2164 quam

1146 2165 1356 2209 lectorem
1380 2168 1504 2212 nobis
1530 2168 1655 2213 liceat
1683 2172 1907 2217 remittere
1926 2207 1938 2229 ,
1960 2176 1996 2219 si

1149 2230 1253 2286 quid
1275 2231 1397 2274 illum
1418 2232 1656 2277 detinuerit
1675 2235 1721 2278 in
1739 2236 1928 2295 legendo
1944 2240 1999 2283 ir·

1147 2294 1342 2339 retitum.

1210 2360 1298 2403 138.
1326 2363 1412 2405 Per
1435 2367 1574 2406 nutus.
1606 2366 1691 2407 Per
1716 2369 1855 2409 nictus
1885 2383 2001 2415 unus

1150 2425 1400 2469 Vaticanus.

1209 2490 1300 2550 139.
1328 2493 1553 2535 Pro-timus
1568 2509 1598 2536 a
1617 2496 1800 2539 domina.
1818 2498 1900 2541 Ad
1911 2501 1999 2542 do-

1150 2559 1306 2603 minam
1316 2556 1445 2600 multi
1456 2574 1506 2601 ex
1517 2558 1737 2616 scriptis.F
1737 2570 1849 2617 orte,
1857 2565 2001 2606 Proti-

1151 2637 1244 2664 mus
1251 2628 1302 2666 at
1308 2625 1516 2667 dominam
1526 2641 1539 2668 .·
1549 2634 1598 2669 ut
1607 2626 1722 2683 apud
1736 2625 2001 2673 Ciceronem

1150 2687 1222 2731 lib.
1237 2701 1255 2730 1
1273 2720 1284 2742 ,
1300 2688 1436 2745 Epist.
1452 2703 1500 2732 lx
1517 2723 1529 2745 ,
1548 2691 1602 2734 ad
1619 2693 1815 2736 Atticum
1826 2711 1840 2739 .·
1852 2697 2003 2740 Proxi-

1150 2770 1243 2798 mus
1252 2757 1491 2811 Pompeium
1500 2759 1706 2800 sedebam.
1719 2759 1764 2801 H
1769 2772 1814 2801 ει
1819 2773 1886 2803 ns.
1896 2761 2000 2805 Non

1151 2819 1346 2878 displicet
1378 2822 1551 2865 Heinsii
1577 2825 1842 2880 conjectura.
1865 2827 2000 2884 Apud

1151 2884 1238 2928 Jul.
1263 2884 1424 2942 Obseq.
1441 2902 1628 2943 quoque,
1642 2904 1732 2944 cap.
1756 2902 1889 2944 CXIX,
1913 2883 2003 2936 rec·

1151 2950 1235 2995 tius
1267 2951 1425 3008 legitur
1451 2968 1461 2995 :
1482 2956 1672 3006 proxime
1700 2954 1939 3009 Pompeium
1956 2961 2004 3000 in

1152 3021 1305 3059 castris
1321 3019 1487 3059 sedenti
1509 3020 1715 3072 acasffiter
1738 3035 1862 3074 super
1877 3030 2007 3077 caput

1151 3086 1345 3124 accessit.
1375 3081 1422 3123 A
1441 3083 1611 3124 domina
1645 3091 1793 3126 autem
1823 3084 2005 3132 deberet

1153 3146 1246 3202 capi
1266 3161 1345 3202 pro
1358 3150 1459 3200 post
1475 3147 1707 3198 dominam,
1726 3149 1844 3205 quod
1859 3154 2001 3198 menti

1151 3212 1290 3254 nostri
1301 3226 1381 3266 poe
1387 3219 1440 3254 tae
1449 3225 1540 3253 non
1553 3218 1644 3254 tam
1657 3221 1754 3269 apte
1765 3217 2002 3261 convenire

1152 3278 1325 3321 videtur
1338 3310 1349 3331 ,
1374 3277 1473 3333 quia
1495 3277 1606 3323 latus
1633 3279 1727 3323 vult
1757 3297 1847 3325 esse
1875 3283 2001 3327 lateri

1150 3343 1355 3398 junctum
1370 3359 1381 3395 ;
1399 3351 1444 3385 et
1465 3356 1568 3386 mox
1580 3377 1592 3398 ,
1604 3351 1708 3399 post
1723 3362 1799 3388 vos
1815 3353 1999 3403 quicum-

1153 3424 1229 3463 que
1249 3411 1434 3452 sedebit.-
1453 3425 1482 3450 a
1499 3424 1604 3454 vero
1614 3415 1721 3465 pos!
1735 3420 1873 3457 notat.
1891 3414 1946 3459 R

1710 3496 1775 3553 16
