2268 3776
251 335 359 408 390

716 333 782 385 P.
834 332 1124 387 OVIDII
1174 332 1549 389 NASONIS

245 452 333 510 Tu
365 472 588 532 quoque
609 495 623 521 ,
651 448 739 507 cui
765 448 920 526 rugis
950 463 1169 509 uterum
1196 450 1407 509 Lucina
1436 441 1685 522 notavit,
1948 471 2033 526 785

329 548 409 606 Ut
439 544 581 605 celer
604 545 805 606 aversis
834 560 987 607 utere
1015 545 1257 606 Parthus
1287 547 1461 629 equis.

248 641 408 703 Mille
432 640 582 700 modi
612 642 843 703 Veneris
870 667 882 701 ε
908 641 1141 726 simplex
1170 642 1497 725 minimique
1526 642 1739 704 laboris
1759 690 1774 716 ‚

333 739 523 818 Quum
550 739 690 820 jacet
719 739 778 798 in
810 739 1063 800 dextrum
1093 739 1433 820 semisupina
1458 738 1621 800 latus,

251 835 360 896 Sed
388 859 567 918 neque
593 834 825 897 Phoebei
856 836 1128 919 tripodes,
1156 860 1256 895 nec
1285 836 1542 915 corniger
1568 837 1813 897 Ammon
1831 885 1847 910 ‚

330 934 474 992 Vera
501 932 675 1010 magis
701 933 889 1006 vobis,
918 958 1082 1016 quam
1111 957 1231 994 mea
1260 936 1455 1006 Musa,
1483 949 1697 995 canent.

1955 966 2036 1008 790

250 1031 310 1090 Si
342 1055 449 1114 qua
477 1030 613 1090 fides
647 1031 777 1103 arti,
812 1055 977 1113 quam
1003 1030 1177 1108 longo
1205 1030 1438 1090 fecimus
1468 1054 1576 1090 usu
1595 1077 1610 1103 ‚

334 1128 554 1188 Credite
580 1153 591 1187 :
621 1129 968 1211 praestabunt
997 1127 1238 1188 carmina
1266 1143 1460 1188 nostra
1487 1127 1669 1188 fidem.

250 1225 462 1285 Sentiat
486 1248 549 1284 ex
578 1224 702 1284 imis
733 1226 1004 1285 Venerem
1033 1223 1280 1285 resoluta
1309 1223 1569 1284 medullis

331 1322 580 1394 Femina,
606 1337 661 1382 et
684 1346 747 1382 ex
780 1346 938 1404 aequo
970 1346 1058 1382 res
1082 1322 1236 1403 juvet
1264 1320 1360 1381 illa
1392 1320 1557 1380 duos·

251 1421 366 1479 Nec
394 1418 612 1479 blandae
640 1443 834 1490 voceS,
860 1418 1214 1501 jucundaque
1244 1439 1529 1476 murmura
1558 1429 1775 1476 cessent
1799 1439 1813 1486 ;

1962 1448 1983 1490 x]

1989 1447 2016 1488 Ὀ

2021 1434 2043 1476 (ιἸ

332 1521 450 1578 Nec
480 1531 693 1576 taceant
720 1516 916 1577 mediis
945 1515 1203 1599 improba
1231 1514 1400 1575 verba
1424 1513 1584 1595 jocis.

253 1618 340 1676 Tu
371 1639 620 1698 quoque,
649 1614 738 1674 cui
767 1615 1001 1675 Veneris
1033 1637 1257 1675 sensum
1283 1626 1484 1672 natura
1509 1610 1760 1691 negavit,

336 1713 536 1773 Dulcia
562 1712 811 1772 mendaci
843 1712 1044 1791 gaudia
1072 1711 1218 1789 finge
1250 1733 1411 1770 sono,

254 1809 481 1881 Infelix,
509 1810 598 1869 cui
628 1825 809 1892 torpet
835 1810 1007 1870 hebes
1035 1809 1193 1870 locus
1224 1807 1316 1868 ille
1333 1854 1348 1880 ‚
1372 1804 1562 1891 puella
1591 1829 1680 1877 es,

337 1909 471 1986 Quo
502 1906 709 1989 pariter
738 1906 945 1966 debent
974 1906 1178 1977 femina
1206 1906 1399 1988 virque
1422 1904 1560 1964 frui!

1965 1919 2046 1960 800

256 2005 498 2063 Tantum
516 2051 530 2075 ,
563 2028 736 2086 quum
764 2003 969 2082 fingeS,
997 2027 1068 2064 ne
1096 2003 1173 2062 sis
1203 2001 1496 2062 manifesta
1526 2013 1715 2060 caveto
1744 2023 1755 2057 :

335 2101 506 2161 Effice
537 2126 638 2184 per
664 2116 881 2161 motum
907 2100 1228 2183 luminaque
1259 2100 1382 2182 ipsa
1408 2098 1592 2158 fidem.

256 2199 429 2279 Quod
451 2199 631 2280 juvet,
659 2213 714 2259 et
744 2221 905 2258 voces
937 2212 992 2258 et
1021 2196 1299 2258 anhelitus
1330 2210 1526 2276 arguat
1558 2196 1688 2255 oris.

335 2297 428 2357 Ah
458 2296 631 2379 pudet
653 2297 666 2355 ἴ
699 2319 925 2356 arcanas
952 2319 1080 2378 pars
1106 2295 1280 2355 habet
1307 2295 1414 2355 ista
1435 2309 1617 2354 notas.

261 2394 474 2455 Gaudia
502 2408 634 2477 post
655 2394 890 2453 Veneris
922 2417 1044 2476 quae
1072 2408 1268 2476 poscet
1297 2416 1501 2454 munus
1530 2406 1830 2460 amantem,

314 2565 406 2624 787.
419 2566 543 2606 Mille
559 2567 678 2606 modi
700 2566 884 2607 Veneris.
896 2566 1009 2616 Joci,
1030 2564 1116 2607 Re-

259 2631 376 2689 gius,
406 2630 612 2687 Scaligeri
647 2639 847 2686 excerpta
867 2663 878 2684 ,
901 2647 1006 2674 cum
1027 2631 1117 2673 aliis

258 2696 512 2746 nonnullis3
541 2694 617 2737 sed
639 2694 701 2736 nil
725 2695 1004 2738 mutandum.

319 2762 410 2821 789,
436 2762 575 2816 Neque
590 2762 771 2802 Pha-bei.
793 2762 980 2802 Phaebeae
996 2761 1119 2803 Ber-

263 2843 386 2870 nens.
397 2843 523 2882 neque
532 2828 696 2875 Phoebe‚
711 2830 785 2876 lui,
803 2826 967 2882 Regius
979 2835 1024 2869 et
1040 2828 1119 2870 Pa-

262 2894 382 2937 latin.
405 2909 532 2949 neque
545 2893 644 2947 jam
664 2894 815 2934 Phaebi
827 2908 942 2935 unus
963 2892 1118 2935 Heins.

320 2960 409 3018 794.
433 2958 656 3013 Besjuvel
666 2961 752 2999 isla
768 2960 884 3000 duos.
903 2960 990 3000 Illa
1011 2973 1119 3000 me-

262 3024 392 3067 liores
419 3039 429 3065 :
457 3022 637 3079 quidam
658 3055 670 3077 ‚
706 3037 817 3073 una,
841 3038 943 3065 cum
973 3021 1120 3066 Jureti

265 3091 473 3147 excerptis
487 3123 498 3144 ,
525 3098 569 3132 et
591 3089 737 3132 codice
763 3088 1037 3132 Sarraviano.
1058 3089 1120 3131 H.

271 3158 368 3197 Una
393 3157 526 3197 etiam
550 3156 750 3198 Francos.
779 3163 824 3198 et
854 3154 1005 3197 Editio
1029 3169 1119 3197 una

268 3221 458 3262 Veneta.

324 3288 414 3344 798.
445 3287 659 3328 Mandaei.
698 3286 880 3329 Mentem
910 3285 1047 3329 Palat.
1073 3293 1118 3328 et

268 3351 472 3393 Mentelii
496 3367 624 3394 unus.

324 3433 415 3475 799.
435 3419 536 3470 Ille,
550 3420 706 3472 puella.
726 3419 903 3468 Pallet,
927 3416 1121 3473 Regius:

265 3496 337 3523 sex
361 3480 431 3522 alii
450 3497 553 3524 cum
573 3481 715 3538 prima
733 3481 926 3526 editione
942 3513 954 3535 ,
969 3483 1119 3537 puella

1968 2409 2051 2450 805

1198 2572 1267 2609 est
1277 2580 1292 2618 ‚·
1314 2565 1388 2609 sed
1406 2566 1520 2608 hene
1536 2563 1788 2608 Sarravian.
1803 2596 1814 2618 ‚
1831 2565 1977 2619 puella
1991 2578 2050 2605 es.

1255 2633 1350 2675 801.
1388 2634 1570 2674 Tantum
1596 2647 1719 2686 quum
1733 2632 1889 2686 finges.
1918 2632 2052 2684 Quum

1198 2700 1379 2740 simulas
1397 2698 1428 2740 J
1431 2697 1544 2740 ureti
1556 2704 1769 2751 excerpta.
1790 2695 1907 2750 Lege
1920 2726 1932 2748 ‚
1954 2696 2053 2736 dum

1198 2765 1389 2804 simulas.
1422 2759 1638 2804 Nonnulli
1674 2775 1726 2801 ex
1764 2757 2018 2801 melioribus
2039 2791 2050 2812 ,

1200 2831 1316 2872 Dum
1355 2831 1528 2870 nimium
1557 2829 1748 2869 simulas.
1778 2825 1883 2868 Duo
1899 2857 1911 2879 ‚
1952 2825 2056 2867 Tute

1199 2909 1321 2949 quum
1336 2894 1526 2935 simulas.
1547 2892 1682 2935 Forte
1701 2923 1713 2947 ,
1735 2891 1803 2933 At
1818 2896 1864 2933 lu
1884 2892 1981 2932 dum
1997 2894 2058 2933 si-

1200 2959 1349 2999 mulas.
1380 2957 1550 3000 HEINS.

1256 3021 1350 3064 803.
1378 3023 1504 3075 Quod
1497 3021 1640 3076 juvat.
1650 3022 1780 3064 Juoet
1786 3018 1978 3076 quidam.
1989 3018 2056 3060 ΙΙ).

1256 3086 1349 3140 804.
1370 3087 1445 3128 Ab
1460 3102 1468 3129 ,¹
1484 3088 1620 3141 pudet
1633 3094 1713 3129 etc.
1734 3085 1789 3129 In
1809 3093 1900 3127 uno
1916 3083 2056 3140 Regio

1202 3160 1247 3195 et
1267 3152 1485 3195 Bernensi
1503 3185 1515 3207 ,
1539 3160 1634 3195 erat
1655 3161 1693 3194 ;ἃ

1242 3222 1286 3252 Et
1300 3222 1388 3253 coior
1395 3245 1408 3260 ‚
1422 3229 1455 3252 et
1471 3228 1603 3252 centum
1618 3231 1692 3262 pars
1708 3219 1805 3250 habet
1817 3219 1874 3250 illa
1890 3225 1995 3250 notas.

1256 3284 1351 3327 805.
1376 3286 1547 3327 Gaudia
1552 3290 1656 3339 post
1674 3286 1844 3329 Veneris·
1857 3291 1938 3326 etc.
1954 3284 2055 3325 Pos-

1202 3355 1270 3393 ce!
1286 3349 1430 3406 prima
1448 3349 1582 3392 editio
1608 3357 1653 3393 et
1682 3349 1847 3406 Regius
1867 3366 1878 3399 ;
1915 3347 1988 3403 qui
2010 3355 2054 3389 et

1202 3421 1405 3458 amantes.
1428 3415 1595 3459 HEINS.
1610 3437 1664 3448 —
1684 3414 1824 3457 Locus
1844 3413 1914 3456 hic
1932 3413 2055 3468 ἀμφί-

1205 3486 1335 3534 Εολος;
1377 3487 1520 3536 posset
1544 3478 1665 3522 enirn
1699 3487 1743 3523 et
1773 3477 1828 3522 de
1855 3477 1947 3534 ipsa
1975 3492 2022 3519 re
2040 3508 2051 3529 ,
