2268 3776
715 299 1128 356 REMEDIA
1184 300 1546 358 AMORIS.

235 415 385 476 Dum
415 426 666 497 spectant
695 411 841 499 oculi
871 410 1062 485 laesos,
1090 409 1367 472 laeduntur
1389 427 1444 474 et
1472 413 1615 497 ipsi;

1918 262 2022 373 431

1945 435 2028 477 (315

316 509 611 594 Multaque
640 508 976 592 corporibus
1006 508 1331 571 transitione
1361 524 1584 570 nocent.

237 609 303 667 In
331 606 453 669 loca
480 630 882 689 nonnunquam
913 605 1072 666 siccis
1102 606 1310 668 arentia
1342 606 1522 685 glebis
1540 654 1555 680 ‚

318 707 403 767 De
434 697 616 789 prope
643 704 892 791 currenti
921 704 1147 765 flumine
1175 718 1362 765 manat
1393 729 1552 788 aqua.

238 806 433 865 Manat
458 827 615 864 amor
644 817 853 875 tectus,
883 802 930 863 si
959 826 1072 864 non
1106 802 1176 865 ab
1208 819 1425 864 amante
1451 804 1705 880 recedas;

317 901 620 985 Turbaque
649 901 709 962 in
737 900 846 961 hoc
878 924 1071 962 omnes
1100 900 1392 980 ingeniosa
1421 926 1628 964 sumus.
1948 924 2035 967 620

235 998 397 1062 Alter
424 999 557 1059 item
579 998 693 1079 jam
724 987 892 1059 Sanus
917 1013 1033 1059 erat
1055 1023 1070 1060 :
1096 999 1296 1060 vicinia
1324 998 1482 1060 laesit.

320 1097 634 1158 Occursum
659 1094 899 1156 dominae
925 1118 1040 1155 non
1071 1094 1205 1156 tulit
1233 1094 1327 1157 ille
1357 1119 1486 1157 suae.

240 1191 462 1255 Vulnus
490 1192 548 1252 in
583 1191 875 1276 antiquum
903 1192 1070 1253 rediit
1095 1192 1236 1255 male
1267 1192 1422 1254 firma
1454 1194 1680 1257 cicatrix
1700 1244 1715 1270 ‚

323 1291 760 1374 Successumque
793 1303 939 1351 artes
967 1314 1082 1351 non
1111 1290 1357 1353 habuere
1385 1315 1534 1353 meae.

214 1387 536 1449 -Proximus
566 1412 596 1448 a
627 1387 786 1448 tectis
815 1387 964 1465 ignis
993 1387 1313 1450 desenditur
1342 1412 1484 1469 aegre
1510 1415 1523 1451 :

1955 1411 2042 1454 625

323 1483 475 1546 Utile
502 1484 755 1545 finitimis
785 1485 1126 1547 abstinuisse
1158 1485 1313 1548 locis.

242 1587 387 1656 Nec,
419 1606 540 1667 quae
568 1582 708 1644 ferre
740 1582 885 1644 solet
916 1584 1244 1669 spatiantem
1276 1584 1531 1669 porticus
1560 1582 1744 1663 illam,

325 1682 407 1741 Te
435 1680 600 1754 ferat3
632 1679 879 1742 officium
907 1706 1043 1743 neve
1074 1681 1292 1744 colatur
1323 1681 1487 1743 idem.

246 1778 404 1861 Quid
429 1779 583 1861 juvat
607 1778 1173 1864 admonituatepidam
1204 1775 1533 1840 recalescere
1559 1793 1798 1840 mentem
1820 1780 1845 1841 Ρ

326 1875 509 1950 Alter,
541 1876 587 1938 si
616 1877 829 1961 possiS‚
859 1876 1015 1938 orbis
1043 1875 1341 1938 habendus
1371 1875 1492 1937 erit.

1962 1896 2046 1939 630

243 1975 374 2034 Non
402 1973 561 2036 facile
589 1975 838 2036 esuriens
867 1974 1053 2059 posita
1081 1972 1392 2035 retinebere
1425 1996 1645 2047 mensa,

324 2072 401 2132 Et
426 2070 657 2134 multam
688 2071 891 2134 saliens
922 2071 1119 2132 incitat
1147 2069 1300 2131 unda
1331 2069 1500 2131 sitim.

243 2171 375 2231 Non
401 2168 560 2231 facile
592 2184 677 2230 est
701 2169 818 2229 visa
848 2184 1070 2230 taurum
1103 2168 1340 2229 retinere
1366 2167 1635 2249 juvenca:

253 2347 258 2350 Ι
324 2266 512 2327 Fortis
541 2289 719 2350 equus
742 2266 873 2327 visae
905 2289 1123 2350 semper
1153 2264 1412 2326 adhinnit
1443 2288 1611 2349 equae.

301 2417 397 2461 618.
431 2417 631 2462 Currenti.
655 2416 788 2460 Unus
808 2416 983 2460 Heinsii
1001 2450 1013 2472 ‚
1035 2419 1108 2459 la-

247 2485 375 2527 benti.
414 2481 518 2526 vid.
547 2481 599 2526 ad
630 2482 710 2537 11,
739 2482 895 2526 Amor.
928 2496 1038 2537 xw,
1065 2499 1105 2542 9.

249 2551 475 2599 Manasdi,
499 2548 622 2593 alter.

304 2610 399 2674 619.
417 2607 583 2674 Maaal.
607 2613 674 2658 Ita
699 2611 858 2657 Catull.
875 2611 1002 2670 Epig.
1018 2626 1107 2670 ur:

249 2684 388 2723 tenneli·
398 2681 478 2722 sub
490 2681 795 2735 arlusstamma
803 2681 998 2721 dimanat
1005 2693 1018 2720 :
1030 2675 1107 2720 ubi

248 2741 348 2790 iride
370 2743 511 2790 Achil.
533 2744 740 2788 Statium.

302 2811 398 2856 623.
427 2808 548 2853 Male
549 2812 697 2868 firma.
725 2809 864 2854 sicin
885 2807 1107 2852 veteribus

248 2875 381 2920 libris.
392 2873 525 2920 Clor.
547 2875 670 2933 Editi
683 2884 728 2919 et
741 2875 889 2932 scripti
908 2873 1103 2932 plurimi,

248 2943 359 2984 male
376 2956 500 2984 sana.
1042 2947 1057 2955 ⁸

303 3006 399 3050 625.
435 3003 698 3060 Defe’nditur.
724 3005 1007 3062 Dessundilur
1029 3005 1105 3048 vi—

248 3070 357 3115 tiose
373 3076 489 3114 un'us
503 3069 652 3114 codex.
674 3069 842 3113 Gellius
859 3084 936 3124 xv,
953 3088 969 3113 1
989 3071 1104 3113 :Do-

249 3141 408 3180 cuisset
434 3142 475 3179 te
495 3135 687 3191 profecto
708 3136 946 3178 Archelaus
974 3137 1108 3191 Regis

249 3203 515 3246 Mundam
539 3200 765 3256 proeseclus
783 3233 794 3255 ,
822 3216 905 3257 qua
931 3204 1133 3259 solertia·

249 3271 386 3324 ignem
409 3265 682 3310 defenderes.
703 3265 869 3309 BURM.

304 3332 401 3376 628.
436 3331 633 3389 Officium
663 3334 763 3375 πῖνε
789 3333 956 3374 colatur
982 3333 1105 3374 idem.

255 3397 426 3443 Obvius
446 3406 511 3441 est
528 3412 703 3440 sensus:
721 3412 778 3439 ne
801 3396 973 3440 intersis
993 3397 1107 3440 ami-

238 3479 408 3510 ·eorum
420 3473 601 3510 tuorum
613 3463 775 3521 officio,
786 3462 841 3507 ad
853 3462 971 3520 quod
988 3464 1107 3521 puel-

1188 2414 1278 2459 lam
1317 2414 1451 2459 etiam
1488 2414 1569 2459 scis
1609 2423 1858 2459 venturam.
1889 2415 2051 2475 Officia

1189 2490 1313 2537 sunt,
1324 2498 1464 2539 quum
1480 2481 1532 2524 ad
1551 2481 1878 2540 gratulationes,
1891 2482 2050 2527 deduc·

1190 2547 1333 2591 tiones
1347 2556 1392 2590 et
1409 2563 1617 2605 pompas,
1636 2556 1679 2591 et
1697 2547 1851 2591 similia
1874 2549 2049 2593 amico—

1190 2629 1291 2655 rum
1322 2611 1633 2670 progredimur
1652 2631 1662 2664 ;
1685 2622 1734 2656 ut
1753 2613 1937 2670 officiam
1962 2632 2049 2658 110-

1190 2695 1329 2722 vorum
1348 2680 1591 2733 Consulum,
1605 2695 1743 2736 quum
1755 2680 1853 2723 Kal.
1865 2681 2051 2724 Januar.

1189 2741 1450 2801 procedunt.
1476 2742 1661 2787 sueton.
1682 2742 1792 2788 Caes.
1808 2760 1885 2800 XV,
1901 2755 1945 2789 et
1959 2763 2052 2803 pas-

1188 2809 1272 2854 sim
1295 2809 1377 2853 alii.
1401 2810 1545 2852 Colere
1563 2809 1770 2866 officium,
1793 2810 1911 2854 idem
1929 2811 2050 2868 quod

1176 2877 1341 2933 facere,
1361 2884 1409 2918 ut
1420 2875 1660 2919 Horatius-1
1674 2909 1686 2930 ,
1706 2875 1842 2933 Epist.
1856 2891 2050 2932 xv11,21.

1243 2942 1339 2986 632.
1369 2942 1551 2983 filullum
1572 2944 1734 2984 saliens
1764 2946 1918 2984 iace'lal
1934 2947 2053 2985 unda

1188 3006 1456 3063 se'tejnLege,
1469 3009 1642 3048 multam
1657 3011 1784 3057 silim,
1794 3023 1896 3050 cum
1908 3007 2050 3063 prima

1190 3059 1383 3115 editione
1420 3078 1465 3113 et
1497 3070 1835 3114 Bartholiniano
1862 3088 1872 3114 :
1900 3088 2049 3128 neque

1190 3136 1316 3180 aliter
1344 3152 1424 3193 pro
1450 3135 1620 3180 diversa
1644 3138 1830 3181 lectione
1862 3139 2049 3182 Putean.

1189 3202 1262 3245 Sic
1284 3200 1354 3245 III
1377 3202 1543 3245 Fastor.
1565 3202 1647 3245 668
1676 3220 1686 3246 z
1717 3207 1861 3246 multa
1882 3207 2050 3247 seduli-

1187 3273 1293 3311 tatis
1318 3284 1458 3322 anus‚·
1488 3277 1533 3311 et
1554 3268 1656 3311 ibid.
1678 3269 1760 3312 380
1779 3286 1789 3313 :
1815 3270 2046 3312 Consilium

1187 3338 1326 3376 mulla·
1347 3336 1613 3377 callt'dt'lalis.

1243 3400 1338 3454 634.
1377 3401 1489 3442 Visae
1521 3415 1684 3455 semper
1707 3403 1907 3443 adhinnit
1922 3417 2047 3456 equoe.

1191 3464 1324 3508 Unus
1346 3473 1497 3508 tamen
1522 3465 1697 3509 Heinsii
1719 3465 1855 3509 codex
1871 3465 1967 3521 hic,
1988 3470 2048 3509 υί-
