2268 3776
249 304 322 357 86
721 307 784 359 P.
827 307 1121 364 OVIDII
1160 311 1545 368 NASONIS

772 604 785 611 ·
837 583 1238 655 ELEGIA
1295 588 1423 659 IV.

1034 731 1258 743 ——u

324 891 448 933 quon
475 891 632 935 ΑΜΕΤ,
663 895 721 927 ΕΤ
750 898 941 930 punam
970 901 1124 932 OMNES
1144 922 1155 943 ,
1186 902 1493 946 QUAECUMQUE
1523 905 1686 938 ronmA
1715 907 1815 948 srr,
1847 909 1935 940 11251

1001 984 1252 1017 PLACEANT.

239 1090 314 1176 N
330 1128 415 1173 ΟΝ
449 1137 551 1192 ego
581 1117 880 1179 mendosos
909 1119 1085 1180 ausim
1115 1120 1403 1182 defendere
1432 1145 1646 1195 mores;

316 1212 585 1297 Falsaque
614 1240 718 1298 pro
747 1217 897 1277 vitiis
924 1241 1072 1278 arma
1098 1209 1317 1280 mov'ere
1348 1220 1502 1281 meis.

237 1308 552 1383 Confiteor,
585 1312 632 1370 si
665 1313 802 1393 quid
830 1314 1062 1395 prodest
1093 1314 1291 1376 delicta
1316 1315 1477 1376 fateri
1503 1340 1517 1376 ε

315 1409 384 1468 In
412 1433 532 1469 mea
560 1433 709 1469 nunc
741 1410 963 1470 demens
995 1411 1224 1471 crimina
1251 1412 1430 1472 fassus
1460 1437 1544 1473 e0.

237 1503 351 1563 Odi
376 1529 387 1563 :
414 1528 516 1565 nec
545 1529 776 1588 possum
807 1506 1038 1590 cupiens
1067 1531 1183 1567 non
1214 1532 1356 1580 esse,
1391 1509 1547 1592 quod
1576 1508 1686 1568 odi.
1995 1529 2020 1570 5

316 1603 445 1663 Heu
477 1627 666 1686 quam,
699 1628 820 1687 quae
850 1604 1072 1664 studeas
1098 1629 1337 1687 ponere,
1367 1605 1508 1666 ferre
1537 1629 1698 1684 grave
1728 1607 1839 1666 est!

233 1702 373 1761 Nam
405 1700 605 1760 desunt
632 1702 775 1760 vires
805 1701 874 1761 ad
903 1725 990 1762 me
1023 1702 1161 1761 mihi
1184 1703 1386 1784 jusque
1415 1703 1719 1781 regendum
1745 1728 1759 1764 :

318 1796 578 1870 Auferor,
611 1813 674 1857 ut
703 1798 897 1881 rapida
926 1799 1146 1862 connita
1171 1800 1382 1883 puppis
1406 1824 1565 1883 aqua.
1707 1812 1710 1816 '

232 1894 364 1952 Non
395 1908 478 1955 est
507 1909 655 1955 certa
679 1920 832 1956 meos
864 1921 985 1979 quae
1013 1897 1194 1957 forma
1220 1897 1401 1956 irritet
1430 1917 1647 1956 amores
1678 1919 1691 1955 :

315 1991 554 2051 Centum
585 2007 717 2052 sunt
746 2016 962 2065 causae,
981 2019 1079 2054 cur
1108 2018 1211 2073 ego
1241 2018 1459 2078 semper
1485 2017 1677 2054 amem.
1815 1990 1823 2001 ’
1973 2026 2020 2052 10

232 2090 356 2150 Sive
384 2090 569 2174 aliqua
597 2107 681 2152 est
710 2091 905 2153 oculos
929 2093 988 2151 in
1019 2117 1075 2154 se
1101 2093 1309 2174 dejecta
1330 2091 1651 2162 modestos3
1749 2087 1751 2089 ³

309 2189 489 2261 Uror,
515 2201 570 2248 et
598 2187 812 2249 insidiae
843 2204 976 2250 sunt
999 2189 1187 2272 pudor
1218 2188 1314 2250 ille
1340 2211 1489 2249 meae.

283 2364 306 2389 2
338 2350 551 2404 Falsaque
554 2364 634 2403 pro
651 2351 771 2391 υἰίιίἰς
785 2365 904 2392 anna
918 2357 998 2393 etc.
1014 2349 1083 2393 Eo

226 2427 357 2455 sensu
365 2412 494 2467 salsa
508 2447 518 2463 ‚
550 2412 668 2469 quod
689 2422 842 2457 contra
862 2431 1019 2458 verum
1039 2424 1084 2459 et

226 2476 357 2534 ipsius
383 2476 609 2521 scribentis
640 2478 907 2523 sententiam
940 2495 1084 2536 repu-

226 2551 380 2600 gnent.

280 2608 319 2649 3.
354 2609 565 2665 Confiteor
579 2616 661 2651 etc.
694 2608 749 2651 In
770 2608 898 2652 simili
929 2626 977 2653 re
994 2642 1006 2663 ‚
1038 2619 1084 2653 et

226 2672 426 2729 ejusdem
446 2672 640 2716 criminis
661 2689 773 2716 reum
793 2673 1082 2717 confitentem

224 2738 436 2783 habemus
458 2741 661 2797 Propert.
681 2753 746 2795 11,
780 2739 903 2797 Eleg.
932 2754 1079 2794 xvm,

229 2821 305 2861 17,
329 2804 403 2847 ubi
424 2803 478 2847 de
499 2820 543 2847 se
565 2805 692 2861 ipso:

224 2879 414 2921 Unicuique
426 2880 516 2911 dedit
529 2879 650 2911 vitium
662 2888 778 2911 natum
791 2886 898 2912 creato
914 2892 923 2912 :

264 2940 316 2971 Mi
330 2947 447 2971 natura
458 2941 586 2983 aliquid
601 2952 728 2983 semper
740 2953 847 2972 amare
861 2942 964 2973 dedit.

224 3026 279 3034 —
299 3003 472 3058 Siquid.
489 3004 578 3046 Sed
590 3006 711 3059 quid,
741 3003 831 3048 duo
850 3003 922 3048 lib·
944 3012 990 3048 et
1008 3003 1078 3048 ed.

226 3083 381 3123 prima.

278 3134 316 3174 5.
353 3133 443 3175 Odi
465 3143 478 3170 ··
504 3148 584 3175 nec
595 3149 769 3187 possum
796 3133 968 3189 cupiens
995 3149 1079 3177 non

222 3212 318 3239 esse
331 3231 341 3248 ‚
373 3199 488 3253 quod
494 3200 577 3241 odi.
598 3198 770 3241 Vitium
783 3199 966 3254 scilicet,
990 3214 1078 3256 quo

224 3264 279 3306 ad
292 3261 534 3305 amandum
547 3295 558 3317 ,
573 3262 640 3305 vel
650 3262 810 3307 invitus
824 3297 835 3318 ,
852 3264 1052 3321 impellor
1064 3281 1077 3316 3

224 3343 307 3370 nec
327 3343 503 3384 possum
520 3360 531 3383 ‚
558 3329 754 3385 quamvis
776 3345 856 3386 ego
871 3329 1044 3386 cupiam
1062 3361 1078 3387 ²

224 3391 415 3446 efficere,
431 3402 479 3435 ut
493 3408 584 3436 non
605 3394 756 3436 existat
764 3394 920 3436 vitium
934 3393 1046 3442 istud
1063 3412 1074 3447 ;

222 3457 268 3499 id
279 3466 358 3515 est,
370 3467 520 3502 utnon
531 3475 690 3504 amem.
703 3459 775 3503 Sic
789 3459 951 3503 Medea
961 3459 1076 3516 apud

1165 2348 1374 2393 eumdem
1391 2382 1403 2403 ,
1438 2349 1552 2392 Met.
1573 2362 1666 2403 vn,
1699 2362 1753 2390 20
1773 2380 1786 2402 ,
1812 2346 1889 2390 sed
1912 2362 2021 2404 gra-

1165 2415 1380 2470 vim-ibus,
1403 2423 1453 2458 ut
1472 2414 1654 2460 decebat
1681 2414 1906 2458 numeris:
1935 2416 2020 2458 Vi-

1165 2484 1245 2524 deo
1262 2483 1449 2532 meliora,
1466 2477 1700 2536 pmbaque;
1718 2481 1945 2523 Deterior-a
1957 2495 2022 2521 se-

1164 2548 1429 2602 quen—Nou
1437 2561 1532 2588 esse
1542 2547 1657 2601 quod
1662 2547 1744 2588 odi.
1752 2546 1906 2587 Odisse
1913 2545 2028 2600 quod

1164 2614 1260 2662 odi,
1284 2611 1430 2667 plures
1447 2609 1617 2666 scripti:
1635 2609 1730 2663 alii,
1752 2625 1835 2651 non
1851 2624 1990 2651 nosse.

1217 2677 1258 2718 6.
1290 2677 1419 2729 Quod
1441 2677 1631 2718 studeas.
1668 2677 1770 2729 Qua·
1782 2707 1793 2724 ‚
1831 2673 2018 2716 Putean.

1162 2757 1266 2784 cum
1277 2741 1417 2798 prima
1432 2740 1625 2785 editione
1638 2749 1686 2784 et
1696 2741 2018 2783 unoVaticano.

1168 2808 1446 2862 Quamquam,
1471 2805 1684 2849 Arundel.
1714 2806 1882 2848 HEINS.

1221 2888 1257 2929 7.
1278 2873 1358 2914 Ad
1360 2887 1437 2913 me.
1447 2873 1499 2914 In
1510 2887 1588 2923 me,
1600 2870 1631 2913 J
1633 2871 1836 2923 unianus;
1847 2869 2019 2915 rectius.

1215 2955 1256 2998 9.
1272 2940 1430 2981 Iuvitet
1443 2954 1620 2982 amores.
1639 2939 1786 2981 Irritet
1797 2970 1809 2992 ,
1832 2946 2020 2993 quatuor

1159 3002 1272 3047 libri.
1298 3004 1483 3047 Metam.
1497 3018 1535 3058 1,
1555 3004 1663 3058 462:
1685 3003 1750 3046 Tu
1752 3003 1862 3059 sace
1875 3006 2019 3045 nescio

1159 3085 1262 3124 quos
1287 3074 1380 3112 esto
1405 3074 1626 3112 contentus
1656 3084 1821 3111 amores
1839 3070 2015 3110 Irrilare

1160 3139 1247 3177 tua.
1268 3157 1325 3167 —-
1338 3137 1487 3177 Instat
1510 3134 1644 3178 etiam
1664 3133 1799 3178 codex
1819 3133 1986 3176 Douzae
2007 3148 2020 3174 :

1161 3199 1315 3242 dubito
1348 3208 1500 3244 tamen
1529 3216 1642 3244 num
1669 3199 1832 3243 mutari
1861 3198 2018 3241 debeat

1160 3264 1454 3320 plurimorum
1469 3266 1732 3322 scriptorum
1743 3273 1787 3308 et
1795 3262 2018 3308 editorum

1158 3328 1311 3385 lectio,
1338 3335 1499 3373 mouet.
1522 3330 1686 3374 BURM.

1218 3413 1279 3438 12.
1301 3398 1474 3440 Insidt‘oe
1492 3401 1634 3439 sunt..
1650 3429 1659 3437 .
1688 3410 1799 3438 mea.
1835 3393 2010 3450 Quibus
2032 3407 2035 3411 '

1156 3460 1316 3517 capior.
1382 3515 1386 3518 η
