2268 3776
544 325 938 384 AMORUM
991 327 1081 381 11.
1127 324 1378 382 ELEG‚
1430 324 1588 380 XII.

1873 342 1967 377 121

271 445 533 531 Turpiter
560 442 819 527 adposito
844 441 1009 503 vertit
1036 442 1095 501 in
1123 464 1272 502 arma
1293 462 1463 502 mero.
1921 470 1975 499 20

192 543 414 605 Femina
444 541 716 623 Trojanos
746 540 942 601 iterum
977 538 1089 601 sera
1118 536 1263 599 bella
1292 560 1510 598 movere

272 638 501 723 Impulit
527 638 586 698 in
617 662 821 716 regno,
849 637 993 720 juste
1025 636 1245 707 Latine,
1275 649 1392 695 tuo,

193 736 417 798 Femina
451 734 748 806 Romanis,
782 734 945 795 etiam
975 757 1125 794 nunc
1154 732 1291 794 urbe
1320 729 1526 792 recenti
1546 776 1561 803 ,

275 832 510 894 Immisit
534 856 785 904 socerOS‚
816 854 1072 914 armaque
1105 853 1242 891 saeva
1271 827 1438 890 dedit.

194 929 323 990 Vidi
356 953 459 1009 ego
488 952 592 1012 pro
622 929 781 989 nivea
809 942 1121 1013 pugnantes
1152 926 1386 1008 conjuge
1417 939 1638 985 tauros:
1928 940 1980 980 2?-

275 1027 582 1111 Spectatrix
613 1027 826 1087 animos
856 1026 978 1110 ipsa
1000 1026 1230 1108 juvenca
1256 1022 1439 1083 dabat.

194 1126 290 1186 Me
322 1148 543 1208 quoque
575 1147 698 1185 cum
727 1123 946 1196 multis,
981 1122 1075 1184 sed
1104 1146 1191 1184 me
1222 1121 1339 1183 sine
1369 1118 1537 1190 caede,
1569 1116 1791 1202 Cupido

272 1222 452 1283 Jussit
474 1220 683 1282 militiae
712 1221 871 1301 signa
900 1243 1118 1285 movere
1147 1243 1273 1281 suae.

194 1383 303 1424 brem
328 1388 527 1438 excerpta
554 1380 725 1435 Jureti,
756 1388 800 1423 et
826 1378 1043 1424 Barbeti-

194 1447 376 1502 nianus,
396 1463 476 1505 pro
498 1446 666 1491 diversa
693 1447 892 1491 lectione.

251 1529 317 1556 20.
356 1514 546 1568 Turpiter
578 1515 774 1567 adposito
807 1520 886 1555 etc.
917 1510 1046 1554 Malit

197 1576 351 1620 Burm.
369 1593 399 1619 a
412 1581 564 1633 posito.
582 1577 686 1633 Qua
706 1576 875 1620 ratione
891 1574 1045 1619 ductus

195 1641 368 1699 ignoro,
383 1657 519 1698 quum
529 1643 616 1699 ipse
625 1642 1045 1696 fateatur,Nostrurn

196 1705 257 1749 ita
281 1707 523 1763 (adposito)
546 1706 702 1763 passim
723 1706 855 1763 loqui.

252 1789 316 1815 21.
330 1774 503 1815 Femina
527 1772 732 1827 Tr'oJ'anos
744 1780 825 1816 etc.
845 1770 1041 1825 Lavinia,

199 1835 344 1889 Latini
364 1837 476 1895 regis
495 1836 582 1880 filia
600 1869 612 1891 ,
633 1852 728 1893 quae
748 1838 838 1893 jam
859 1853 884 1879 a
903 1838 1058 1880 matre'

197 1901 407 1957 promissa
435 1901 591 1944 Turno
611 1901 657 1944 in
680 1916 859 1944 uxorem
877 1933 888 1955 ,
918 1915 1045 1944 causa

196 1966 280 2008 suit
293 1980 372 2009 cur
385 1965 549 2009 bellum
571 1974 692 2009 atrox
705 1974 955 2023 exsurgeret
974 1965 1046 2008 in-

197 2039 267 2076 ter
280 2033 487 2076 Latinum
504 2041 548 2076 et
565 2033 769 2077 AEneam.
784 2035 1047 2089 —Impulil,

197 2092 385 2140 invitum
397 2097 540 2155 coegit
548 2097 848 2155 Troianorum
860 2098 1018 2142 ducem
1030 2130 1042 2152 ,

197 2169 250 2204 ut
267 2161 431 2206 bellum
459 2178 610 2207 socero
629 2164 825 2208 inferret.
842 2188 899 2198 —-
927 2167 1047 2208 Nom

199 2229 322 2270 bella.
341 2231 461 2280 Fero,
485 2228 770 2274 Sarravianus
791 2238 835 2274 et
848 2229 937 2274 duo
954 2230 1042 2274 alii:

198 2291 360 2335 rectius
385 2307 396 2336 t
422 2308 528 2336 nam
556 2311 664 2339 nova
690 2310 823 2339 causa
853 2310 1045 2351 praeces-

201 2364 328 2400 serat.
363 2357 530 2403 Hssms.

258 2421 323 2464 23.
344 2424 516 2466 Femina
533 2425 828 2468 Romanis-etc.
842 2424 963 2468 Bella
977 2424 1049 2467 in-

203 2486 356 2544 telligit
375 2502 471 2544 quae
484 2487 747 2532 Sabinarum
760 2498 936 2546 raptum
949 2506 1048 2547 pro-

201 2551 321 2595 tinus
336 2560 531 2609 sequuta.

257 2621 323 2662 25,
361 2621 466 2663 Ve'dt
476 2636 636 2676 egopro
654 2625 776 2666 niuea
791 2630 870 2667 etc.
893 2622 1049 2668 Oblec-

203 2690 299 2730 tant
327 2701 372 2728 se
399 2685 446 2728 in
474 2684 560 2730 hoc
589 2698 850 2745 argumento
878 2697 1046 2746 poetae;

203 2748 279 2793 sed
293 2749 498 2808 Virgilius
507 2761 608 2798 ante
615 2769 785 2811 omnes,
797 2755 852 2799 G.
860 2769 933 2813 111,
948 2773 995 2799 21
1005 2773 1025 2814 7
1039 2771 1050 2800 t

1125 1387 1288 1422 Dulcibu·
1300 1387 1355 1419 iu-
1368 1388 1503 1430 quidem
1517 1386 1677 1419 illecebri·
1689 1393 1722 1418 et
1734 1396 1815 1428 eope
1826 1383 1979 1427 superb«.-

1126 1450 1287 1482 Comibus
1306 1450 1389 1480 inter
1405 1460 1438 1480 ue
1457 1449 1576 1490 subigit
1596 1449 1767 1480 decernere
1784 1454 1938 1479 amante».

1125 1511 1276 1542 Pascitur
1291 1512 1324 1542 in
1340 1522 1455 1551 magn-
1470 1510 1553 1541 silv·
1569 1508 1710 1541 soi-mon
1724 1509 1862 1550 iux-enen
1878 1519 1885 1539 :

1127 1572 1181 1602 11Ιί
1196 1572 1390 1604 alternantes
1409 1571 1512 1602 mult·
1526 1567 1560 1602 vi
1579 1570 1689 1611 preti·
1702 1570 1839 1601 nii-cent
1853 1574 1914 1600 etc.

1128 1640 1230 1686 Non
1254 1640 1313 1684 ita
1329 1639 1442 1683 male
1468 1638 1577 1683 Stat.
1600 1637 1741 1681 Theb.
1759 1650 1808 1679 V!
1829 1669 1842 1691 ,
1870 1636 1944 1679 861
1973 1653 1982 1679 2

1230 1737 1269 1747 0..
1285 1718 1443 1747 nnciam
1460 1714 1578 1755 gemini
1595 1714 1698 1754 gregis
1710 1711 1842 1743 horrida
1858 1712 1942 1742 tauri

1124 1777 1216 1808 Beu-
1229 1782 1359 1807 movent
1372 1787 1381 1807 :
1395 1775 1502 1806 medio
1514 1775 1636 1815 conjux
1652 1780 1714 1805 nm
1727 1773 1865 1805 candida
1877 1779 1981 1814 puto.

1126 1837 1292 1868 Victorem
1309 1843 1499 1878 exspectans
1514 1842 1578 1867 ete.

1128 1901 1366 1945 Materiam
1383 1901 1563 1958 utrique
1579 1900 1826 1958 praebuerat
1845 1900 1983 1958 Apol-

1126 1965 1270 2010 lonius
1292 1966 1437 2010 Rhod.
1473 1967 1716 2023 Argonaut.
1739 1979 1806 2018 11,
1843 1967 1929 2010 88·

1126 2039 1188 2088 Δψ
1219 2030 1256 2076 δ’
1294 2053 1400 2082 «vt-ce
1439 2035 1663 2094 συνόρουσαν
1705 2035 1863 2077 fumiae
1896 2036 1964 2076 if,-

1237 2102 1374 2158 Ταύρω

1128 2164 1312 2225 Φορὸάδος
1329 2165 1431 2221 αμφὶ
1445 2167 1532 2220 βοὸς
1549 2183 1739 2214 ›etant-nore
1757 2163 1979 2220 ἡμέας-ον.

1184 2229 1250 2272 26.
1280 2232 1443 2274 Dabat.
1475 2233 1603 2273 Facit
1630 2229 1862 2274 Scriverii:
1883 2245 1981 2286 quae

1129 2295 1263 2337 etiam
1294 2294 1519 2339 diversitas
1542 2295 1587 2351 in
1607 2295 1736 2339 simili
1757 2294 1978 2338 locutione

1130 2359 1343 2410 occurrit,
1370 2359 1507 2418 Epist.
1529 2375 1557 2403 x
1574 2393 1587 2416 ,
1609 2379 1659 2419 27
1675 2393 1687 2415 ‚
1710 2367 1755 2404 et
1775 2374 1852 2414 xv,
1870 2360 1938 2414 84.

1184 2443 1250 2482 27.
1265 2427 1336 2468 Ille
1352 2443 1509 2483 quoque
1524 2442 1617 2469 cum
1633 2429 1786 2470 mullis.
1799 2425 1981 2483 Legitur

1131 2506 1306 2548 quoque
1334 2491 1382 2534 in
1412 2491 1716 2549 manuscriptis
1748 2490 1977 2548 exempla-

1129 2557 1248 2601 ribus
1265 2590 1278 2612 ,
1308 2574 1372 2601 me
1391 2575 1549 2615 quoque
1573 2564 1652 2615 qui
1674 2562 1978 2616 mullosyquae

1129 2623 1259 2668 lectio
1286 2621 1508 2679 pulchrior
1539 2632 1605 2667 est
1631 2640 1643 2667 z
1673 2624 1792 2682 prior
1826 2631 1975 2667 tamen

1129 2705 1223 2734 non
1254 2691 1426 2748 penitus
1465 2690 1672 2749 displicet.
1704 2692 1835 2735 MAR-
1873 2693 1977 2735 Cum

1130 2759 1271 2800 multt‘s
1286 2790 1299 2810 ‚
1325 2756 1470 2814 scripti
1491 2757 1691 2814 potiores.
