2268 3776
314 297 418 351 156

777 299 839 351 Ρ
883 297 1180 354 OVIDII
1220 298 1604 355 NASONIS

384 417 512 476 Non
541 415 711 474 verita
738 439 768 474 a
795 414 1009 526 populo
1039 431 1400 499 praetereunte
1429 417 1573 496 legi!

304 513 458 591 Quin
486 537 588 590 ego
618 537 704 572 me
736 513 991 586 memini,
1025 513 1156 573 dum
1180 529 1371 575 custos
1402 538 1577 576 saevus
1608 513 1816 584 abiret,
2024 532 2078 573 55

383 609 613 670 Ancillae
642 611 863 671 missam
896 610 1175 671 delituisse
1206 611 1349 671 sinu.

303 707 495 786 Quid?
525 730 697 788 quum
723 732 809 767 me
834 732 1036 767 munus
1066 706 1238 767 natali
1265 707 1485 769 mittis?
1513 722 1568 767 at
1594 706 1691 767 illa

384 810 645 892 Rumpit,
677 825 731 870 et
760 811 1014 894 adposita
1043 812 1280 871 barbara
1308 811 1503 871 mersit
1532 811 1719 893 aqua?

303 913 490 972 Prima
520 928 626 973 tuae
649 915 800 973 movi
829 914 1009 975 felicia
1039 915 1246 975 semina
1275 916 1475 976 mentis
1501 939 1513 974 z

381 1017 591 1075 Munus
621 1016 824 1090 habeS‚
863 1018 1016 1100 quod
1043 1033 1094 1078 te
1121 1019 1232 1099 jam
1260 1018 1402 1100 petit
1430 1018 1562 1088 ista,
1593 1037 1793 1077 meum.
1829 1043 1858 1069 »
2024 1035 2079 1075 (30

306 1119 624 1192 Desierant3
659 1121 800 1204 coepi
825 1147 837 1181 ε
869 1150 897 1176 «
925 1147 1025 1205 per
1052 1146 1152 1182 vos
1183 1137 1474 1205 utramque
1504 1144 1762 1199 rogamus
1781 1167 1796 1192 ‚

386 1224 453 1281 Iu
486 1248 680 1284 vacuas
710 1249 866 1285 aures
897 1226 1065 1287 verba
1092 1226 1336 1286 timentis
1366 1239 1508 1286 eant.

306 1324 495 1386 Altera
523 1352 608 1387 me
636 1344 855 1411 sceptro
885 1329 1109 1390 decoras
1127 1377 1141 1402 ,
1174 1329 1397 1413 altoque
1428 1328 1737 1400 cothurno;

383 1426 510 1488 ιῘ3111
535 1453 684 1490 nunc
715 1444 1000 1491 contracto
1031 1455 1265 1510 magnus
1294 1432 1355 1491 in
1387 1455 1480 1491 ore
1509 1454 1679 1490 sonor
1703 1455 1715 1489 ε

308 1600 397 1649 duo
412 1641 423 1659 ‚
446 1611 589 1651 illusa.
619 1608 738 1652 Male
759 1621 914 1652 omnes
931 1627 942 1661 ;
973 1625 1056 1653 nec
1074 1613 1153 1652 in-

307 1676 401 1714 cisa
420 1672 684 1715 mutandum
701 1707 712 1728 ,
743 1675 827 1717 nisi
859 1675 971 1718 sorte
993 1675 1153 1731 legen-

308 1735 416 1778 dum
437 1737 641 1781 malueris
662 1742 787 1780 irnlra
798 1742 990 1794 pependi.
1010 1762 1064 1771 -·
1084 1738 1157 1782 Sic

312 1801 522 1846 Heinsius
541 1821 551 1853 ;
574 1802 647 1846 sed
670 1802 762 1846 sine
790 1804 1057 1847 auctoritate.

363 1870 387 1910 5
393 1871 429 1911 5.
445 1871 554 1922 Quin
562 1886 637 1924 ego
645 1886 709 1911 me
717 1874 894 1913 memini.
911 1873 1022 1925 Quin
1030 1875 1155 1914 eliam

310 1938 481 1976 memini
495 1933 629 1977 codex
648 1934 826 1977 Douzae.

365 1998 430 2040 56.
445 1999 630 2041 Ancilla·
641 2004 813 2042 mtlrsam
829 2009 908 2043 etc.
923 2001 975 2044 In
987 2002 1157 2058 quibus-

307 2062 411 2105 dam
429 2063 595 2120 scriptis
610 2073 654 2107 et
679 2065 804 2108 editis
826 2074 913 2119 est,
936 2071 1154 2109 miseram.-

306 2128 419 2171 sorte
433 2161 444 2182 ,
468 2145 656 2171 mersam.
681 2131 847 2173 HEINS.
875 2131 995 2174 Nihil
1015 2147 1123 2188 opus
1143 2150 1154 2185 ;

307 2202 350 2237 et
372 2194 512 2236 multo
532 2194 690 2237 rectius
709 2199 894 2238 missam.

359 2260 383 2300 5
390 2277 410 2316 7
416 2292 425 2300 .
452 2261 568 2313 Quid
574 2276 695 2315 quum
704 2276 768 2302 me
774 2277 923 2303 munus
931 2265 1075 2305 natali
1079 2267 1157 2304 mi·-

304 2327 374 2366 sit.
386 2326 529 2367 Mittis
536 2325 671 2367 scribe
682 2340 784 2368 cum
802 2327 985 2370 Putean.
1000 2336 1043 2370 et
1055 2342 1155 2370 meo

305 2387 532 2433 chartaceo
551 2408 562 2443 ;
592 2399 636 2433 et
655 2407 758 2434 mox
779 2407 858 2448 pro
882 2393 1019 2447 Rupit
1035 2391 1155 2435 idem

307 2454 559 2499 Puteaneus
573 2465 616 2498 et
630 2473 744 2500 unus
761 2457 926 2501 Moreti
940 2490 951 2511 ,
969 2460 1154 2514 Rumpit.

363 2520 427 2561 58.
457 2521 611 2563 Mersit
626 2538 747 2577 aqua.
774 2523 840 2565 Ita
859 2523 1006 2566 solitos
1026 2524 1153 2567 fuisse

307 2590 476 2626 veteres
492 2584 560 2627 vel
579 2585 678 2643 igne
699 2587 767 2629 vel
782 2586 963 2629 flamma
982 2587 1154 2630 abolere

307 2649 503 2693 carmina
521 2684 532 2705 ,
564 2666 660 2707 quae
690 2651 965 2708 displicerent
985 2687 996 2703 ‚
1029 2652 1156 2696 docet

307 2715 440 2758 etiam
467 2717 622 2759 Horat.
648 2731 666 2759 1
682 2750 693 2771 ,
727 2716 815 2760 Od.
838 2717 906 2759 15:

349 2797 458 2836 Quem
471 2796 654 2828 criminosis

387 2859 491 2890 Pones
508 2858 624 2888 iambis
637 2883 647 2897 ,

669 2807 809 2837 cumque
821 2796 910 2827 voles
925 2798 1058 2828 modum

665 2859 733 2888 sive
745 2856 872 2888 flamma
881 2881 892 2896 ‚

430 2919 504 2950 Sive
521 2919 602 2949 mari
615 2919 694 2949 libet
709 2919 868 2950 Adriano.

313 2981 373 3023 Et
387 2997 438 3024 eo
451 2983 568 3024 refer
580 2981 649 3024 illa
660 2981 793 3024 Mart.
806 3014 818 3035 ,
830 2981 901 3024 lib.
914 2995 931 3023 1
943 3014 955 3036 ‚
974 2980 1097 3038 Epig.
1108 2981 1153 3023 6:

308 3059 358 3089 Do
365 3057 425 3087 tibi
432 3056 667 3088 Naumachiam
677 3069 685 3089 :
695 3058 793 3087 tudas
802 3057 1041 3098 Epigrammata
1047 3056 1152 3096 nobis;

349 3117 428 3157 Vis,
442 3125 522 3159 puto
531 3141 541 3156 ‚
556 3129 631 3149 cum
644 3119 727 3149 libro
736 3142 747 3156 ‚
760 3119 873 3150 Marce
894 3142 905 3157 ‚
920 3124 1029 3149 natare
1042 3124 1110 3148 tuo.

307 3179 401 3222 Lib.
421 3193 468 3221 IX
487 3212 498 3234 ,
524 3179 648 3237 Epig.
671 3181 723 3239 59
744 3192 754 3219 t

308 3254 540 3298 Nympharum
560 3255 690 3297 templis
711 3256 861 3298 quisquis
883 3266 940 3287 sua
960 3256 1102 3287 camina

408 3317 506 3349 donat
519 3342 531 3358 ‚

353 3378 444 3417 Quid
454 3378 522 3409 fieri
538 3378 631 3409 libris
645 3378 778 3417 debeat,
797 3380 865 3420 ipse
880 3386 999 3411 monet.
1027 3381 1151 3411 Btmu.

363 3440 427 3501 59.
449 3441 593 3482 Prima
612 3445 691 3484 lua·
709 3445 823 3484 movi
826 3440 982 3496 felicia
994 3445 1154 3486 semina

1235 1614 1398 1653 mentis.
1427 1609 1516 1653 Tui
1537 1618 1580 1653 te
1603 1608 1798 1666 primum
1817 1623 1898 1665 ego
1919 1606 2079 1651 admo-

1235 1677 1314 1719 nui
1333 1694 1344 1729 ;
1381 1684 1425 1719 et
1444 1675 1606 1732 sopitos
1631 1674 1709 1717 diu
1728 1674 1873 1716 forsan
1892 1705 1904 1727 ,
1934 1672 1969 1716 si
1989 1687 2080 1714 non

1238 1757 1362 1784 amor
1390 1741 1611 1784 excitasset
1628 1772 1639 1792 ‚
1681 1739 1846 1797 ingenii
1873 1737 2082 1796 igniculos

1236 1806 1399 1862 excepi,
1414 1805 1598 1862 fecique,
1620 1813 1670 1847 ut
1689 1805 1811 1848 vivus
1825 1819 1904 1861 per
1918 1819 1993 1845 ora
2008 1802 2082 1844 ho-

1236 1872 1412 1915 minum
1440 1872 1678 1915 velitares:
1716 1870 1906 1927 denique
1930 1885 2083 1912 meum

1236 1947 1302 1982 est
1324 1972 1336 1993 ,
1372 1937 1490 1995 quod
1517 1954 1647 1981 suum
1668 1947 1711 1982 te
1732 1953 1853 1981 nune
1873 1935 2080 1993 tragoedia

1236 2004 1441 2049 vindicat.

1290 2070 1424 2112 62.112
1442 2086 1605 2113 vacuas
1618 2083 1741 2112 aures
1757 2070 1883 2111 verba
1901 2070 2083 2109 timentis

1236 2141 1345 2178 eant.
1380 2137 1606 2185 Timentzk,
1637 2133 1875 2177 metuentis
1894 2132 2079 2185 scilicet,

1237 2216 1295 2243 ne
1309 2215 1445 2243 unam
1460 2200 1583 2243 alteri
1597 2199 1846 2256 praetulerit.
1863 2199 2084 2252 Utramque

1236 2265 1370 2322 igitur
1391 2273 1519 2322 poeta
1539 2273 1685 2322 rogat,
1706 2273 1756 2307 ut
1777 2278 1873 2319 quae
1893 2261 2083 2318 protule-

1236 2339 1339 2372 rant
1365 2330 1524 2384 verba,
1554 2329 1601 2371 in
1621 2344 1775 2372 vacuas
1803 2327 1934 2385 ipsius
1960 2343 2083 2369 aures

1237 2393 1498 2445 inciderint,
1532 2394 1602 2437 vel
1628 2398 1674 2436 in
1700 2409 1830 2435 auras
1859 2392 1981 2434 irrita
2009 2392 2083 2434 es—

1238 2459 1391 2502 ssuant.
1425 2459 1542 2504 Sunt
1567 2459 1689 2502 enim
1713 2458 1788 2514 qui
1815 2473 1967 2507 auras,
2002 2473 2082 2513 pro

1235 2541 1358 2569 aures
1376 2525 1524 2582 legant
1544 2540 1554 2567 :
1575 2523 1649 2568 sed
1672 2532 1908 2579 utrumque
1937 2531 2052 2565 recte
2068 2555 2078 2574 ‚

1237 2599 1283 2633 et
1312 2590 1569 2644 sententiae‚
1597 2598 1647 2632 ut
1672 2587 1816 2643 vides,
1846 2603 1967 2643 aeque
2000 2603 2081 2629 ac-

1235 2655 1578 2700 commodatum.

1290 2721 1357 2774 64.
1374 2722 1477 2761 Jam
1490 2735 1600 2761 nunc
1614 2722 1827 2760 contracto
1845 2732 2022 2771 magnus
2036 2721 2080 2757 in

1237 2800 1305 2826 ore
1323 2799 1459 2826 sonor.
1482 2783 1617 2826 Refer
1634 2782 1687 2825 ad
1703 2798 1879 2825 versum
1898 2781 2079 2838 praeeed.

1238 2850 1312 2906 qui
1328 2865 1480 2892 revera
1502 2848 1707 2906 grandius
1722 2863 1799 2891 son
1806 2856 1847 2890 at
1862 2847 2055 2904 elegiacis
2068 2864 2079 2898 ;

1237 2913 1355 2956 unde
1369 2914 1555 2957 miratur
1567 2923 1695 2970 poeta
1710 2947 1722 2968 ,
1746 2912 1863 2969 quod
1876 2929 1925 2955 os
1939 2912 2081 2955 adhuc

1236 2985 1492 3022 contractum
1511 3013 1522 3031 ,
1563 2995 1749 3021 sonorem
1783 2980 1875 3036 jam
1910 2978 2080 3021 emittat

1237 3045 1346 3087 adeo
1366 3062 1573 3100 magnum.
1601 3044 1675 3088 Sic
1695 3044 1816 3087 enim
1843 3044 2078 3101 legendum

1236 3127 1338 3154 cum
1349 3110 1465 3154 Dan.
1481 3111 1737 3154 Heins.non
1751 3114 1944 3152 contacto
1954 3143 1964 3160 ‚
1983 3125 2079 3164 quae

1236 3186 1385 3220 tamen
1415 3177 1639 3219 Puteanea
1670 3184 1715 3219 et
1735 3175 1932 3219 Palatina
1950 3174 2077 3217 lectio

1235 3252 1300 3285 est
1313 3256 1323 3282 ε
1336 3242 1411 3286 sed
1426 3242 1573 3284 firmat
1586 3250 1781 3285 nostram
1788 3241 1986 3297 Propert.
2003 3254 2051 3282 1v
2063 3273 2074 3291 ‚

1236 3308 1386 3367 Elegia
1401 3324 1418 3351 1
1431 3342 1442 3363 ,
1465 3325 1574 3352 vers.
1595 3310 1647 3351 58
1662 3342 1673 3364 ‚
1696 3324 1829 3365 quem
1843 3316 1986 3351 totum
2007 3306 2074 3349 hic

1235 3377 1441 3433 expressit
1459 3377 1620 3421 Noster
1639 3393 1649 3419 ε

1274 3447 1341 3485 Hei
1354 3446 1452 3479 mihi!
1470 3447 1559 3490 quod
1571 3454 1679 3479 nostro
1693 3456 1814 3490 parvus
1827 3444 1862 3477 in
1876 3454 1929 3476 ore
1943 3454 2050 3476 sonus.
