2268 3776
573 349 959 404 AMORUM
1006 350 1093 403 11.
1144 350 1390 405 ELEG.
1437 351 1586 405 VII.

1877 372 1967 406 10¹

281 464 347 525 Si
373 462 559 547 culpo,
594 464 800 525 crimen
831 462 1174 525 dissimulare
1204 479 1385 548 putas.

200 563 323 626 Sive
347 563 530 624 bonus
554 561 711 624 color
734 577 850 635 est,
878 562 937 623 in
968 577 1021 624 te
1054 585 1278 646 quoque
1307 560 1548 641 frigidus
1575 586 1723 636 esse;

281 659 391 720 Seu
416 656 620 731 malm,
653 657 878 720 alterius
907 658 1064 720 dicor
1090 682 1274 721 amore
1304 660 1463 720 mori.
1936 686 1986 714 ιο

201 754 386 838 Atque
409 777 512 832 ego
538 754 748 837 peccati
777 754 971 816 vellem
996 756 1136 816 mihi
1163 755 1415 817 conscius
1447 757 1657 817 essem!

280 852 469 935 AEquo
501 851 683 912 animo
714 875 960 937 poenam,
991 854 1087 938 qui
1118 877 1397 927 meruere,
1430 853 1630 915 ferunt.

200 955 362 1016 Nunc
386 968 586 1016 temere
611 954 927 1035 insimulas3
957 956 1342 1040 credendoque
1373 956 1561 1018 omnia
1589 955 1825 1026 frustra,

280 1058 412 1140 Ipsa
438 1072 586 1118 vetas
611 1057 748 1119 iram
776 1058 1000 1142 pondus
1028 1058 1230 1120 habere
1257 1073 1424 1120 tuam.

200 1158 442 1243 Adspice
457 1206 472 1233 ,
504 1174 569 1220 ut
591 1160 804 1222 auritus
828 1160 1151 1222 miserandae
1180 1161 1349 1222 sortis
1373 1159 1603 1234 asellus,
1940 1174 1988 1218 15

280 1261 535 1323 Adsiduo
562 1262 809 1324 domitus
838 1263 1064 1325 verbere
1093 1262 1278 1324 lentus
1308 1278 1414 1325 eat.

204 1365 344 1426 Ecce
361 1411 376 1439 ,
408 1387 617 1427 novum
641 1365 875 1439 crimen,
905 1365 1081 1429 solers
1109 1389 1305 1427 ornare
1335 1365 1630 1450 Cypassis,

205 1545 316 1587 davi.
335 1543 535 1588 Francos.
550 1552 594 1588 et
605 1552 692 1589 tres
714 1544 782 1588 alii
795 1578 807 1600 ,
822 1561 897 1589 seu
907 1560 1029 1602 quam
1042 1561 1055 1589 .·

207 1614 253 1651 et
273 1621 376 1651 mox
407 1607 526 1653 idem
557 1608 758 1653 Francos.
795 1617 839 1653 et
871 1610 1054 1653 Palatin.

208 1687 284 1716 seu
299 1675 444 1729 culpo,-
462 1689 555 1717 non
573 1674 699 1718 male.
721 1675 827 1718 Bmt
835 1688 884 1718 Μ.
899 1699 955 1708 -
966 1677 1056 1717 Μί-

208 1751 324 1781 sems
349 1741 465 1794 petit
499 1754 635 1795 ungue
669 1741 860 1794 capillos.
892 1738 1055 1783 Gallice

208 1807 382 1846 mtto-ems
404 1806 582 1859 capillos
598 1810 738 1846 vertas
754 1834 766 1857 ,
790 1807 854 1846 tes
872 1805 1058 1846 chen-ux

207 1870 285 1923 qui
306 1867 405 1910 n'ea
432 1872 617 1923 peuvent
645 1871 764 1910 mair.
804 1866 875 1911 Sic
907 1875 1058 1912 noster

206 1930 277 1975 LA
313 1931 558 1976 Fonmmr.
580 1948 591 1977 t
618 1934 712 1975 Bat
740 1932 846 1976 l’air
865 1937 940 1990 qui
957 1933 1058 1977 n'en

197 2003 309 2054 peut
324 2002 446 2042 mair.

262 2063 301 2106 8.
320 2063 372 2107 Si
386 2065 519 2119 culpo.
540 2063 594 2107 In
613 2063 872 2121 quibusdam
899 2071 1057 2107 vetus-

203 2126 376 2172 tissimis
408 2118 723 2187 exemplaribus
758 2129 843 2174 hoc
875 2144 1057 2174 carmen

205 2192 266 2236 ita
284 2193 443 2251 legitur
465 2210 476 2238 ι

246 2261 282 2294 Si
297 2262 350 2294 eui
362 2262 405 2295 do
417 2263 541 2295 crimen
555 2287 566 2304 ‚
582 2263 788 2297 dissimulare
804 2272 912 2308 putus.

210 2321 337 2366 Idem
358 2331 422 2367 est
443 2340 594 2370 sensus
613 2342 624 2369 :
645 2327 701 2371 do
719 2331 874 2371 crimea
891 2360 904 2380 ,
929 2325 974 2371 id
994 2333 1060 2371 est

211 2387 439 2433 mendum.
469 2389 600 2435 ΜΔΕ.

266 2467 308 2512 9.
337 2455 390 2496 Ia
413 2459 455 2497 te
479 2471 647 2511 quoque.
684 2458 851 2513 Quoque
878 2455 951 2500 hic
970 2456 1062 2500 vim

209 2516 330 2560 illam
347 2517 494 2573 habet,
510 2523 560 2563 ut
577 2535 670 2563 non
692 2529 866 2564 tantum
873 2520 1064 2577 frigidus

212 2581 362 2625 videar
384 2583 431 2626 in
454 2583 544 2627 aliis
564 2585 716 2641 puellis
731 2618 743 2640 ,
764 2585 842 2629 sed
861 2586 994 2629 etiam
1014 2587 1061 2630 in

213 2654 256 2689 te
273 2678 285 2701 ,
318 2647 442 2704 cujus
461 2664 610 2692 amore
636 2649 790 2694 ardere
810 2650 1063 2694 vehemen-

212 2710 374 2757 tissime
395 2711 621 2757 debebam.
646 2714 811 2758 Bunm.

270 2792 334 2820 10.
371 2779 510 2821 Dicor
537 2795 679 2822 amon·
712 2783 827 2823 mon‘.
859 2780 1063 2824 Fuerunt

214 2857 404 2899 quorum
420 2857 545 2887 aures
558 2843 807 2889 delicatulas
816 2845 1065 2889 offenderet

212 2905 297 2950 hoc
318 2910 522 2972 xoexbfoeroy
541 2925 553 2960 3
594 2908 783 2967 ideoque
801 2927 825 2954 e
848 2911 1064 2955 Vaticano

213 2980 258 3016 et
278 2972 414 3018 Palat.
433 2974 576 3031 primo
594 3009 606 3031 ,
626 2993 767 3021 amore
778 2978 882 3034 frui
890 3010 903 3030 ,
932 2995 957 3022 e
978 2980 1065 3023 Pu-

213 3044 371 3080 teaueo
408 3043 511 3095 capi
524 3072 535 3090 ‚
571 3042 913 3099 supponendum
947 3060 1065 3087 cen-

214 3109 414 3156 suerunt,
428 3101 710 3150 immemores
717 3106 802 3151 hoc
816 3107 935 3151 idem
949 3107 1065 3165 apud

212 3166 416 3223 Propert.
435 3180 474 3209 11
488 3200 500 3223 ,
517 3168 638 3226 Eleg.
653 3183 694 3224 1,
715 3172 784 3229 47,
805 3187 1066 3218 occurrere:

219 3248 243 3269 «
266 3230 380 3274 Laus
399 3231 446 3274 in
466 3248 607 3277 amore
625 3239 741 3277 moti.
760 3253 795 3278 ν.

272 3312 290 3338 1
301 3313 334 3338 1.
357 3297 499 3353 Atque
514 3314 593 3354 ego
606 3303 784 3354 peccati
795 3303 947 3344 vellem
965 3304 1074 3346 mihi

213 3364 409 3404 cons'cius
439 3378 548 3405 esse.
604 3363 784 3408 Rectius
823 3363 980 3423 legitur
1020 3367 1067 3411 in

216 3426 533 3483 exemplaribus
555 3428 813 3484 quibusdam
828 3463 839 3484 ,
861 3433 981 3474 modo
994 3465 1004 3483 ,
1023 3432 1068 3475 id

220 3500 285 3536 est
306 3507 426 3537 nunc
445 3508 454 3538 ς
477 3493 596 3550 quasi
616 3493 733 3551 quod
755 3502 883 3539 antea
904 3495 1073 3541 noluis-

1136 1552 1218 1599 set,
1240 1559 1363 1588 nunc
1374 1542 1606 1588 insolentia
1626 1540 1839 1586 Corinna
1858 1556 1994 1584 coac-

1138 1618 1235 1653 tum
1250 1625 1295 1653 se
1317 1609 1426 1653 velle
1448 1608 1588 1659 dicat3
1630 1617 1679 1651 ut
1700 1606 1877 1664 posthac
1894 1622 1992 1649 eam

1138 1687 1163 1715 a
1182 1672 1368 1729 querelis
1396 1681 1441 1715 et
1469 1670 1883 1729 reprehensionibus
1911 1685 1991 1711 re-

1139 1745 1327 1781 moveat.
1350 1738 1562 1781 Mantus.
1844 1777 1847 1780 .

1202 1821 1262 1847 ια.
1309 1805 1398 1859 Qui
1423 1818 1607 1847 'nemete
1622 1837 1632 1852 ‚
1662 1802 1829 1860 seruat.
1859 1804 1969 1845 Fera
1983 1834 1996 1855 ,

1139 1867 1318 1913 Primus
1340 1867 1475 1912 Palat.
1492 1883 1572 1926 pro
1581 1867 1739 1924 seraa!
1754 1885 1767 1911 .’
1792 1875 1837 1911 et
1855 1876 1960 1910 tunc
1982 1899 1994 1921 ,

1139 1935 1262 1977 modo
1281 1937 1477 1977 conscius
1502 1933 1741 1990 legendum
1762 1941 1885 1977 esset.

1200 1999 1262 2041 13.
1283 2000 1406 2042 Nunc
1426 2003 1576 2042 temere
1591 2002 1826 2042 tasienalas.
1844 1997 1994 2054 Fingis

1139 2062 1325 2107 crimina
1340 2093 1353 2119 ‚
1373 2079 1471 2120 que
1487 2079 1578 2107 non
1594 2064 1752 2121 probes
1763 2097 1775 2118 ,
1791 2062 1911 2121 quod
1930 2071 1996 2107 est

1141 2128 1315 2186 proprie
1344 2131 1588 2171 insimulare
1613 2134 1765 2177 temere
1778 2162 1788 2179 ,
1825 2145 1881 2170 au
1909 2130 1999 2170 ha·-

1139 2195 1247 2236 sard
1256 2206 1273 2245 ,·
1298 2208 1427 2247 nam,
1448 2201 1498 2236 ut
1518 2193 1578 2236 ait
1592 2193 1773 2236 Festus:
1796 2192 1998 2235 Insmu·

1141 2268 1263 2300 LARB.
1279 2291 1289 2309 ‚
1313 2264 1470 2303 crimea
1486 2263 1531 2302 ia
1552 2261 1734 2315 aliquem
1754 2260 1997 2316 corfiagere.

1203 2325 1266 2366 15.
1290 2323 1503 2379 Adspice,
1539 2329 1590 2366 ut
1605 2328 1770 2366 auritus
1787 2331 1868 2366 etc.
1890 2321 1999 2377 Quo

1143 2387 1349 2431 tenderet
1379 2387 1471 2431 haec
1501 2388 1618 2432 aselli
1652 2404 1755 2432 cum
1793 2386 1995 2431 Corinna

1143 2452 1411 2509 comparatio
1431 2486 1444 2509 ,
1486 2453 1656 2496 Marius
1680 2452 1742 2498 sic
1777 2452 1998 2509 exposuit:

1147 2517 1545 2574 Quemadmodum
1563 2518 1716 2564 asellus
1734 2552 1746 2573 ,
1786 2517 1895 2561 dum
1916 2517 1996 2560 ni-

1143 2583 1286 2626 mium
1308 2592 1353 2627 et
1371 2585 1543 2626 assidue
1560 2584 1833 2637 verberatur,
1858 2591 1907 2626 ut
1925 2599 2000 2626 ce-

1143 2648 1275 2692 lerius
1308 2657 1378 2692 eat
1400 2682 1412 2704 ‚
1451 2648 1485 2691 it
1516 2658 1665 2693 tamen
1706 2649 1866 2693 lentius
1893 2664 1903 2691 ε
1939 2648 1999 2691 sic

1146 2713 1333 2760 Ovidius
1359 2718 1548 2759 assiduis·
1570 2715 1783 2759 Corinna
1811 2713 1998 2772 querelis

1145 2788 1190 2824 et
1222 2780 1597 2838 objurgationibus
1627 2789 1804 2824 vexatus
1825 2813 1836 2834 ,
1878 2778 1929 2822 fit
1949 2778 1996 2821 in

1145 2844 1237 2889 dies
1257 2845 1455 2904 frigidior
1471 2879 1483 2900 ‚
1517 2854 1562 2889 et
1582 2846 1630 2889 in
1657 2861 1808 2889 amore
1829 2847 1993 2887 lentim.

1146 2906 1351 2971 Micyllu's
1376 2927 1482 2955 vero
1504 2911 1557 2954 ad
1583 2911 1722 2968 ipsam
1750 2909 1996 2953 Corinnam

1145 2977 1307 3029 refert,
1348 2985 1393 3019 et
1423 2976 1736 3032 interpretatur
1768 2975 1823 3019 de
1859 2976 1996 3018 nimia

1147 3057 1232 3098 qua
1250 3040 1488 3084 delationes
1505 3041 1741 3098 excipiebat
1761 3041 1960 3085 facilitate
1982 3060 1994 3093 3

1147 3105 1265 3149 unde
1281 3105 1422 3148 multo
1438 3105 1584 3149 minus
1596 3105 1728 3163 ipsius
1739 3106 1814 3150 irae
1819 3109 2000 3162 pondus.

1150 3171 1276 3227 Quin
1308 3186 1389 3227 pro
1410 3171 1544 3228 priori
1559 3171 1768 3215 standum
1786 3171 1864 3227 sit,
1887 3171 1998 3214 nihil

1147 3235 1314 3280 dubito.

1205 3318 1269 3359 ¹7·
1290 3303 1427 3353 Ecce,
1450 3319 1597 3346 norum
1611 3302 1789 3346 crimea!
1810 3301 1999 3355 Ironice,

1149 3366 1354 3409 Tulliano
1371 3383 1496 3412 more
1510 3402 1523 3424 ,
1543 3368 1591 3411 in
1613 3367 1785 3426 Ligario
1807 3384 1818 3411 ε
1840 3370 2000 3411 Novum

1148 3436 1314 3482 crimen,
1334 3433 1378 3474 C.
1393 3435 1536 3475 Cesar
1544 3442 1625 3476 etc.
1641 3432 1779 3488 Quod
1797 3433 1896 3488 quia
1908 3449 1999 3475 non

1149 3505 1405 3551 senserunt,
1430 3498 1505 3555 qui
1535 3497 1750 3543 Ovidium
1783 3498 1888 3541 olim
1923 3513 2007 3540 ex·-
