2268 3776
506 323 761 380 ARTIS
801 321 1270 378 AMATORIAE
1311 322 1469 377 LIB.
1518 324 1649 377 ΙΙΙ.

1858 324 1966 399 379

200 446 310 505 Tot
337 442 464 503 licet
487 441 805 510 observent,
839 437 982 498 adsit
1009 436 1187 497 modo!
1207 451 1352 497 certa
1380 435 1636 497 voluntas
1655 482 1671 510 ‚

281 539 439 618 Quot
468 536 681 596 fuerant
710 536 863 612 Argo
895 532 1130 605 lumina,
1151 532 1323 592 ‘verba
1350 531 1525 592 dabis.
1580 531 1585 534 ’

201 633 420 715 Scilicet
449 630 697 692 obstabit
723 643 914 691 custos
934 675 948 702 ‚
976 652 1046 690 ne
1076 628 1312 689 scrihere
1341 627 1528 710 possis
1547 673 1565 699 ‚

282 725 567 789 Sumendae
596 726 758 787 detur
786 749 958 808 quum
987 725 1093 785 tibi
1119 739 1335 807 tenpus
1365 726 1562 806 aquae?

1882 741 1968 784 62·

204 823 438 886 Conscia
468 846 638 905 quum
664 821 846 905 possit
874 821 1111 904 scriptas
1132 826 1354 904 portare
1386 819 1644 891 tabellas,

283 919 438 999 Quas
472 932 618 1015 tegat
647 917 705 978 in
735 916 923 1000 tepido
951 916 1118 978 fascia
1142 916 1252 977 lata
1274 916 1437 976 sinu.
1424 917 1448 959 Ρ

200 995 391 1097 Quum
420 996 600 1098 possit
629 1035 755 1075 sura
780 1013 994 1075 chartas
1020 1012 1191 1074 celare
1214 1011 1444 1091 ligatas»,

280 1114 356 1174 Et
382 1112 568 1172 vincto
595 1109 829 1173 blandas
860 1111 964 1172 sub
994 1110 1134 1194 pede
1161 1109 1301 1171 ferre
1331 1109 1539 1169 notas?

203 1209 419 1270 Caverit
442 1209 557 1269 haec
589 1222 813 1269 custos:
838 1229 941 1290 pro
971 1206 1157 1268 charta
1186 1206 1407 1268 conscia
1430 1220 1647 1284 tergum

1889 1222 1976 1264 625

280 1305 554 1378 Praebeat3
583 1305 750 1388 inque
777 1327 880 1366 suo
911 1326 1145 1387 corpore
1173 1302 1340 1364 verba
1368 1302 1524 1363 ferat.

201 1403 349 1463 Tu‘ta
380 1426 600 1486 quoque
628 1416 711 1463 est
729 1449 744 1475 ‚
775 1400 1023 1485 fallitque
1050 1400 1243 1462 oculos
1267 1424 1296 1461 e
1323 1398 1463 1460 lacte
1491 1399 1694 1460 recenti

283 1500 466 1560 Litera
491 1523 503 1559 :
531 1498 788 1560 carbonis
815 1497 1038 1581 pulvere
1069 1512 1231 1574 tange
1254 1522 1268 1569 3
1300 1496 1466 1573 leges.

203 1593 376 1657 Fallet
402 1610 458 1656 et
483 1593 758 1655 humiduli
785 1618 905 1676 quae
925 1594 1019 1656 fiet
1046 1595 1292 1657 acumine
1322 1592 1457 1665 lini,

259 1761 354 1818 617.
392 1758 526 1802 Adsit
550 1758 670 1801 modo
698 1754 811 1801 certa‘
838 1761 1046 1801 vo'lunlas.

166 1843 172 1850 ‘
209 1826 392 1870 Variant
417 1825 563 1882 scripti
588 1833 631 1868 et
652 1823 754 1868 editi
774 1856 786 1880 ,
821 1824 1048 1882 inquibus

204 1896 345 1934 vestra
357 1923 367 1941 ‚
381 1900 482 1933 vera
494 1922 504 1940 ‚
522 1894 647 1944 pata
659 1900 674 1942 3
685 1887 761 1931 sed
774 1902 928 1931 omnes
938 1888 1048 1930 stus-

204 1964 292 1998 traz
313 1956 592 1998 velamanen
613 1951 734 1996 enim
750 1951 870 2008 quasi
890 1966 941 1994 ex
956 1965 1047 1994 non

202 2019 351 2076 inepta
359 2025 509 2061 tamen
518 2015 705 2060 lectione
716 2015 844 2059 unius
853 2015 1049 2059 Beruen-

205 2081 261 2125 si·
275 2112 287 2135 ,
303 2082 426 2124 ‘adsit
441 2082 564 2124 modo
581 2082 677 2122 sole
698 2081 896 2122 voluntas
914 2092 928 2131 ,⁸
967 2078 1049 2121 nisi

206 2144 530 2203 quodnam„-
539 2143 726 2188 habebat
734 2154 877 2198 mam,
890 2151 939 2185 ut
948 2141 1053 2185 dixit

206 2212 269 2267 11,
285 2211 514 2256 Amet-{BL
526 2223 602 2265 m,
614 2210 657 2265 ὃ,
672 2210 717 2253 in
726 2208 805 2253 hac
817 2208 972 2253 eadem
985 2223 1050 2262 re,

205 2281 422 2320 nontam!
429 2275 588 2333 ffel&
601 2272 715 2331 quod
721 2277 885 2317 voluere
894 2276 986 2316 duo.
1000 2272 1052 2315 Β.

261 2340 314 2384 62
322 2357 354 2384 1.·
377 2341 567 2383 Com-cm
575 2354 699 2395 quum
706 2341 858 2394 possit.
871 2337 1027 2380 Malim
1038 2371 1050 2389 ,

209 2408 395 2456 Nartem,
416 2414 668 2463 quanquam
690 2412 734 2448 et
748 2403 932 2448 alterum
950 2414 1058 2461 pro-⁴

210 2472 318 2515 bum
337 2479 415 2514 est.
435 2469 602 2514 Hmns.
621 2490 677 2502 ·-—-
699 2469 834 2512 Recte
853 2473 1054 2523 conscia,-

210 2531 284 2578 ital
301 2535 432 2578 etiam
464 2531 716 2590 simpliciter
728 2565 740 2587 ,
758 2531 877 2589 -apud
899 2532 1055 2576 Horat.

210 2601 281 2646 lib.
300 2601 346 2655 Ι,
363 2601 453 2645 sat.
471 2614 529 2652 11,
551 2599 863 2642 13021U11remm
875 2614 925 2642 se
936 2605 1059 2643 cons-

212 2668 284 2707 cia
300 2662 464 2708 clamet.

266 2730 362 2774 δυ.
404 2732 457 2773 In
484 2732 635 2787 tepido²
642 2730 797 2786 fascia
831 2732 926 2772 lata
952 2733 1059 2772 sinu.

213 2797 368 2840 Fascia
376 2799 515 2852 longa,
531 2794 745 2840 Politiani.
756 2796 857 2839 Huc
870 2795 1060 2853 pertinet

215 2860 541 2918 Turpiliilocus‚
554 2861 665 2919 apud
678 2862 874 2906 Nonium
884 2861 927 2904 in
940 2861 1059 2905 Stro-

216 2925 393 2982 phium:
407 2943 428 2965 α
442 2927 520 2971 Me
534 2928 738 2972 miseram
752 2963 762 2980 ,
781 2927 883 2985 quid
899 2944 1023 2986 agam
1036 2928 1065 2971 ’ᾖ

217 2992 333 3035 inter
350 2992 440 3036 vias
457 2993 635 3050 epistola
659 2994 814 3038 excidit
834 2994 942 3037 mihi
959 3010 970 3037 z
993 2996 1060 3038 in-

217 3053 342 3098 felix!
362 3055 480 3099 inter
511 3057 704 3099 tunicam
737 3073 785 3100 ac
816 3057 1061 3114 strophium

218 3117 539 3162 collocaveram.
558 3138 580 3157 ³³
605 3119 768 3163 Bunm.

273 3184 366 3227 623.
392 3186 515 3227 Solea
537 3187 708 3228 chartas
731 3189 866 3230 celare
893 3191 1063 3243 ligulas.

221 3249 327 3290 Sura
351 3247 484 3291 editio
506 3249 646 3305 prima
679 3258 724 3294 et
748 3251 894 3308 scripti
923 3269 1064 3309 praes-

221 3315 431 3358 tantiores
447 3348 459 3370 ,
481 3331 642 3373 magno
662 3333 851 3360 numero
874 3331 884 3358 t
910 3328 1028 3363 recte
1049 3352 1061 3374 ,

222 3381 306 3424 nisi
331 3381 449 3437 quod
481 3382 631 3425 malim
648 3416 659 3436 ‚
692 3399 791 3426 sura
813 3387 961 3439 ligata.
992 3383 1065 3428 Sic

224 3447 406 3490 vinctum
429 3449 584 3500 pedem,
614 3462 715 3491 mox
745 3445 856 3492 dicet
888 3463 898 3491 τ
938 3447 1065 3491 fascia

1129 1757 1248 1801 enim
1259 1772 1371 1801 sure
1382 1754 1696 1812 obligabantur.
1710 1752 1781 1797 Sic
1790 1769 1895 1796 sure
1907 1770 1976 1797 co-

1127 1826 1278 1866 thama
1288 1826 1458 1865 em‘nctae
1470 1820 1647 1863 Maroni
1660 1852 1673 1874 ,
1697 1819 1788 1862 Ed.
1802 1834 1892 1874 vu,
1914 1821 1979 1863 32.

1131 1887 1221 1930 Pro
1233 1888 1404 1929 char-tas
1416 1883 1549 1927 etiam
1568 1898 1681 1926 unus
1697 1882 1859 1940 Regius
1877 1899 1976 1927 cum

1130 1953 1270 2011 prima
1285 1951 1476 1996 editione
1492 1984 1504 2004 ,
1522 1965 1641 1994 ceras
1654 1984 1663 2000 ,
1688 1957 1732 1992 et
1753 1950 1810 1992 ita
1824 1950 1978 2007 passim

1133 2018 1294 2062 Noster
1313 2033 1325 2060 τ
1348 2031 1485 2059 ceram
1501 2030 1616 2057 unus
1637 2013 1885 2059 Vaticanus.
1910 2013 1980 2058 De

1134 2080 1250 2125 solea
1272 2095 1459 2136 sequens
1484 2093 1633 2122 versus
1649 2086 1714 2120 cst
1733 2077 1982 2136 intelligen-

1135 2144 1227 2188 dus.
1248 2143 1414 2186 Hmus.
1441 2142 1532 2185 Pro
1551 2146 1716 2194 vincto,
1737 2146 1873 2184 lenem
1894 2142 1981 2185 Pa-

1135 2207 1318 2251 taviniis.
1338 2209 1459 2250 Ferre
1464 2220 1611 2260 preces
1631 2205 1764 2248 etiam
1782 2204 1981 2258 Vossian.

1189 2273 1284 2333 629.
1300 2275 1439 2315 Fallet
1445 2278 1488 2316 e!
1502 2272 1717 2315 humiduli.
1730 2270 1871 2315 Locus
1886 2270 1979 2314 sine

1137 2335 1269 2380 dubio
1286 2344 1516 2394 corruptus
1534 2351 1546 2379 t
1558 2335 1696 2392 fallet
1711 2341 1755 2379 e!
1769 2351 1825 2378 et
1838 2336 1990 2378 humili

1137 2402 1225 2445 duo
1257 2402 1425 2447 codices
1453 2413 1464 2442 ε
1491 2403 1672 2458 liquefiet
1696 2404 1887 2444 acumine
1905 2403 1991 2443 lim·

1137 2467 1435 2523 Vatican'.'qna
1450 2470 1511 2509 sit
1526 2469 1718 2509 acumine
1731 2499 1742 2517 ,
1761 2465 1827 2508 vel
1840 2497 1853 2519 ,
1868 2480 1899 2507 a
1918 2481 1983 2507 se-

1139 2537 1271 2587 mine,
1299 2533 1393 2588 vel,
1417 2536 1469 2576 de
1487 2536 1642 2575 sennim
1660 2530 1833 2588 Aprosii
1849 2545 1983 2573 :acu-

1138 2602 1249 2641 mine
1268 2601 1381 2654 ligni
1399 2597 1600 2641 Francos.
1618 2603 1663 2639 et
1689 2595 1807 2639 alius.
1837 2594 1981 2638 Ilein*

1139 2662 1351 2706 sius-olim
1371 2662 1617 2719 conjecerat
1633 2694 1644 2715 ,
1666 2663 1850 2703 alumine
1862 2663 1988 2710 nita,-

1122 2727 1221 2771 *sed
1252 2742 1307 2770 an
1336 2735 1454 2770 recte
1476 2725 1671 2776 dicatur,
1706 2727 1872 2766 alumen
1891 2726 1996 2764 nitri

1141 2790 1294 2834 dubito
1313 2792 1456 2844 forte,
1477 2792 1683 2836 humiduli
1698 2789 1875 2844 queste!
1890 2789 1987 2828 alu-

1141 2861 1251 2900 mine
1270 2861 1398 2900 lint:
1429 2855 1561 2898 fiebat
1580 2855 1702 2897 enim
1735 2853 1911 2896 alumen
1935 2868 1987 2895 ex

1141 2921 1253 2981 ‘W
1266 2932 1310 2967 et
1326 2927 1447 2973 limo,
1467 2929 1574 2964 teste
1591 2920 1735 2964 Plinio
1754 2919 1826 2962 lib.
1847 2932 1983 2971 xxxv,

1148 3006 1225 3042 1²3
1249 2999 1294 3033 et
1316 2991 1469 3043 Voss„
1490 2987 1561 3030 lib.
1575 3001 1618 3041 Ι,
1641 2986 1695 3029 de
1716 3002 1765 3029 re
1784 2985 1987 3029 Gramm.

1142 3074 1177 3100 c.
1200 3058 1254 3111 4ο
1268 3089 1280 3110 ,
1301 3055 1426 3099 docet
1442 3054 1632 3097 alumine
1651 3061 1695 3096 et
1711 3068 1837 3096 succo
1854 3051 1991 3111 tithy-

1143 3123 1247 3166 mali
1267 3121 1452 3166 occultas
1474 3120 1620 3163 literas
1646 3118 1784 3163 scribi.
1811 3118 1986 3161 Penta—

1145 3199 1338 3233 metrum
1348 3203 1453 3231 vero
1471 3186 1526 3230 de
1541 3187 1620 3230 alia
1634 3186 1796 3230 fallacia
1809 3185 1986 3243 capien-

1146 3257 1253 3300 dum
1272 3265 1403 3312 puto;
1428 3269 1532 3298 nam
1551 3253 1638 3297 huc
1655 3269 1792 3310 usque
1814 3253 1868 3296 de
1891 3252 1987 3296 lite-

1144 3321 1202 3363 ris
1226 3320 1271 3362 in
1295 3319 1442 3362 charta
1463 3318 1532 3362 vel
1556 3318 1812 3361 membrana
1839 3317 1986 3360 oculos

1145 3383 1409 3440 fugientibus
1441 3382 1557 3440 egit,
1595 3381 1711 3438 quod
1740 3381 1794 3424 de
1822 3380 1988 3424 tabellis

1147 3446 1300 3491 ceratis
1319 3446 1500 3503 intelligi
1518 3445 1672 3503 nequit
1689 3458 1698 3487 :
1724 3461 1855 3501 quare
1873 3477 1885 3500 ,
1907 3443 1987 3488 nisi
