2268 3776
324 308 423 361 192

778 288 842 339 P.
909 287 1198 344 OVIDII
1245 288 1626 346 NASONIS

384 403 592 465 Tristia
621 423 980 480 cum-magno
1015 403 1212 467 damna
1237 405 1451 490 pudore
1485 407 1607 468 tuli.

305 504 462 563 Hanc
491 497 653 561 etiam
682 523 800 560 non
830 514 914 561 est
941 524 1062 562 mea
1093 502 1389 581 dedignata
1409 503 1598 588 puella

383 596 638 659 Molliter
665 596 888 658 admota
918 596 1222 659 sollicitare·
1244 623 1442 673 manu;

302 695 412 756 Sed
438 709 735 778 postquam
768 694 950 756 nullas
984 720 1318 775 consurgere
1347 720 1515 780 posse
1540 720 1640 780 per
1669 711 1811 757 artes
1831 745 1844 770 ,
2039 715 2092 770 75

381 794 874 875 Immemoremque
905 794 992 853 sui
1021 794 1388 876 procubuisse
1407 842 1422 869 ‚
1448 795 1632 867 videt·,

301 889 457 969 Quid
486 913 571 950 me
601 888 781 963 ludis,
814 889 927 951 ait?
959 890 1083 973 quis
1118 905 1170 951 te
1189 938 1204 963 ,
1233 890 1374 953 male
1405 916 1534 953 sane
1552 940 1568 965 ‚
1595 891 1829 974 jubebat

381 986 625 1047 Invitum
653 1001 850 1048 nostro
883 1011 1092 1070 ponere
1117 989 1364 1049 membra
1397 1003 1524 1050 toro
1548 990 1572 1049 Ρ

299 1085 416 1145 Aut
445 1100 497 1145 te
528 1084 766 1169 trajectis
797 1085 947 1145 AEaea
975 1083 1214 1146 venefica
1241 1084 1384 1146 lanis

378 1184 628 1243 Devovet
647 1208 674 1248 ;χ
686 1197 782 1243 aut
811 1181 919 1242 alio
949 1181 1127 1244 lassus
1157 1207 1342 1243 amore
1371 1183 1542 1244 veniS.
2037 1201 2092 1241 80

297 1281 414 1341 Nec
442 1303 600 1340 mora
623 1304 635 1339 ε
663 1277 888 1340 desiluit
918 1280 1106 1340 tunica
1134 1278 1309 1341 velata
1338 1280 1612 1353 recincta3

380 1378 456 1436 Et
485 1376 670 1438 decuit
698 1377 884 1437 nudos
916 1377 1261 1460 proripuisse
1289 1377 1476 1460 pedeS.

297 1477 444 1536 Neve
476 1498 587 1536 suae
614 1490 848 1559 possent
873 1475 1134 1535 intactam
1165 1475 1301 1536 seire
1331 1475 1625 1545 ministrae,

377 1571 633 1634 Dedecus
662 1571 771 1633 hoc
802 1586 983 1632 sumta
1012 1570 1379 1632 dissimulavit
1407 1595 1563 1655 aqua.

298 1739 499 1782 Francos.
522 1738 725 1782 Scriverii
744 1747 788 1781 et
805 1738 895 1781 duo
912 1738 982 1781 alii
1002 1751 1012 1778 ε
1030 1737 1150 1795 quod

298 1806 468 1850 admitti
492 1814 634 1863 posset
662 1821 715 1849 eo
734 1822 866 1850 sensu
883 1839 895 1860 ‚
922 1821 1009 1862 quo
1036 1805 1151 1848 vidi-

298 1888 395 1915 mus
408 1872 480 1915 lib.
499 1885 537 1913 11
555 1904 566 1924 ,
593 1871 748 1914 Amor.
768 1886 796 1914 x
809 1904 821 1927 ,
850 1871 926 1922 2f›;
950 1869 1026 1913 sed
1044 1879 1150 1913 tunc

298 1934 657 1992 distinguendum
689 1951 699 1978 z
734 1937 816 1978 Per
843 1941 884 1977 le
915 1937 1110 1989 deceptus
1136 1949 1150 1977 .·

294 1997 464 2043 inermis
492 2001 535 2041 T
528 2003 650 2042 rislt'a
667 2008 748 2043 etc.
767 2001 877 2041 tuli:
898 2007 941 2042 et
964 1998 1023 2041 ita
1043 1998 1150 2042 vul-

298 2072 396 2120 gata
419 2063 546 2107 lectio
566 2062 705 2106 videri
728 2072 873 2120 posset
895 2063 1083 2106 formata
1100 2065 1152 2106 ex

297 2127 427 2171 simili
450 2128 545 2170 loco
564 2127 718 2174 Amor.
739 2140 776 2168 11
793 2160 804 2181 ,
829 2141 857 2169 x
873 2159 885 2181 ,
912 2127 949 2170 3.
982 2127 1150 2170 BURM.

357 2198 419 2251 75.
453 2197 712 2251 Consurgere.
755 2194 932 2238 Rectius
962 2195 1074 2238 sorte
1102 2194 1150 2236 in

297 2258 600 2315 manuscriptis
621 2258 933 2315 exemplaribus
960 2259 1118 2316 legitur
1133 2291 1145 2313 ‚

298 2339 534 2378 assurgere,
561 2322 606 2365 id
631 2332 694 2366 est
710 2327 850 2378 arrqui.
871 2322 1002 2365 MAR.
1031 2324 1150 2366 Con-

297 2403 480 2442 surgere,
508 2387 722 2430 meliores.
736 2389 992 2442 Exsurgere‚
1011 2387 1041 2429 J
1043 2385 1148 2429 unii.

359 2471 421 2513 79.
438 2456 582 2498 Lam's.
594 2455 903 2499 Excantatores
913 2454 1033 2497 enim
1043 2453 1149 2498 duas

297 2517 514 2574 imagines
528 2551 540 2573 ,
565 2535 616 2561 ex
631 2519 728 2561 lana
743 2518 923 2562 alteram
938 2551 950 2573 ,
968 2518 1149 2561 alteram

299 2599 351 2626 ex
371 2599 470 2626 cera
487 2582 711 2640 fingebant
729 2599 738 2626 :
758 2583 883 2626 lanea
903 2583 1045 2638 major
1062 2599 1148 2626 ce-

299 2663 422 2690 ream
453 2648 636 2704 urgebat
654 2665 664 2699 ;
707 2663 832 2690 cerea
868 2656 1015 2690 autem
1053 2656 1145 2691 tota

300 2713 460 2756 acubus
472 2711 603 2755 infixa
621 2711 675 2754 ad
694 2711 843 2769 ignem
859 2711 1144 2771 liquescebat,

297 2780 345 2822 in
367 2781 484 2837 ejus,
519 2779 593 2836 qui
610 2778 905 2822 devovebatur
923 2811 934 2834 ,
957 2794 1145 2835 poenam.

298 2871 354 2881 ·-
369 2849 607 2906 Perperam
624 2846 751 2891 multi
763 2845 944 2901 codices,
965 2847 1062 2889 an
1075 2862 1145 2889 ve·-

1230 1739 1380 1796 nefica‚·
1394 1708 1471 1781 sed
1483 1738 1616 1787 AEaea,
1638 1749 1719 1793 pro
1736 1732 1955 1788 Colchica,
1971 1733 2082 1777 bene

1231 1819 1275 1846 se
1300 1801 1447 1845 habet.
1471 1801 1642 1844 Hnms.

1287 1869 1353 1910 81.
1377 1868 1468 1910 Nec
1483 1881 1599 1908 mora
1616 1881 1628 1907 .'
1645 1865 1844 1907 dessiluit.
1864 1862 1963 1906 Imo
1978 1895 1990 1916 ‚
2013 1864 2084 1904 de-

1231 1934 1370 1981 siluit,
1391 1939 1442 1975 ut
1458 1939 1521 1975 est
1539 1930 1586 1973 in
1604 1928 1855 1973 melioribus
1876 1927 1956 1971 :de
1971 1927 2083 1971 lecto

1234 1995 1444 2039 videlicet.
1487 1994 1560 2039 Sic
1587 2010 1717 2051 supra
1738 1993 1889 2051 Elegia
1912 1991 2053 2050 prima
2068 2024 2079 2046 ,

1234 2059 1288 2104 de
1312 2059 1513 2104 Corinna
1531 2058 1685 2103 itidem
1704 2074 1715 2101 :

1230 2131 1413 2172 Delabique
1428 2137 1500 2162 toro
1512 2129 1624 2161 tunica
1638 2128 1745 2160 velata
1755 2126 1907 2158 recincta.
1924 2125 2059 2159 Hmns.

1287 2196 1353 2239 82.
1382 2195 1652 2248 proripuisse.
1686 2191 1867 2250 Legitur
1890 2201 1934 2235 et
1958 2207 2082 2247 pra·-

1229 2262 1406 2314 ripuisse
1423 2270 1436 2297 .·
1458 2266 1696 2313 utrumque
1714 2264 1846 2300 recte.
1867 2255 2000 2298 MAR.

1286 2325 1352 2378 84.
1376 2325 1572 2367 Dedecus
1593 2325 1674 2366 hoc
1692 2328 1832 2366 sumta
1851 2330 1933 2365 etc.
1963 2321 2083 2367 Nihil

1232 2388 1416 2432 omnino
1441 2387 1494 2431 ad
1515 2387 1629 2432 hanc
1655 2387 1837 2446 elegiam
1855 2384 2082 2430 adnotan—

1231 2455 1339 2498 dum
1356 2454 1608 2510 existimavi,
1618 2454 1707 2498 sive
1715 2470 1881 2510 sensus,
1891 2454 1980 2498 sive
1989 2469 2082 2497 mo·

1229 2536 1330 2563 rum
1351 2527 1563 2577 respectu.
1586 2519 1749 2564 Sensus
1773 2519 1931 2577 quippe
1950 2519 2051 2563 satis
2066 2553 2079 2574 ,

1230 2601 1287 2628 ne
1316 2585 1508 2628 nimium
1539 2583 1680 2629 dicam
1698 2618 1710 2641 ‚
1747 2585 1898 2629 obvius
1921 2600 1931 2627 :
1960 2583 2079 2641 quod

1228 2665 1333 2693 vero
1363 2649 1417 2693 ad
1439 2665 1586 2693 mores
1613 2658 1776 2706 spectat
1791 2682 1804 2706 ,
1839 2649 1982 2693 tenuit
2004 2664 2076 2691 me

1226 2714 1391 2772 pudor,
1417 2715 1492 2772 qui
1511 2715 1648 2758 vetuit
1674 2715 1780 2758 olim
1807 2731 1865 2759 ne
1891 2713 2076 2770 Quinti-

1225 2781 1366 2825 lianus
1384 2783 1604 2824 Horatium
1616 2785 1662 2824 in
1677 2783 1922 2837 quibusdam
1936 2781 2076 2824 inter-

1226 2853 1485 2902 pretaretur.
1507 2845 1646 2891 Instit.
1666 2858 1706 2901 1,
1735 2847 1796 2901 14.
