2268 3776
555 300 943 357 AMORUM
987 299 1073 353 11.

1879 302 1977 353 103

1126 298 1374 353 ELEG.
1429 298 1619 352 VIII.

213 453 1980 485 *m

747 567 1143 641 ELEGIA
1193 569 1425 640 VIII.

272 891 333 923 An
363 890 827 934 cYPAss1N:QUAEn1·1·
858 889 1031 925 Auxms
1063 893 1191 925 unns.
1221 892 1454 924 rum-ivos
1486 891 1697 924 nmium
1732 889 1920 923 Auonzs

749 955 979 1006 'commu
1009 973 1419 1006 nzpnznznnzmr.

206 1113 272 1198 P
279 1158 318 1204 ο
330 1155 589 1203 NENDIS
616 1140 674 1200 in
702 1137 851 1201 mille
879 1138 1079 1200 modos
1107 1137 1346 1223 perfecta
1378 1137 1591 1223 capillis
1610 1185 1625 1211 ‚

286 1242 515 1303 Comere
545 1238 639 1301 sed
672 1238 817 1300 solas
849 1238 1040 1318 digna,
1076 1237 1334 1321 Cypassi,
1368 1237 1548 1298 Deas:

203 1339 280 1398 Et
301 1336 438 1397 mihi
464 1336 709 1418 jucundo
741 1360 859 1396 non
884 1335 1089 1399 rustica
1119 1333 1341 1412 cognita
1366 1331 1546 1405 furto;

284 1435 435 1517 Apta
461 1433 683 1517 quidem
714 1433 978 1506 dominae,
1011 1432 1107 1493 sed
1138 1431 1312 1510 magis
1340 1444 1468 1512 apta
1498 1429 1667 1501 mihi,

211 1531 355 1612 Quis
376 1529 485 1590 fuit
510 1529 654 1590 inter
682 1554 787 1591 nos
810 1529 1002 1590 sociati
1034 1527 1289 1611 corporis
1323 1525 1486 1587 index
1508 1528 1533 1587 ἓ

291 1625 478 1686 Sensit
504 1626 836 1686 concubitus
865 1625 1012 1686 unde
1044 1624 1288 1708 Corinna
1318 1624 1487 1683 tuos?

210 1722 568 1798 Numtamen
599 1723 826 1795 erubui,
857 1746 1018 1794 num,
1052 1721 1224 1782 verbo
1255 1718 1445 1802 lapsus
1474 1718 1532 1779 in
1563 1715 1710 1789 ullo,

289 1818 525 1879 Furtivae
553 1819 783 1880 Veneris
812 1819 1029 1880 conscia
1064 1818 1222 1896 signa
1254 1816 1426 1877 dedi?

210 1913 397 1994 Quid,
433 1914 586 1998 quod
616 1915 674 1975 in
695 1915 897 1982 ancilla
926 1916 973 1976 si
1004 1915 1129 1999 quis
1153 1913 1475 1997 delinquere
1501 1927 1722 1996 posset,
1799 1921 1801 1923 ’

263 2091 298 2118 ι.
335 2075 548 2118 Ponendis
577 2078 623 2117 in
653 2077 769 2118 mille
796 2076 943 2118 modos
974 2083 1056 2118 etc.

205 2138 332 2184 Pexis
363 2138 446 2183 rite
477 2138 668 2183 crinibus
689 2171 700 2193 ‚
743 2147 788 2183 et
816 2139 939 2182 omni
962 2155 1057 2182 un-

206 2212 473 2262 guentorum
493 2219 653 2260 genere
671 2202 878 2260 irrigatis,
903 2204 1057 2248 ultima

205 2275 330 2314 tanto
351 2269 471 2325 operi
491 2284 648 2314 manus
683 2268 885 2313 addenda
916 2285 1056 2326 supe-

205 2340 324 2378 rerat
342 2347 353 2376 :
370 2332 491 2390 quod
512 2333 807 2377 ministerium
823 2366 835 2389 ,
859 2350 940 2391 pro
965 2350 1057 2390 gra·

207 2395 338 2440 vitate
351 2429 364 2451 ,
403 2396 658 2442 ancillarum
679 2398 947 2454 peritissimae
969 2398 1058 2442 de-

210 2460 512 2509 mandabatur.
533 2462 637 2509 Non
651 2463 773 2506 enim
788 2462 907 2506 idem
923 2480 1059 2507 oma-

207 2531 356 2573 tn‘cum
370 2560 381 2577 .
418 2525 536 2584 quod
569 2533 847 2571 cometarum
883 2545 1059 2573 munus.

212 2591 458 2638 (jx-natricis
478 2601 574 2639 erat
593 2593 766 2650 capillos
784 2610 836 2639 ex
854 2595 976 2639 omni
994 2611 1060 2638 ca-

210 2657 309 2715 pitis
322 2658 499 2717 partein
509 2660 662 2705 nodum
669 2659 887 2716 colligere,
903 2659 1060 2718 (quem

211 2722 352 2767 Graeci
373 2726 552 2781 κόρυμὸον
572 2755 584 2778 ,
615 2723 683 2767 vel
715 2727 897 2787 κρῶἕυλον
921 2741 1058 2769 voca-

209 2787 317 2833 bant
332 2785 379 2844 ς)
403 2796 448 2833 et
466 2790 582 2833 mille
603 2791 738 2832 modis
755 2789 922 2833 variare
946 2805 957 2832 ε
975 2789 1060 2834 hoc

209 2853 332 2898 enim
347 2867 572 2899 summum
592 2854 694 2898 artis
714 2855 948 2898 ornatoriae
963 2887 976 2910 ,
1006 2872 1060 2898 ne

210 2921 278 2962 bis
296 2922 342 2964 in
364 2921 506 2971 Heme
536 2927 582 2963 et
602 2919 697 2977 plus
722 2919 921 2963 minusve
942 2920 1066 2978 apud-

212 2981 441 3029 dominam
473 2984 608 3041 gratia
633 2984 802 3032 valebat
833 2986 1026 3030 ornatrix
1044 3019 1057 3042 ,

213 3062 302 3103 quo
319 3048 416 3105 plus
436 3050 635 3094 minusve
656 3051 859 3096 novitatis
881 3068 1032 3104 amans
1044 3087 1056 3108 ,

213 3121 259 3156 et
277 3128 496 3161 novorum
515 3115 733 3160 inventrix
750 3116 986 3175 ingeniosa.
1004 3139 1062 3158 -—·

211 3177 413 3234 Perfida
429 3182 612 3235 capilltk.
626 3180 679 3224 In
701 3181 896 3238 quodam
911 3182 1059 3228 codiee

204 3243 412 3298 presbcta
443 3245 653 3302 scriptum
686 3255 776 3301 est,
815 3247 934 3303 quod
965 3264 1058 3293 non

213 3310 400 3352 omnino
419 3309 614 3367 displicet
633 3327 643 3355 :
664 3312 919 3357 ancillarum
939 3314 1061 3357 enim

215 3375 415 3431 quaedam
433 3378 568 3434 epulis
590 3380 802 3435 praesectae
822 3389 940 3435 sunt,
955 3397 1062 3437 quas

218 3456 374 3498 coquas
397 3442 640 3500 adpellant;
663 3445 755 3490 aliae
770 3445 935 3503 pensis3
952 3462 1063 3491 non-

1137 2074 1273 2118 nullae
1283 2072 1497 2117 ornandis
1509 2071 1702 2116 domine
1710 2070 1994 2128 capillis.Proe-

1124 2142 1263 2197 ficeoe
1293 2139 1414 2182 enim
1430 2170 1443 2191 ‚
1492 2137 1613 2182 unde
1638 2136 1867 2192 prefectus
1881 2170 1891 2184 ,
1934 2145 1995 2178 est

1140 2202 1263 2247 alicui
1280 2204 1344 2246 rei
1354 2202 1503 2246 admin
1511 2201 1715 2247 istu-anda
1727 2216 1997 2259 preponere.

1195 2270 1232 2311 5.
1257 2269 1634 2323 Soct‘aticorponlr.
1656 2270 1858 2316 Faedenzr,
1882 2282 1997 2309 unus

1140 2333 1340 2384 Heinsii3
1364 2337 1556 2376 cnm'm‘s
1573 2332 1685 2376 alter
1704 2347 1715 2375 ε
1734 2347 1836 2375 mox
1850 2365 1862 2385 ,
1884 2349 1995 2375 con-

1138 2400 1443 2441 cubuusaeovos
1452 2398 1809 2450 Scriveriizmeos‚
1816 2397 1867 2439 M
1870 2396 1994 2439 oreti.

1197 2481 1233 2519 7.
1248 2465 1344 2507 Non
1357 2469 1512 2506 tamen.
1525 2465 1636 2506 Nam
1650 2479 1735 2506 non
1746 2462 1856 2505 alter
1868 2463 1995 2505 Men-

1140 2529 1244 2571 telii.
1259 2531 1383 2573 Nunc
1400 2534 1549 2572 tamen
1567 2529 1824 2572 Puteaneus
1845 2544 1856 2570 ε
1875 2527 1966 2586 lege
1983 2561 1994 2581 ‚

1140 2596 1252 2639 Num
1264 2599 1405 2638 lamen
1421 2611 1436 2637 .-
1450 2610 1554 2638 nam
1576 2594 1694 2637 idem
1714 2594 1851 2638 codex
1870 2610 1993 2642 mox.

1140 2677 1239 2704 num
1270 2664 1396 2704 vetabo
1423 2677 1526 2705 cum
1558 2661 1849 2718 Neapolitano
1881 2676 1891 2703 :
1924 2677 1995 2704 sex

1142 2726 1211 2769 alii
1226 2760 1237 2777 ‚
1260 2743 1344 2769 nou
1362 2729 1489 2770 verbo
1508 2743 1522 2769 ,⁰
1541 2726 1730 2783 vulgati,
1753 2741 1843 2768 nec.
1866 2726 1924 2768 H.

1155 2829 1157 2831 .
1195 2809 1235 2851 9.
1272 2795 1390 2849 Quid
1410 2794 1525 2849 quod
1549 2797 1595 2835 1⁰11
1632 2793 1846 2833 ancillam.
1890 2791 1996 2833 An·-

1139 2861 1243 2900 cilla
1262 2859 1421 2902 rectius
1450 2859 1723 2906 pateamus,
1750 2871 1854 2898 cum
1875 2871 1995 2910 qua-

1141 2932 1246 2968 tuor
1267 2923 1358 2966 aliis
1371 2939 1382 2966 ε
1398 2922 1487 2965 duo
1498 2955 1511 2976 ,
1533 2915 1720 2964 ancillas
1732 2936 1745 2962 .·
1757 2923 1995 2977 delinquere

1139 2994 1186 3033 in
1203 2992 1367 3032 ancilla
1381 3022 1393 3043 ‚
1413 2997 1462 3031 ut
1481 2993 1551 3030 uei
1564 2991 1610 3030 iu
1624 2990 1772 3043 aliqua
1789 2995 1834 3029 et
1850 2989 1994 3029 ardere

1140 3059 1187 3098 1⁶2
1204 3058 1366 3111 aliqua‚·
1381 3051 1629 3109 cujusmodi
1649 3051 1892 3096 locutiones
1905 3068 1997 3108 pas·

1139 3121 1225 3165 sim
1245 3119 1359 3176 apud
1378 3120 1616 3173 Nostrum,
1634 3126 1685 3161 ut
1705 3131 1747 3173 1,
1770 3116 1864 3160 Art.
1887 3118 1966 3174 732
1987 3134 1996 3158 :

1181 3188 1328 3221 Pallidus
1340 3189 1376 3218 ῦι
1393 3187 1485 3218 lenta
1498 3187 1613 3218 Naida
1626 3185 1775 3228 Daphnis
1787 3192 1870 3216 ent.

1144 3250 1205 3294 Et
1231 3264 1288 3293 111
1307 3283 1319 3304 ,
1355 3249 1510 3292 Amor.
1530 3250 1584 3303 6,
1610 3251 1662 3291 25
1683 3264 1694 3291 :

1142 3326 1283 3357 Inachus
1295 3325 1330 3355 in
1345 3325 1457 3356 Melia
1468 3323 1647 3366 Bithynide
1659 3322 1801 3364 pullidus
1815 3322 1878 3353 isse

1181 3386 1313 3417 Dicitur
1326 3409 1335 3423 ‚
1352 3391 1383 3415 et
1396 3385 1511 3425 gelidis
1528 3385 1703 3415 ino-luisse
1719 3384 1821 3415 vadis.
1835 3383 1970 3415 litum.

1143 3470 1199 3479 —
1220 3446 1356 3491 Recte
1373 3445 1584 3490 Heinsius
1602 3461 1612 3490 ε
1630 3445 1761 3502 longe
1781 3445 1902 3490 enim
1925 3445 1992 3487 di-
