2268 3776
569 289 834 346 ARTIS
885 289 1360 347 AMATORIAE
1404 294 1562 348 LIB.
1613 293 1698 348 ΙῙ.

1922 296 2023 350 3οι

248 406 440 468 Paruit
469 406 703 489 imperio
736 405 975 467 dominae
1003 406 1333 491 Tirynthius
1356 409 1539 471 heros.

327 507 355 567 I
385 528 562 577 nunc;
596 518 652 565 et
681 503 875 565 dubita
899 503 1065 579 serre,
1098 504 1252 589 quod
1280 504 1373 567 ille
1404 506 1570 568 tulit:

245 604 448 663 Jussus
474 600 663 662 adesse
686 599 840 675 foro,
865 602 1019 683 jussa
1042 602 1315 664 maturius
1344 603 1485 664 hora

326 699 433 759 Fac
461 722 679 783 semper
706 699 926 771 venias3
959 724 1060 760 nec
1089 699 1201 761 nisi
1229 722 1384 761 serus
1413 700 1523 760 abi.

247 794 521 856 Occurras
548 794 737 879 aliquo
764 796 869 856 tibi
893 796 1131 858 dixerit?
1154 796 1340 858 omnia
1369 796 1560 869 differ3

1954 821 2037 863 225

328 890 531 969 Curre3
565 917 666 955 nec
694 894 978 977 inceptum
1009 893 1173 955 turba
1193 908 1444 956 moretur
1471 894 1592 956 iter.

244 989 421 1072 Nocte
451 988 678 1052 domum
707 1006 963 1075 repetens
992 990 1172 1075 epulis
1198 992 1490 1075 perfuncta
1518 991 1724 1053 redibit
1747 1016 1761 1053 z

325 1086 487 1148 Tunc
515 1112 739 1172 quoque
766 1112 869 1172 pro
903 1113 1062 1150 servo
1080 1135 1095 1163 ‚
1127 1090 1176 1151 si
1206 1104 1367 1151 vocat
1394 1088 1516 1162 illa,
1549 1090 1689 1149 veni.

243 1185 398 1246 Rure
428 1186 560 1260 eriS‚
591 1201 648 1248 et
677 1186 858 1248 dicet:
883 1187 1094 1261 venias,
1125 1188 1303 1248 Amor
1330 1186 1451 1248 odit
1480 1187 1685 1249 inertes
1710 1212 1724 1248 ε

325 1281 386 1342 Si
415 1297 541 1344 rota
570 1283 833 1357 defuerit,
867 1298 929 1346 tu
959 1285 1099 1368 pede
1129 1308 1291 1370 carpe
1320 1285 1480 1346 viam.

1953 1302 2035 1346 230

243 1380 360 1441 Nec
385 1403 546 1460 grave
578 1396 630 1442 te
657 1396 878 1466 tempus
905 1382 1165 1444 sitiensve
1197 1381 1466 1444 Canicula
1496 1381 1707 1453 tardet,

325 1478 442 1539 Nec
471 1479 558 1540 via
580 1503 681 1563 per
706 1480 878 1562 jactas
909 1479 1143 1540 candida
1169 1479 1313 1540 facta
1340 1479 1510 1540 nives·

244 1572 468 1637 Militiae
501 1577 712 1660 species
742 1602 898 1639 amor
927 1592 1037 1652 est;
1068 1576 1363 1651 discedite,
1394 1601 1625 1656 segnes:

325 1672 459 1733 Non
492 1689 625 1735 sunt
649 1674 764 1736 haec
796 1675 1007 1736 timidis
1037 1675 1197 1753 signa
1227 1673 1434 1735 tuenda
1461 1673 1611 1734 viris.

243 1769 396 1844 Nox,
425 1785 481 1832 et
504 1770 708 1846 hiems,
743 1771 1034 1855 longaeque
1069 1771 1192 1845 viae,
1225 1771 1462 1854 saevique
1492 1769 1718 1831 dolores

1953 1786 2036 1829 235

327 1866 602 1929 Mollibus
627 1869 719 1929 his
746 1868 964 1942 castriS‚
999 1883 1055 1930 et
1082 1867 1249 1930 labor
1275 1869 1457 1929 omnis
1488 1868 1649 1930 inest.

244 1962 400 2046 Saepe
424 1963 566 2026 feres
596 1964 833 2027 imbrem
863 1964 1066 2027 caelesti
1095 1965 1248 2027 nube
1277 1962 1559 2037 solutum;

243 2135 320 2172 aut
331 2127 524 2189 Phrygia
539 2128 761 2188 Omphale
773 2163 786 2187 ,
798 2147 895 2189 quae
909 2139 954 2176 et
967 2132 1099 2175 Meo-

242 2200 313 2239 m's
331 2196 495 2241 Nostro
517 2195 632 2242 dicta
660 2197 732 2241 lib.
751 2211 789 2242 11
805 2231 818 2253 ,
849 2199 1097 2242 Fastorum.

244 2260 401 2318 Neque
415 2277 488 2304 me
501 2262 678 2320 fugiunt
695 2278 792 2319 quae
808 2262 862 2307 ad
879 2264 1016 2320 Epist-
1031 2278 1097 2318 lx,

243 2341 353 2369 vers.
375 2326 426 2382 73
438 2359 449 2377 ‚
467 2325 551 2370 hoc
564 2326 728 2372 deloco
742 2329 890 2371 notavi
903 2346 913 2379 ;
929 2328 1006 2372 sed
1023 2344 1097 2371 ac-

243 2391 435 2436 curatius
453 2391 622 2449 singula
643 2393 935 2450 perpendenti
959 2426 971 2447 ‚
1003 2401 1095 2437 tam

243 2457 355 2513 illic,
378 2475 511 2516 quam
532 2458 627 2514 hic,
654 2475 811 2504 censeo
830 2459 1096 2517 legendum:

243 2527 336 2558 Inter
347 2527 567 2570 Mygdonides
581 2529 746 2560 calathum
761 2529 904 2560 tenuisse
920 2528 1058 2570 puellus.

244 2589 363 2634 Nam
382 2590 566 2634 Maenia
594 2607 706 2634 zona
729 2590 816 2634 illic
843 2589 972 2647 paulo
992 2599 1095 2635 ante

244 2664 532 2713 praecesserat.
556 2656 725 2700 Hnms.

297 2721 392 2764 223.
419 2722 643 2765 Maturius.
664 2720 874 2765 Maturior
889 2721 1094 2766 Beruen-

242 2783 298 2828 sis
311 2801 448 2838 unus;
467 2795 512 2830 et
529 2802 631 2829 mox
647 2795 832 2844 uterque
845 2820 857 2842 ,
879 2803 983 2831 cum
996 2803 1097 2845 sep-

245 2860 338 2896 tem
360 2852 451 2896 aliis
463 2885 476 2908 ,
487 2853 745 2908 jussus-abt:

300 2921 395 2964 ΜΒ.
423 2923 506 2965 Pm
524 2938 651 2967 servo.
671 2923 895 2967 Nimirum
907 2957 917 2974 ‚
937 2923 1012 2980 qui
1028 2923 1097 2966 sa·-

246 3000 345 3030 cem
365 2987 575 3031 sustineat
593 3021 606 3044 ,
639 3005 772 3045 quem
804 2992 1096 3033 adversitatem

247 3048 401 3093 dixisse
421 3059 590 3094 veteres
610 3083 622 3105 ,
654 3051 782 3094 docet
816 3052 1019 3096 Donatus
1042 3052 1096 3095 ad

248 3115 353 3159 Ter.
366 3114 554 3172 Adelph.
567 3129 601 3170 1,
624 3132 657 3158 1.
682 3118 820 3159 Vocal
829 3117 962 3159 etiam
977 3127 1096 3162 recte

246 3180 415 3225 notavit
435 3179 589 3223 Douza
611 3181 839 3236 proprium
866 3197 957 3225 esse
986 3198 1097 3225 ver—

247 3245 355 3289 bum
370 3277 381 3299 ‚
402 3253 452 3287 ut
473 3244 554 3301 Ep.
575 3258 659 3288 xx:
679 3246 856 3300 Ignoras
876 3251 950 3288 tua
962 3246 1069 3301 jum
1081 3281 1094 3300 ,

247 3326 367 3354 voca.
388 3309 553 3353 BURM.

204 3426 206 3429 ,
302 3374 396 3417 231.
427 3375 515 3418 Nec
533 3388 659 3428 graue
684 3378 726 3416 te
753 3378 924 3430 tempus.
951 3376 1099 3430 Rigas

251 3439 432 3497 explicat
449 3438 626 3485 Merula
644 3454 655 3484 ι
674 3438 795 3496 atqui
815 3438 868 3484 de
886 3437 1033 3486 hieme
1051 3440 1096 3484 in

1179 2137 1464 2188 pentametro
1477 2129 1576 2187 agit.
1590 2127 1788 2184 Intellige
1804 2140 1909 2183 ergo
1923 2132 2037 2168 tem-

1180 2214 1261 2254 pus
1275 2214 1326 2241 ex
1339 2205 1483 2245 aestate
1495 2197 1539 2239 in
1551 2204 1816 2239 autumnum
1829 2207 2037 2250 praeceps,

1182 2262 1301 2319 quod
1333 2263 1474 2306 ventis
1495 2271 1538 2305 et
1557 2261 1712 2318 pluviis
1733 2260 1937 2304 crebrum
1957 2291 1970 2311 ,
1993 2266 2039 2301 et

1178 2329 1441 2372 morborum
1470 2328 1739 2372 soecundum.
1775 2327 1932 2382 Horat.
1949 2338 2007 2367 11¹
2020 2357 2031 2376 ,

1180 2394 1269 2440 Od.
1292 2407 1410 2438 xxm
1426 2427 1438 2449 ,
1466 2397 1490 2437 5
1508 2426 1520 2449 ‚
1543 2409 1663 2451 sqq.:

1259 2475 1331 2507 Nec
1346 2475 1551 2516 pestilentem
1567 2474 1683 2505 sentiet
1699 2472 1855 2504 Africum

1257 2535 1423 2568 Fecunda
1436 2536 1515 2566 vitis
1527 2559 1539 2574 ,
1556 2546 1614 2565 nec
1629 2534 1774 2565 sterilem
1792 2543 1881 2573 seges

1295 2596 1497 2637 Rubigiuem
1506 2619 1517 2635 ‚
1534 2601 1592 2626 aut
1606 2595 1720 2626 dulces
1733 2594 1860 2625 alumni

1338 2656 1503 2688 Pomisem
1515 2667 1617 2699 grave
1632 2663 1759 2697 tempus
1775 2665 1874 2685 nuno.

1232 2723 1327 2765 233.
1336 2722 1507 2764 M'litioe
1519 2725 1679 2776 species
1698 2736 1818 2762 amor
1825 2724 1902 2761 est.
1916 2717 2038 2761 Dixit

1176 2787 1267 2844 ipse
1284 2787 1374 2843 jam
1387 2820 1399 2841 ‚
1416 2795 1461 2830 et
1479 2786 1705 2843 probavit:
1721 2785 1889 2826 Militat
1900 2788 2037 2826 omnis

1175 2871 1328 2898 amans
1347 2863 1429 2898 etc.
1448 2853 1601 2896 Amor.
1621 2852 1642 2894 Ι
1659 2884 1671 2906 ,
1694 2851 1817 2908 Eleg.
1833 2864 1895 2893 1x.

1235 2921 1327 2975 234.
1357 2921 1487 2974 Signa
1521 2919 1688 2960 tuenda.
1722 2917 1752 2958 J
1757 2916 1870 2958 ureti
1898 2914 2036 2959 codex

1177 3001 1280 3030 cum
1302 2984 1450 3027 multis
1472 2982 1565 3025 aliis
1581 3014 1593 3036 ,
1622 2985 1748 3037 signa
1756 2982 1951 3036 ferenda.
1982 3002 2037 3013 -

1185 3052 1381 3094 Tenenda
1395 3083 1405 3099 ‚
1443 3046 1641 3090 Patavin.
1673 3047 1804 3101 Stpna
1819 3043 2002 3100 fireada
2019 3079 2031 3094 ‚

1178 3116 1280 3159 duo.
1321 3115 1395 3159 Nil
1423 3122 1573 3158 tamen
1601 3115 1857 3155 mutandum.
1876 3121 2028 3156 censet

1178 3182 1405 3226 Heinsius.

1235 3247 1328 3289 235.
1341 3248 1523 3301 Saem'que
1529 3247 1704 3288 dolores.
1711 3246 1898 3287 Labores
1907 3243 2037 3286 multi

1180 3310 1287 3354 editi
1303 3344 1314 3364 ,
1327 3317 1372 3353 et
1387 3309 1625 3352 Beruensis
1641 3324 1756 3351 unus
1770 3341 1783 3362 ‚
1804 3317 1850 3350 et
1863 3315 1951 3350 tres
1964 3307 2036 3350 alii

1180 3384 1225 3419 et
1238 3391 1328 3430 seq.
1345 3390 1496 3428 versu,
1517 3376 1647 3418 dolor.
1667 3375 1837 3416 Colores
1850 3372 1879 3414 J
1885 3372 2034 3414 unian-

1238 3440 1329 3496 ²37·
1350 3442 1526 3485 Imbrem
1546 3443 1707 3485 celesti
1717 3441 1824 3483 nube
1840 3441 2036 3484 solutum.
