2268 3776
298 321 404 357 210

753 302 818 354 P.
875 299 1177 356 OVIDII
1234 296 1621 355 NASONIS

292 420 407 478 Cur
435 440 536 494 ego
568 416 672 475 sim
700 415 902 488 tristiS,
935 439 1107 497 quum
1137 415 1209 474 sit
1240 415 1345 475 tibi
1374 430 1504 475 nata
1530 428 1747 498 reperta
1763 430 1783 487 ‚¹
2023 431 2077 486 45

370 519 705 597 Regnaque,
736 538 899 597 quam
927 515 1110 584 Jun0‚
1138 527 1284 572 sorte
1314 512 1530 572 minora
1558 513 1755 589 regat?

289 615 450 674 Festa
480 611 595 671 dies
620 612 1005 692 -Veneremque
1029 623 1213 681 vocat,
1241 623 1546 690 cantusque
1575 629 1933 688 merumque:

373 710 505 768 Haec
538 706 691 766 decet
716 706 787 766 ad
816 706 1073 767 dominos
1101 727 1332 764 munera
1354 702 1495 763 ferre
1521 704 1691 763 Deos

347 875 414 927 45.
446 872 530 913 Cur
557 886 632 926 ego
662 872 742 911 sz'rn
767 871 902 911 trist&
934 875 1015 911 etc.
1050 864 1145 909 Cur

294 954 375 996 ego
388 936 584 990 doleam,
598 951 734 992 quum
755 934 959 977 laetantur
974 949 1144 989 omnes,

295 1003 414 1061 quod
431 1012 582 1046 natam
600 1001 816 1058 repereris
829 1033 840 1055 ,
857 1008 901 1042 et
917 1007 1148 1056 regentem

291 1084 445 1126 regna,
459 1072 619 1110 minora
635 1065 829 1123 quidem,
844 1064 919 1108 sed
932 1068 1042 1106 sorte
1054 1073 1150 1106 tan—

295 1143 407 1187 tum,
419 1132 564 1189 regnis
575 1147 671 1188 quae
685 1130 857 1173 Junoni
872 1127 1148 1187 obtigerunt?

349 1199 415 1254 47.
444 1198 573 1239 Festa
593 1199 684 1239 dies
714 1197 987 1249 Veneremque
1010 1196 1147 1236 vocat.

300 1260 386 1303 Alii
404 1260 589 1315 codices,
598 1261 855 1315 Cereremque
866 1261 999 1301 colat:
1010 1263 1147 1308 vocat,

297 1335 346 1370 ut
366 1326 478 1369 libro
499 1340 548 1372 lv
579 1327 814 1371 Fastorum
830 1358 844 1380 ,
879 1340 989 1368 vers.
1018 1323 1091 1381 187
1111 1339 1122 1366 ε

1280 867 1346 920 48.
1385 867 1491 907 Haec
1521 867 1649 907 decet.
1684 863 1851 906 Moreti
1882 863 2048 920 primus
2065 897 2078 918 ,

1229 932 1373 982 docet,
1401 937 1584 973 venuste
1604 945 1614 971 :
1635 938 1684 972 ut
1704 929 1794 986 ipse
1816 928 1907 971 dies
1927 929 2082 972 admo-

1229 1003 1333 1038 neat
1348 994 1569 1038 sacrificii:
1589 993 1744 1038 eadem
1762 993 1945 1037 varietas
1968 1007 2048 1038 XIV
2067 1027 2080 1048 ,

1232 1060 1418 1104 Metam.
1439 1061 1522 1120 598
1545 1076 1555 1104 :

1231 1136 1274 1166 Et
1289 1146 1387 1167 sonus
1397 1159 1409 1175 ,
1422 1141 1455 1166 et
1467 1136 1598 1175 macies,
1613 1142 1646 1167 et
1662 1135 1767 1178 pallor
1779 1141 1812 1166 et
1825 1135 1946 1174 omnia,
1958 1140 2085 1175 captam

1231 1197 1313 1238 Qum
1327 1197 1460 1228 deceant
1474 1197 1591 1228 urbem
1611 1207 1621 1228 :

1237 1258 1314 1301 ubi
1336 1258 1559 1315 eleganter
1577 1260 1757 1302 doceant
1775 1257 1998 1301 Leidensis
2017 1272 2088 1301 co-

1240 1322 1322 1367 dex
1339 1356 1351 1378 ,
1373 1339 1476 1368 cum
1495 1323 1665 1368 duobus
1685 1324 1789 1368 aliis.
1820 1324 1983 1368 BURM.

898 1576 1294 1646 ELEGIA
1347 1577 1482 1646 XI.

302 1857 512 1889 FRAGTUS
542 1855 739 1887 TANDEM
770 1856 1042 1888 INNUMERIS
1070 1856 1261 1887 PUELLA-2
1281 1856 1385 1887 SUAE
1414 1854 1759 1898 CONTUMELns,
1783 1853 2085 1889 PROFITETUR

623 1933 703 1965 luc
734 1932 883 1964 POETA
913 1934 964 1965 SE
992 1931 1229 1975 NUNQUAM
1266 1929 1440 1964 POSTEA
1474 1931 1768 1964 AMATURUM.

307 2065 584 2150 MULTA
615 2088 822 2171 diuque
852 2087 956 2148 tuli
980 2114 992 2147 :
1018 2088 1166 2148 vitiis
1195 2089 1463 2171 patientia
1488 2089 1632 2149 victa
1661 2103 1759 2150 est.

386 2186 533 2247 Cede
562 2185 794 2264 fatigato
821 2200 1073 2268 pectore,
1103 2186 1283 2269 turpis
1310 2187 1507 2246 Amor.

307 2284 526 2346 Scilicet
552 2284 771 2345 adserui
794 2284 906 2366 jam
933 2308 1048 2357 me,
1076 2284 1315 2366 rupique
1345 2298 1596 2356 catenas;

366 2466 399 2491 1.
420 2449 560 2490 Multa
578 2450 729 2504 diuque
744 2449 828 2489 tuli
839 2455 920 2490 ete.
943 2447 997 2490 In
1009 2447 1160 2490 multis

306 2511 523 2556 codicibus
551 2520 614 2554 est
632 2546 642 2562 ,
684 2514 816 2554 multa
852 2515 925 2554 dt‘u
958 2515 1158 2564 tulimus-5

310 2577 384 2622 sed
403 2579 562 2621 frustra
582 2595 591 2620 :
615 2578 800 2620 formula
819 2579 939 2620 enim
959 2587 1022 2621 est
1040 2578 1162 2620 ordi-

314 2643 436 2686 naria
449 2676 461 2698 ‚
472 2657 605 2699 quam
615 2641 661 2682 in
676 2657 818 2697 prosa,
832 2645 1001 2683 multum
1015 2645 1164 2696 diuque

318 2708 520 2750 efferunt.
539 2706 655 2749 Flor.
674 2719 728 2759 11,
745 2705 948 2760 3:1laque
961 2722 1080 2761 quum
1093 2708 1165 2747 diu

317 2775 564 2827 multumque
594 2773 805 2812 eluderent
827 2772 958 2827 Salyi.
995 2769 1165 2812 Sallust.

318 2837 421 2893 Jug.
442 2839 497 2896 94
517 2838 676 2890 :Igitur
688 2837 761 2877 diu
784 2837 1032 2889 multumque
1042 2833 1168 2888 fati—

314 2909 421 2959 gali.
457 2903 530 2945 Sic
552 2918 662 2956 soepe
695 2904 844 2957 diuque
872 2900 976 2942 dixit
1012 2900 1167 2941 Horat,

318 2967 390 3010 lib.
405 2982 439 3022 1,
460 2967 714 3023 Epist.xm,
733 2984 765 3008 1.
780 2966 942 3008 BuuM.
956 2988 1010 2995 —
1031 2966 1167 3007 Vilizk.

320 3032 493 3075 Iteratis
510 3038 663 3088 saepius
682 3031 833 3087 puellae
850 3029 1062 3086 perjuriis.

385 3116 422 3140 2.
464 3099 575 3141 Cede
594 3098 789 3152 fatigato
818 3102 1006 3151 pectore,
1040 3097 1172 3148 lurpt's

324 3163 468 3205 Amor.
514 3163 665 3203 Talem
681 3195 691 3212 ‚
726 3161 960 3202 Vaticanus
980 3175 989 3202 :
1010 3161 1168 3209 dulcis,

325 3242 439 3269 unus
455 3225 694 3268 Mediceus.
711 3226 893 3268 Praestat
909 3241 1014 3268 vero
1027 3228 1170 3279 turpis,

327 3292 469 3348 (quod
491 3291 597 3334 dant
628 3292 761 3334 MSS.
785 3301 830 3334 et
851 3291 918 3334 ed.
940 3291 1094 3348 princ.)
1122 3306 1175 3333 eo

328 3373 474 3412 sensu,
490 3356 608 3413 quod
624 3366 846 3399 amantem
861 3357 1049 3413 puellam
1062 3372 1177 3399 amo-

329 3438 376 3471 re
399 3438 503 3467 vero
521 3422 773 3479 indignam,
794 3431 917 3479 cogat
938 3422 989 3466 ad
1016 3426 1174 3477 torpeo,

1241 2445 1286 2488 id
1303 2454 1381 2500 est,
1395 2445 1450 2488 ad
1461 2445 1571 2488 rixas
1585 2443 1896 2501 etjurgia‚quae
1906 2445 2094 2501 probum

1243 2513 1388 2554 virum
1400 2520 1444 2554 et
1459 2512 1702 2567 ingenuum
1721 2509 1905 2553 minime
1923 2509 2095 2554 decent.

1301 2579 1339 2621 3.
1353 2580 1524 2621 Scilicet
1534 2579 1708 2620 adserui
1706 2578 1803 2630 jam
1817 2585 1968 2620 meetc.
1982 2577 2098 2620 Vin-

1247 2643 1390 2686 dicavi
1414 2643 1553 2684 mein
1576 2642 1833 2685 libertatem.
1857 2660 1879 2679 «
1900 2643 2096 2684 Sertorem

1248 2706 1426 2763 quidam
1438 2706 1606 2749 dictum
1619 2714 1772 2761 putant
1785 2722 1807 2748 a
1820 2705 2095 2761 prendendo,

1249 2771 1348 2826 quia
1363 2785 1498 2825 quum
1511 2769 1697 2826 cuipiam
1710 2773 1883 2811 adserat
1893 2784 2095 2823 manum,

1250 2835 1466 2878 educendi
1483 2835 1578 2891 ejus
1600 2835 1735 2892 gratia
1758 2851 1808 2877 ex
1825 2834 2032 2878 servitute
2053 2835 2100 2878 in

1249 2901 1497 2945 libertatem
1511 2935 1522 2955 ,
1544 2910 1725 2944 vocatur
1744 2904 1943 2950 adsertor,
1972 2909 2051 2944 etc.
2077 2919 2100 2939 >³

1256 2966 1422 3008 Festus.
1447 2967 1716 3008 Adsertionis
1746 2975 1894 3009 autem
1916 2965 2104 3008 formula

1251 3030 1426 3073 videtur
1443 3031 1537 3087 ejus
1558 3030 1679 3074 modi
1699 3030 1826 3072 fuisse
1847 3042 1857 3069 ε
1875 3032 1986 3072 hunc
2002 3032 2104 3072 libe-

1253 3097 1341 3137 rali
1354 3111 1485 3136 causa
1498 3112 1623 3137 manu
1640 3098 1800 3136 adsero.
1822 3093 1953 3137 Ratio
1969 3126 1982 3147 ,
2004 3093 2105 3148 quia

1255 3176 1388 3215 quem
1409 3161 1503 3216 quis
1526 3160 1693 3203 liberali
1711 3176 1837 3203 causa
1860 3159 1905 3202 in
1926 3159 2106 3202 liberta-

1256 3235 1346 3268 tem
1364 3226 1608 3269 vindicabat
1626 3259 1637 3280 ,
1665 3241 1768 3267 eum
1787 3241 1922 3268 manu
1939 3228 2103 3266 adsere-

1257 3293 1332 3333 bat
1345 3306 1357 3343 ‚·
1383 3291 1425 3333 id
1448 3300 1535 3344 est,
1558 3290 1841 3344 admovebat,
1867 3306 1945 3333 seu
1968 3304 2101 3346 prope

1258 3374 1301 3400 se
1321 3358 1546 3400 statuebat.
1573 3357 1691 3399 Hinc
1711 3359 1946 3400 adsertores
1971 3354 2071 3398 dicti
2086 3387 2099 3411 9

1259 3422 1450 3467 vindices
1468 3423 1617 3470 alienae
1641 3421 1859 3467 libertatis.
