2268 3776
243 301 350 371 412
701 306 766 358 P.
831 306 1120 362 ov1D11
1167 309 1540 368 NASONIS

239 419 510 478 PROFUIT
537 417 764 480 adsidue
791 421 939 482 vitiis
969 423 1221 486 insistere
1253 428 1435 488 amicae
1468 452 1481 488 :
1929 452 1975 493 31

320 515 496 596 quue
525 514 661 573 mihi
688 515 894 577 factum
923 542 1063 602 saepe
1095 520 1314 583 salubre
1343 525 1466 584 fuit.

242 611 426 689 Quam
456 611 597 671 mala
627 628 757 673 sunt
783 630 1014 687 nostrae,
1045 616 1323 692 dicebam,
1355 644 1515 681 crura
1542 620 1768 704 puellae!

321 709 434 766 Nec
462 723 670 781 tamen,
702 725 768 769 ut
795 735 917 772 vere
947 713 1338 788 confiteamur,
1365 732 1534 777 erant.

239 804 473 864 Brachia
506 829 671 887 quam
696 831 812 867 non
842 825 973 869 sunt
999 825 1202 870 nostrae
1231 812 1475 873 formosa
1503 813 1734 896 puellae!

325 903 400 960 Et
425 916 635 975 tamen,
663 918 729 964 ut
757 929 880 966 vere
913 906 1294 980 confiteamur,
1322 925 1493 970 erant.
1934 931 2016 971 320

243 998 428 1077 Quam
442 998 625 1059 brevis
643 1003 751 1061 est!
772 1026 872 1062 nec
891 1018 1033 1063 erat:
1058 1028 1219 1086 quam
1237 1004 1476 1065 multum
1495 1006 1678 1089 poscit
1696 1011 1992 1068 amantem!

323 1094 470 1153 Hinc
500 1096 627 1156 odio
659 1098 809 1158 venit
837 1100 1070 1159 maxima
1101 1124 1264 1161 causa
1292 1126 1433 1163 meo,

238 1191 314 1249 Et
341 1190 484 1251 mala
510 1208 643 1253 sunt
668 1195 848 1256 vicina
874 1196 1075 1269 bonis;
1102 1221 1287 1259 errore
1312 1200 1418 1260 sub
1449 1197 1555 1258 illo'

322 1287 433 1346 Pro
462 1287 598 1348 vitio
629 1290 804 1350 virtus
836 1292 1064 1352 crimina
1098 1317 1241 1376 saepe
1273 1293 1419 1353 tulit.

245 1383 428 1462 Quam
457 1400 643 1467 poteS,
668 1387 728 1446 in
757 1389 915 1470 pejus
944 1388 1102 1449 dotes
1130 1389 1353 1451 deflecte
1381 1389 1610 1473 puellae,
1939 1409 2022 1451 325

323 1481 717 1566 ,Iudiciumque
741 1485 898 1546 brevi
925 1485 1098 1547 limite
1128 1486 1255 1548 falle
1287 1503 1463 1548 tuum.
2042 1487 2047 1496 ’

242 1577 520 1655 Turgida‚
553 1581 600 1640 si
629 1580 794 1664 plena
823 1597 907 1642 est
938 1607 950 1642 ε
978 1583 1026 1643 si
1055 1583 1207 1643 fusca
1236 1599 1346 1656 cst,
1377 1584 1538 1663 nigra
1566 1599 1811 1645 vocetur.

263 1687 268 1691 ’
322 1674 390 1733 In
421 1676 609 1753 gracili
638 1680 838 1740 macies
869 1680 1076 1740 crimen
1102 1680 1307 1742 habere
1335 1695 1542 1763 potest.

244 1779 322 1836 Et
350 1780 559 1861 poterit
587 1781 695 1841 dici
722 1782 1010 1864 petulanS‚
1039 1808 1160 1866 quae
1188 1785 1395 1845 rustica
1422 1808 1539 1844 non
1567 1798 1683 1845 est:

328 1882 405 1940 Et
429 1883 638 1964 poterit
671 1882 781 1942 dici
808 1884 1037 1956 rustica,
1070 1886 1117 1944 si
1147 1909 1255 1968 qua
1283 1886 1463 1968 proba
1491 1900 1591 1946 est.
1947 1904 2029 1946 330

252 1983 407 2061 Quin
436 1985 627 2057 etiam,
659 2009 1004 2069 quacumque
1031 2002 1179 2047 caret
1207 2002 1303 2047 tua
1328 1988 1532 2049 femina
1559 1988 1716 2060 dote,

336 2089 494 2148 Hanc
522 2105 771 2163 moveat,
793 2089 1016 2151 blandis
1046 2116 1222 2175 usque
1256 2116 1478 2175 precare
1510 2092 1682 2154 sonis.
1722 2145 1728 2152 .

257 2275 341 2314 luis
370 2275 481 2316 odiis
499 2289 512 2315 .’
541 2273 628 2316 dixi
652 2290 804 2332 supra,
827 2274 881 2319 ad
906 2276 995 2331 143.
1017 2275 1109 2320 Se-
1190 2283 1361 2320 veteres
1383 2287 1394 2316 t
1421 2278 1485 2319 Et
1507 2277 1652 2328 modo,
1678 2290 1808 2332 quam
1837 2282 2034 2331 poterat,

262 2339 414 2393 quenti
431 2355 560 2383 versu
572 2373 583 2395 ,
595 2346 741 2396 possis
759 2358 840 2398 pro
850 2358 1003 2398 posses
1019 2359 1110 2386 me·
1189 2345 1320 2384 latum
1331 2345 1552 2397 spectabat
1565 2346 1610 2384 in
1629 2357 1775 2396 aequor.
1794 2340 1890 2382 Val.
1904 2340 2039 2382 Maxi-

261 2403 404 2448 liores.
430 2406 593 2450 HEINs.
1190 2423 1305 2461 mus,
1323 2407 1433 2450 iibro
1453 2406 1536 2460 IV,
1555 2422 1644 2463 cap.
1668 2420 1708 2460 1,
1728 2405 1751 2461 S
1774 2408 1798 2448 5
1815 2421 1824 2448 :
1848 2422 1868 2441 «
1882 2405 2039 2448 Fabius

314 2471 411 2530 319.
434 2473 635 2516 Brachia.
658 2474 758 2517 Hoc
774 2473 988 2518 distichon
1006 2474 1109 2518 dee·
1191 2472 1411 2515 Maximus
1423 2505 1435 2527 ,
1459 2487 1597 2528 quum
1611 2487 1635 2514 a
1651 2487 1695 2514 se
1715 2470 1944 2527 quinquies
1959 2503 1971 2524 ‚
1997 2479 2040 2511 et

264 2543 333 2577 rat
347 2536 393 2578 in
408 2536 606 2580 Lincoln.
627 2547 672 2582 et
691 2539 893 2583 Francos.
914 2549 958 2582 et
975 2540 1020 2582 in
1036 2557 1110 2583 an·
1191 2554 1215 2581 a
1235 2548 1371 2595 patre,
1395 2554 1491 2593 avo,
1516 2553 1693 2595 proav0,
1715 2536 2040 2593 majoribusque

265 2599 396 2655 tiquis
414 2602 674 2657 quibusdam
694 2603 957 2649 editionibus
972 2614 1017 2648 et
1040 2605 1110 2648 Al·
1187 2604 1277 2647 suis
1296 2619 1407 2660 saepe
1427 2618 1619 2646 numero
1636 2602 1912 2646 consulatum
1935 2616 2041 2673 ges·—

265 2662 369 2707 dina
389 2666 547 2721 Priore·
1191 2676 1289 2711 tum
1311 2668 1707 2719 animadverteret;
1729 2666 1929 2718 comitiis,
1953 2680 2043 2720 qui-

319 2731 415 2774 320.
439 2734 529 2775 Nec
555 2739 705 2778 tamen.
733 2736 797 2777 Et
813 2741 950 2778 tamen
973 2735 1110 2778 scribe
1191 2733 1273 2776 bus
1285 2733 1398 2776 filius
1409 2734 1684 2789 ejussummo
1693 2746 1908 2774 consensu
1925 2727 2044 2771 Con-

266 2811 370 2839 cum
403 2797 656 2854 Puteaneo,
692 2807 737 2842 et
766 2799 1113 2858 Argentinensi:
1194 2799 1261 2842 sul
1279 2799 1508 2841 creabatur
1529 2830 1541 2851 ,
1579 2813 1702 2852 quam
1723 2799 1892 2850 potuit,
1925 2809 2042 2867 con-—

269 2862 393 2906 aliter
411 2880 561 2907 sensus
580 2881 674 2908 non
695 2867 910 2910 constabit
930 2883 940 2910 ε
972 2875 1016 2910 et
1035 2883 1115 2909 se—
1195 2871 1360 2906 stanter
1372 2878 1474 2906 curn
1491 2861 1652 2918 populo
1664 2860 1751 2917 egit
1764 2894 1774 2909 ‚
1792 2868 1843 2902 ut
1856 2868 2045 2934 ‘vacatio-

267 2928 422 2983 quenti
440 2945 567 2972 versu
583 2962 594 2984 ,
624 2931 758 2984 Quam
778 2934 912 2974 brevis
929 2931 1016 2974 est!
1040 2946 1116 2973 nec
1196 2943 1300 2970 nem
1314 2926 1547 2983 aliquando
1560 2927 1690 2982 hujus
1707 2925 1889 2968 honoris
1901 2923 2047 2967 Fab1ae

268 2999 362 3035 erat
394 3010 408 3035 ,·
446 3010 548 3037 cum
581 2995 739 3038 eodem
776 2997 1002 3039 Puteaneo
1020 3027 1031 3050 ,
1071 3003 1116 3037 et
1199 2992 1319 3049 genti
1339 2992 1474 3035 daret.
1494 3010 1515 3029 »
1539 2993 1707 3035 HEINS.

272 3056 440 3100 duobus
459 3059 561 3102 aliis.
1253 3058 1346 3117 329.
1365 3059 1467 3112 Qua·
1478 3061 1648 3100 rustica.
1666 3058 1778 3110 Quia
1791 3058 1952 3098 rustica
1962 3071 2045 3098 non

323 3121 417 3164 323.
453 3125 516 3166 Et
543 3127 658 3167 mala
686 3131 788 3168 sunt
809 3129 952 3168 vicina
986 3127 1118 3167 bonit.
1200 3130 1265 3168 est
1282 3123 1482 3166 Francos.
1499 3126 1549 3174 si,
1575 3123 1761 3166 Putean.
1776 3153 1789 3174 ,
1812 3129 1856 3163 et
1875 3136 1948 3163 sex
1965 3120 2047 3162 alii.

269 3183 388 3243 Lego
402 3205 413 3240 ;
432 3174 497 3232 'Ut
504 3194 618 3232 mala
625 3197 725 3232 sunt
730 3193 872 3233 vicina
886 3192 1022 3241 bonis,·
1035 3188 1120 3231 hoc
1255 3188 1329 3230 331
1339 3220 1348 3229 .
1366 3190 1492 3231 Caret
1499 3192 1574 3229 tua
1590 3189 1685 3229 dote
1689 3188 1848 3240 puella.
1877 3184 2048 3239 Tuase-

276 3261 340 3296 est
355 3285 366 3307 ,
393 3254 781 3310 quemadmodum.
807 3255 975 3297 Hssms.
1202 3257 1317 3296 mina
1336 3255 1450 3303 dote,
1478 3251 1623 3308 scripti
1642 3251 1732 3293 fere
1749 3265 1924 3304 omnes,
1947 3264 2049 3291 cum

328 3319 422 3362 325.
450 3322 585 3374 Quam
596 3326 729 3375 potes.
751 3320 914 3376 Regius
931 3351 943 3374 ,
966 3320 1122 3362 Putea·
1203 3320 1344 3375 prima
1364 3317 1556 3360 editione
1575 3336 1584 3370 ;
1605 3317 1730 3360 bene.
1762 3317 1828 3359 Ita
1840 3331 1950 3372 saepe
1969 3331 2049 3370 pro

275 3400 384 3428 neus
402 3417 414 3439 ,
435 3393 479 3428 et
494 3385 638 3441 plures
656 3385 725 3427 alii
742 3418 753 3438 ,
784 3387 879 3439 Qua
887 3391 1010 3439 potes
1027 3397 1039 3423 ·'
1059 3384 1124 3428 nil
1205 3383 1342 3426 amica
1361 3383 1522 3426 Noster
1543 3395 1553 3422 ε
1574 3398 1679 3427 nam
1691 3385 1838 3440 puella
1851 3395 1952 3423 mox
1971 3396 2048 3422 se·-

273 3457 408 3492 muta.
447 3449 519 3493 Sic
544 3450 658 3493 infra
679 3452 758 3509 595
777 3482 789 3505 ,
814 3449 910 3492 libri
940 3448 1120 3506 quidam
1208 3449 1370 3505 quitur.
1394 3448 1559 3502 HEINS.
