2268 3776
282 321 388 371 308

692 291 694 293 ’
738 317 802 370 Ρ..
850 317 1152 375 ov1D11
1196 318 1569 376 NASONIS

354 436 429 494 Et
459 431 610 493 sicco
646 432 896 494 lacrimas
928 437 1214 497 combibat
1244 461 1338 497 ore
1367 451 1504 497 tuaS.

279 530 460 592 Multa
489 554 624 590 vove
644 577 658 603 ‚
687 531 784 591 sed
810 547 1008 593 cuncta
1035 532 1219 615 palam
1244 558 1256 592 :
1288 534 1612 618 quotiesque
1642 532 1873 608 libebit,

358 632 499 711 Quae
526 628 730 690 referas
765 628 879 702 illi,
910 630 1125 690 somnia
1152 629 1275 689 laeta
1301 631 1443 692 vide.

267 732 343 789 Et
371 727 585 799 veniat,
615 750 736 810 quae
767 726 966 787 lustret
995 750 1133 786 anus
1163 726 1479 810 lectumque
1512 727 1810 813 locumque
1834 755 1848 804 3

353 824 614 885 Praeferat
637 838 699 884 *et
729 823 963 884 tremula
994 822 1232 906 sulphur
1255 838 1316 884 et
1345 847 1448 885 ova
1474 847 1658 886 manu.

1978 845 2058 887 *330

272 928 554 989 Omnibus
582 927 672 986 his
702 926 928 987 inerunt
959 940 1125 1004 gratae
1155 925 1387 1003 vestigia
1417 948 1595 986 curae:

350 1028 419 1084 In
450 1023 665 1084 tabulas
695 1023 887 1084 multis
916 1023 1032 1084 haec
1061 1023 1150 1083 v-ia
1177 1021 1310 1083 fecit
1339 1023 1459 1082 iter.

270 1126 354 1184 Ne
382 1137 565 1182 tamen
598 1121 795 1182 officiis
827 1121 1017 1181 odium
1051 1122 1328 1203 quaeratur
1357 1119 1427 1179 ab
1459 1142 1603 1197 aegra
1622 1165 1637 1191 ,

355 1221 442 1282 Sit
468 1244 602 1281 suus
629 1221 688 1279 in
717 1218 925 1279 blanda
954 1217 1247 1278 sedulitate
1278 1215 1498 1277 modus,

270 1321 418 1381 Neve
446 1318 576 1378 cibo
608 1317 877 1401 prohibe,
901 1340 1003 1376 nec
1035 1315 1205 1375 amari
1233 1311 1441 1397 pocula
1466 1312 1617 1373 succi
1979 1331 2063 1373 335

350 1415 586 1492 Porrige
614 1439 626 1473 :
653 1413 837 1473 rivalis
867 1413 1095 1473 misceat
1122 1411 1221 1472 illa
1249 1426 1397 1472 tuus.

267 1511 379 1574 Sed
408 1536 527 1571 non
545 1559 559 1584 ,
591 1511 681 1572 cui
712 1510 929 1572 dederis
960 1535 991 1571 a
1016 1509 1181 1571 litore
1214 1509 1465 1580 carbasa,
1491 1521 1657 1568 vento

349 1610 637 1671 Utendum
654 1656 668 1682 ‚
698 1609 883 1669 medio
913 1631 1090 1691 quum
1117 1606 1333 1690 potiere
1359 1604 1523 1666 freto.

267 1709 419 1768 Dum
446 1731 627 1767 novus
662 1721 807 1767 errat
836 1729 1017 1778 amor,
1042 1705 1186 1766 vires
1219 1703 1332 1764 sibi
1361 1700 1589 1780 colligat
1614 1724 1754 1761 usu:

353 1804 414 1864 Si
442 1805 585 1865 bene
613 1803 876 1864 nutrieris
894 1850 908 1875 ‚
940 1817 1193 1886 tempore
1221 1801 1413 1861 firmus
1445 1798 1564 1860 erit.

327 1954 422 1998 330.
442 1953 648 2009 Proeserat
657 1958 700 1995 el
716 1954 891 1995 lremula
901 1954 1075 2006 sulphur
1085 1956 1130 1994 el

263 2039 345 2066 ewa
364 2039 502 2065 manu.
532 2021 683 2064 Prima
701 2019 834 2062 editio
850 2052 861 2072 ,
883 2035 986 2061 cum
1008 2018 1126 2061 Lin-

271 2086 483 2131 colniensi
501 2092 544 2129 et
560 2101 652 2128 uno
669 2085 884 2128 Vaticano
901 2117 912 2139 ,
927 2083 1128 2139 sulphura

271 2158 368 2196 vim
392 2168 405 2206 ‚·
435 2150 511 2196 sed
551 2166 690 2207 quum
727 2161 913 2192 ovorum
951 2163 1126 2205 quoque

274 2232 376 2262 usus
387 2218 435 2260 in
446 2215 775 2260 lustrationibus
788 2215 843 2258 sit
858 2214 1125 2267 notissimus,

270 2285 332 2328 nil
355 2284 439 2327 hoc
458 2283 555 2327 loco
573 2280 840 2325 mutandum
857 2295 1028 2323 censeo.
1045 2278 1128 2323 Su-

270 2350 432 2407 periori
447 2364 577 2392 versu
592 2381 602 2403 ,
618 2360 701 2404 pro
715 2380 727 2401 ,
748 2350 811 2390 El
824 2349 988 2397 venial,
1014 2361 1131 2388 unus

277 2415 518 2458 Vaticanus
536 2447 547 2468 ,
578 2415 660 2455 Ter
691 2415 836 2454 veniat
867 2426 956 2466 qua·
985 2403 1139 2451 lustrel'

272 2497 380 2525 anus
395 2494 409 2533 ,⁸
427 2489 476 2522 ut
499 2481 580 2522 Ter
598 2477 651 2520 ad
666 2481 707 2522 τὲ
725 2480 874 2519 lustret
888 2475 1128 2527 reseratur;

274 2560 381 2588 nam
408 2552 538 2587 'terna
566 2540 823 2584 lustratione
852 2539 918 2583 uti
951 2538 1126 2593 solitos,

271 2618 431 2667 praeter
453 2609 554 2651 alios
570 2640 581 2662 ‚
606 2605 802 2650 Broukh.
834 2604 887 2648 ad
909 2604 1052 2647 Tibul.
1074 2605 1095 2647 I
1112 2637 1124 2658 ,

274 2676 396 2732 Eleg.
413 2686 469 2729 v,
496 2691 541 2717 11
562 2706 574 2728 ,
599 2672 773 2726 docuit,
798 2683 931 2727 quem
953 2669 1129 2727 inspice.

276 2739 492 2796 Sequenti
513 2754 619 2781 vero
648 2750 777 2780 versu
800 2749 893 2778 non
921 2735 1128 2778 audiendi

273 2806 442 2851 codices
460 2839 471 2861 ,
495 2806 596 2848 licet
624 2817 786 2860 magno
812 2813 1002 2844 numero
1019 2834 1030 2855 ,
1054 2801 1129 2857 qui

270 2872 457 2927 perferat
486 2878 561 2914 aut
589 2868 783 2924 proferat
806 2866 970 2910 habent
990 2882 999 2909 :
1023 2866 1127 2908 inde
1167 2901 1171 2904 .

275 2937 396 2978 enim
413 2935 727 2990 proefiweulum
744 2946 820 2974 vas
838 2946 1031 2983 sacru1n3
1052 2929 1128 2972 sed

275 3010 319 3044 et
340 3001 399 3043 ibi
417 3034 428 3054 ,
451 2998 644 3054 lerserat
670 2998 833 3040 habere
863 2997 1129 3039 Vaticanum

274 3066 445 3109 notavit
460 3065 683 3108 Heinsius.
704 3063 773 3105 De
788 3066 882 3105 vivo
896 3061 1027 3104 etiam
1043 3061 1130 3105 sul—

274 3133 415 3189 phure
435 3130 652 3173 videndus
672 3129 793 3171 idem
810 3127 1125 3183 Broukhusius,

277 3199 438 3244 eodem
458 3198 566 3240 loco.
589 3198 752 3239 BURM.
1049 3211 1051 3213 ·

331 3265 424 3306 3323
454 3266 504 3306 Iu
527 3265 695 3304 tabulas
714 3263 857 3303 multzlr
879 3268 958 3302 etc.
979 3258 1128 3301 Intel—

277 3331 359 3386 lige
376 3329 541 3371 tabulas
555 3341 770 3383 supremae
784 3324 1018 3367 voluntatis
1029 3357 1040 3378 ,
1051 3339 1129 3366 seu

274 3402 548 3438 testamenta.
560 3393 632 3436 Sic
647 3393 807 3434 Horat.
822 3391 883 3444 II,
898 3390 1040 3443 Satv,
1059 3391 1126 3431 51:

272 3471 338 3512 Qui
346 3475 573 3516 testamentum
585 3468 686 3499 tradet
699 3466 760 3497 tibi
775 3476 915 3508 cumque
930 3465 1099 3505 legendum
1115 3488 1127 3503 ‚

1975 1813 2061 1868 340

1208 1962 1382 2001 Abnuere‚
1397 1967 1430 1993 et
1450 1960 1583 1993 tabulas
1599 1970 1620 1990 a
1634 1965 1666 1990 te
1680 1967 1845 1990 removere
1865 1965 2039 1989 memento.

1212 2024 1272 2067 Et
1293 2023 1353 2067 ita
1376 2023 1447 2066 alii
1468 2029 1667 2065 auctores
1680 2053 1692 2075 ,
1710 2035 1814 2063 cum
1830 2019 2063 2064 Juriscon-

1209 2089 1331 2133 sultis
1352 2088 1523 2146 passim.
1543 2088 1712 2131 HEINS.
1730 2109 1786 2119 -
1807 2085 1918 2129 Mali
1944 2095 2062 2130 certe

1211 2155 1387 2212 auspicii
1418 2155 1532 2197 foret
1557 2161 1730 2210 captare
1760 2151 2064 2195 haereditatem

1213 2229 1258 2263 et
1288 2228 1482 2263 mortem
1510 2218 1689 2275 puellae,
1713 2218 1837 2274 cujus
1868 2234 1914 2261 se
1946 2217 2064 2261 insi—-

1213 2302 1352 2329 nuare
1372 2285 1421 2328 in
1443 2299 1643 2328 amorem
1659 2290 1846 2327 conatur
1865 2292 2034 2326 amator
2051 2301 2061 2327 ε

1213 2368 1358 2408 neque
1371 2346 1457 2395 hoc
1474 2346 1632 2394 docere
1651 2348 1896 2393 censendus
1913 2349 2064 2393 cautis-

1213 2417 1349 2461 simus
1377 2424 1619 2473 praeceptor
1645 2415 1830 2469 amoris,
1854 2415 1928 2471 qui
1958 2423 2064 2457 tur-

1214 2499 1318 2540 pem
1328 2477 1446 2525 lianc
1461 2489 1511 2525 et
1523 2478 1753 2524 sordidam
1767 2489 1907 2523 artem
1927 2480 2062 2524 modo

1211 2567 1322 2595 vers.
1340 2567 1415 2608 27¹
1430 2583 1445 2604 ‚
1465 2548 1700 2592 damnavit.
1723 2547 1875 2603 Quare
1897 2564 1976 2605 per
1992 2554 2064 2590 la·-

1212 2620 1334 2659 bulas
1354 2614 1527 2658 meliori
1548 2613 1697 2658 omine
1718 2613 1909 2670 intellige
1924 2628 2062 2669 spon-

1212 2681 1314 2724 salia
1329 2713 1340 2734 ,
1365 2680 1418 2723 ad
1439 2695 1537 2736 quae
1553 2696 1634 2736 per
1659 2678 1801 2722 officia
1822 2677 1921 2721 talia
1934 2678 2061 2720 multi

1211 2744 1553 2800 adspiraverunt.
1571 2743 1736 2786 BURM.

1265 2809 1359 2851 335.
1389 2810 1502 2853 Neve
1530 2811 1623 2850 cibo
1641 2809 1829 2863 prohibe.
1861 2809 2061 2850 Odiosum

1211 2870 1331 2917 enim
1353 2881 1442 2926 est,
1466 2881 1511 2916 et
1539 2872 1652 2915 male
1685 2888 1821 2929 aegros
1846 2872 1978 2916 habet
1995 2906 2006 2928 ,
2028 2874 2063 2917 si

1210 2937 1307 2981 cibo
1327 2936 1631 2994 prohibentur.
1644 2940 1867 2980 Prohibere
1885 2940 1996 2990 cibo,
2014 2947 2064 2981 ut

1200 3006 1420 3058 prohibere
1436 3008 1559 3058 aquis
1578 3009 1621 3044 et
1638 3006 1769 3046 aditu.
1790 3003 1974 3047 Metam.
1997 3018 2062 3058 vl,

1215 3066 1326 3120 348;
1350 3075 1394 3109 et
1416 3080 1509 3121 ΧΗ,
1530 3067 1597 3109 66.

1267 3132 1360 3174 338.
1396 3134 1529 3185 Quum
1542 3132 1839 3188 pollerefielo.
1869 3133 1959 3176 Pro
1972 3149 2064 3187 po-

1209 3200 1333 3246 tiare,
1350 3195 1514 3252 Regius
1524 3228 1535 3250 ‚
1546 3201 1722 3252 poliere.
1736 3197 1857 3255 Lego
1867 3230 1878 3252 ,
1886 3202 2063 3251 postera·

1210 3270 1255 3303 et
1274 3261 1334 3304 sic
1352 3261 1494 3317 prima
1514 3261 1649 3305 editio
1663 3295 1675 3317 ,
1696 3278 1800 3306 cum
1828 3262 1968 3305 tribus
1990 3270 2065 3304 aut

1210 3345 1265 3385 qu
1273 3339 1399 3372 atuor
1418 3329 1601 3385 scriptis;
1613 3330 1697 3373 nisi
1707 3330 1858 3385 mavis,
1871 3332 2063 3384 spatiere.

1265 3395 1357 3449 340.
1380 3395 1429 3436 Sc·
1445 3398 1546 3437 bene
1562 3399 1766 3445 nutrieris,
1788 3400 1966 3449 tempore
1983 3401 2063 3436 etc.

1212 3460 1484 3504 Muta-vimus
1507 3459 1832 3505 distinctionem
1855 3458 2063 3503 Heinsia-
