2268 3776
557 327 943 382 AMORUM
989 328 1118 382 111.
1176 329 1415 386 ELEG.
1469 332 1584 386 IX.

182 430 281 497 Ille
312 434 394 494 tui
422 449 570 496 vates
599 436 810 518 operis,
843 450 937 497 tua
964 435 1134 510 fama,
1164 436 1426 500 Tibullus

1856 352 1956 407 ¹99

262 530 437 592 Ardet
466 532 523 591 in
552 545 853 604 exstructo,
888 556 1093 616 corpus
1123 533 1284 595 inane
1303 581 1318 606 ,
1348 559 1509 614 rogo.

183 631 322 691 Ecce
344 619 484 712 puer
509 629 741 689 Veneris
769 628 876 690 sert
905 654 1254 714 eversamque
1285 632 1624 715 pharetram,

263 727 337 785 Et
363 724 566 785 fractos
595 749 780 799 arcus„
806 741 863 787 et
889 726 1008 787 sine
1040 726 1162 788 luce
1187 725 1378 788 facem.

181 819 448 904 Adspice,
475 821 724 883 demissis
754 837 818 883 ut
847 815 933 883 eat
962 823 1294 885 miserabilis
1322 823 1452 897 alis;

261 920 600 1004 Pectoraque
626 920 826 982 infesta
849 921 1048 982 tundat
1075 936 1263 1005 aperta
1292 945 1475 981 manu.
1912 956 1959 983 ιω

178 1012 480 1098 Excipiunt
508 1016 685 1099 sparsi
715 1015 963 1077 lacrimas
994 1040 1095 1100 per
1123 1016 1266 1078 colla
1294 1017 1511 1101 capilli,

260 1110 485 1196 Oraque
512 1110 759 1191 singultu
790 1113 1137 1175 concutiente
1166 1128 1388 1174 sonant.

175 1210 385 1271 Fratris
406 1210 465 1270 in
495 1211 682 1271 AEneae
711 1209 790 1270 sic
817 1208 975 1270 illum
1003 1210 1194 1272 funere
1225 1211 1419 1272 dicunt

257 1307 559 1385 Egressum
590 1306 778 1379 tectiS,
804 1305 1035 1389 pulcher
1061 1306 1179 1368 liile
1198 1354 1214 1380 ,
1239 1307 1365 1368 tuiS.

175 1401 289 1463 Nec
318 1400 502 1464 minus
532 1416 617 1463 est
645 1401 876 1463 confusa
899 1404 1092 1463 Venus
1111 1448 1127 1476 ,
1156 1403 1428 1467 moriente
1457 1400 1686 1463 Tibullo
1706 1448 1720 1474 ,
1915 1421 1962 1462 15

262 1497 448 1579 Quam
475 1497 662 1580 juveni
694 1499 847 1581 rupit
879 1523 1049 1582 quum
1078 1499 1227 1560 ferus
1257 1500 1464 1575 inguen
1493 1523 1639 1582 aper.

175 1592 253 1653 At
282 1594 422 1655 sacri
450 1608 629 1668 vateS,
654 1608 710 1655 et
736 1594 940 1655 Divum
967 1619 1095 1656 cura
1123 1618 1420 1657 vocamur:

257 1690 404 1751 Sunt
428 1691 590 1752 etiam
607 1737 622 1764 ,
649 1691 745 1774 qui
773 1715 879 1752 nos
905 1715 1111 1752 numen
1135 1692 1340 1754 habere
1371 1707 1588 1775 putent.

177 1786 397 1850 Scilicet
423 1811 583 1850 omne
610 1812 824 1850 sacrum
848 1812 999 1849 mors
1029 1789 1348 1872 importuna
1373 1787 1664 1871 profanat:

257 1886 538 1948 Omnibus
566 1886 828 1948 obscuras
858 1885 1034 1968 injicit
1064 1885 1159 1947 illa
1185 1908 1397 1947 manus·
1905 1918 1958 1946 20

172 2049 211 2074 v.
233 2048 269 2091 7.
289 2031 548 2076 notavimus.
563 2055 620 2067 —
639 2033 798 2076 Nomen
813 2036 904 2076 erit.
924 2031 1019 2076 Le-

172 2098 287 2156 gitur
319 2098 365 2142 in
398 2098 533 2143 MSS.
565 2100 696 2143 etiam
713 2131 726 2154 ,
761 2102 844 2143 libi
871 2115 1020 2142 nomen

171 2169 293 2209 mest.
313 2165 444 2209 ΜΑιι.
468 2165 664 2222 Quidam
678 2198 689 2219 ,
712 2170 833 2209 thesi.
851 2166 1018 2209 Hnms.

225 2231 264 2274 5.
291 2232 372 2274 Ille
390 2235 581 2274 tuivates
590 2235 726 2286 operit
740 2239 821 2274 etc.
839 2230 876 2273 A
879 2233 1025 2286 flebili

170 2294 320 2352 Elegia
332 2327 344 2350 ,
359 2293 411 2337 ad
435 2295 691 2338 amator-iam
705 2294 844 2348 redit,
864 2284 1019 2351 «cujus

170 2367 309 2402 tersus
329 2367 459 2416 atque
474 2359 646 2417 elegans
667 2360 851 2403 maxime
869 2369 1020 2404 auctor

172 2423 370 2468 Tibullus
399 2441 422 2463 υ
461 2423 740 2480 Quintiliano
777 2423 1016 2469 videbatur.

171 2487 312 2531 Instit.
333 2501 362 2530 x
377 2519 390 2541 ,
415 2505 518 2530 1.-
538 2489 631 2533 Tua
632 2488 775 2544 fama.
793 2489 886 2545 Qui
908 2499 1017 2532 tan-

170 2560 262 2595 tam
279 2551 355 2595 tibi
375 2553 538 2595 famam
556 2552 828 2607 conciliavit,
849 2554 1017 2598 effecit-

170 2632 254 2673 que
274 2626 323 2661 ut
343 2615 518 2661 Graecos
544 2616 735 2660 Romani
750 2617 904 2674 ,Elegia
916 2634 1018 2675 pro-

168 2687 372 2725 vocarent.
390 2681 454 2724 Id.
474 2679 633 2724 ibid.—
642 2682 728 2724 Tui
739 2687 858 2724 vales
869 2686 1013 2736 open's.

167 2747 222 2792 Id
234 2756 296 2792 est
310 2762 532 2792 sacrorum
551 2756 731 2790 tuorum
751 2748 950 2792 antistes:
966 2757 1018 2792 ut

166 2829 268 2868 opus
286 2822 331 2857 et
348 2817 515 2870 operari
528 2814 700 2871 proprie
723 2813 777 2857 de
798 2814 926 2858 sacris
937 2845 949 2869 ,
965 2823 1015 2858 ut

167 2877 367 2922 vidimus.

221 2960 258 3000 7.
279 2944 568 2999 an-samque.
582 2945 791 2988 Francius
808 2944 1011 2999 malebat,

163 3011 451 3064 &versantque-
470 3008 571 3069 Vid.
605 3009 727 3054 Serv.
766 3011 822 3055 ad
855 3012 1012 3070 Virgil.

166 3085 214 3113 xx
229 3105 240 3123 ,
266 3071 442 3115 AEneid.
462 3073 530 3131 93.

220 3152 260 3194 9.
273 3137 472 3191 Adspice,
492 3139 894 3195 demissis-Defecit&
905 3141 1017 3184 Bar-

167 3200 282 3243 thius
298 3217 310 3252 ;
342 3200 418 3256 qui
447 3200 677 3244 literarum
702 3219 860 3246 sonum
893 3220 1013 3260 quo-

167 3263 404 3308 dammodo
430 3265 594 3308 referre
621 3265 812 3310 celerem
844 3266 1013 3310 alarum

168 3329 367 3387 plausum
386 3338 522 3387 putat.
533 3354 590 3364 —
603 3331 770 3388 Argute
784 3332 986 3378 nimium.

241 3395 302 3448 14.
342 3396 567 3450 Egressum
601 3401 765 3440 castas.
808 3398 880 3442 Sic
915 3399 1012 3442 libri

171 3458 408 3507 Mass'eiani.
444 3459 577 3509 CIOF.
613 3463 751 3510 Tectis
781 3462 982 3511 meliores
999 3481 1012 3508 :

1103 2046 1371 2088 quamquam
1387 2039 1433 2075 et
1448 2036 1602 2085 caym&
1617 2031 1729 2074 bene
1743 2046 1789 2074 se
1810 2030 1955 2084 habet,

1101 2105 1150 2139 ut
1169 2112 1271 2139 cum
1306 2095 1490 2139 Barthio
1523 2095 1813 2150 intelligatur,
1838 2096 1956 2137 Cas-

1100 2168 1206 2204 trum
1225 2163 1428 2204 Laurens.
1456 2160 1618 2203 Tibull.
1638 2173 1674 2202 11
1691 2192 1703 2213 ,
1719 2176 1757 2202 ν.
1778 2162 1825 2202 5ι
1846 2174 1857 2202 :

1099 2239 1188 2271 Ante
1199 2239 1311 2271 ocutos
1323 2241 1470 2271 Laumm
1483 2241 1633 2271 castrum
1646 2249 1826 2281 murusque
1835 2238 1955 2284 lla-vini

1224 2308 1272 2332 es!
1285 2324 1296 2339 9

1139 2361 1290 2403 Albaque
1305 2361 1345 2391 ab
1362 2360 1506 2393 Ascanio
1519 2361 1651 2392 condita
1665 2361 1758 2402 longa
1771 2361 1863 2391 duce.
1881 2361 1918 2390 11

1161 2424 1226 2465 15.
1261 2423 1465 2477 Confusa.
1501 2421 1605 2464 Duo
1639 2421 1785 2477 scripti
1802 2455 1813 2472 ,
1841 2438 1954 2464 con-

1098 2502 1245 2530 cussa:
1255 2486 1330 2530 sed
1345 2486 1737 2542 frustrazconsusus
1751 2502 1828 2543 pro
1845 2486 1951 2529 tristi

1102 2552 1262 2608 passim
1286 2552 1476 2608 ponitur.

1156 2619 1218 2662 16.
1250 2620 1386 2673 Quam
1395 2620 1550 2673 J‘uc’eni
1565 2622 1679 2675 rupit
1699 2635 1820 2675 quum
1829 2618 1953 2673 serus

1094 2690 1247 2740 inguen
1277 2701 1389 2741 aper.
1419 2685 1534 2728 Vide
1570 2684 1687 2742 quod
1715 2684 1953 2727 Theocrito

1096 2750 1352 2794 adscribitur
1373 2750 1581 2809 Idyllium
1610 2764 1698 2792 xxx
1717 2783 1729 2804 ,
1755 2755 1800 2791 in
1829 2766 1947 2791 mor-

1095 2821 1209 2860 tuum
1237 2816 1412 2859 Adonin
1430 2830 1445 2867 ,·
1478 2823 1523 2858 et
1553 2814 1753 2870 ejusdem
1786 2816 1948 2868 Epita-

1088 2883 1235 2935 phium
1255 2914 1266 2931 ,
1291 2881 1406 2937 apud
1420 2881 1610 2923 Bionem
1630 2911 1642 2932 ,
1661 2878 1784 2937 Idyll.
1810 2891 1839 2919 1.

1154 2949 1215 2991 18.
1245 2949 1355 2990 Sunt
1368 2952 1494 2989 eliam
1514 2950 1589 3001 qui
1604 2961 1681 2987 nos
1699 2961 1850 2987 numen
1871 2947 1949 2986 ha-

1092 3017 1184 3056 bere
1194 3019 1353 3067 putent.
1384 3013 1595 3068 Expresso
1628 3011 1827 3054 Socrates
1841 3044 1852 3064 ‚
1879 3011 1945 3053 vel

1094 3075 1220 3119 Plato
1236 3076 1378 3133 potius
1390 3108 1402 3128 ,
1427 3075 1478 3117 ad
1495 3078 1657 3126 Ionem,
1681 3076 1728 3117 in
1744 3075 1857 3118 Dial.
1873 3077 1946 3132 qui

1092 3138 1153 3182 sic
1172 3139 1421 3183 inscribitur
1441 3156 1451 3181 :
1474 3143 1531 3185 Οὐ
1562 3143 1678 3198 τέχνῃ
1700 3172 1713 3194 ,
1742 3141 1839 3184 ἀλλὰ
1871 3148 1951 3197 θείᾳ

1094 3211 1219 3261 μοίρᾳ.
1246 3204 1312 3246 Et·
1336 3203 1424 3259 ipse
1446 3203 1631 3257 Noster,
1658 3205 1770 3247 Fast.
1792 3218 1840 3248 vl
1857 3237 1870 3259 ,
1892 3205 1919 3247 6
1934 3222 1953 3258 ,·

1093 3268 1169 3312 sed
1191 3269 1411 3312 ornatius:

1093 3345 1153 3376 Est
1165 3346 1255 3376 Deus
1271 3344 1304 3374 in
1322 3342 1416 3374 nohis
1430 3356 1440 3384 ;
1455 3345 1596 3384 agitante
1611 3345 1802 3375 calescimus
1819 3345 1876 3377 illo
1893 3356 1900 3376 :

1134 3407 1281 3445 Impetus
1295 3404 1348 3435 hic
1367 3415 1464 3436 sacxae
1478 3406 1602 3436 semina
1617 3405 1735 3439 mentis
1747 3405 1856 3437 habet.

1153 3481 1220 3509 20.
1257 3467 1459 3510 Omnibus
1487 3469 1713 3514 obscuras.
1754 3466 1963 3512 Heinsius
2037 3520 2041 3524 ι
