2268 3776
249 311 1155 319 -——.‚———-———————————..—-..--
1164 315 1258 321 .-.,,-
1267 318 1467 326 ,ῃ

515 407 1003 521 ANGELI
1081 434 1761 529 POLITIANI

412 636 528 696 DE
593 637 916 699 EXILIO
978 639 1092 699 ET
1154 640 1476 704 MORTE
1545 647 1846 708 OVIDII

1883 325 2018 333 --.—-

915 831 1345 905 ELEGIA.

236 1064 352 1150 ET
377 1090 519 1174 jacet
545 1092 779 1153 Euxinis
808 1108 957 1155 vates
976 1086 1277 1157 >Romanus
1306 1097 1364 1156 in
1397 1099 1510 1158 oris
1535 1124 1547 1158 :

316 1190 631 1251 Romanum
659 1205 835 1251 vatem
864 1192 1100 1254 barbara
1131 1208 1273 1255 terra
1303 1194 1474 1274 tegit!

232 1290 401 1350 Terra
431 1289 569 1368 tegit
594 1303 801 1360 vatem,
827 1303 1047 1350 teneros
1079 1291 1175 1374 qui
1209 1290 1343 1351 lusit
1372 1315 1583 1353 amores
1604 1340 1618 1366 ,

311 1384 554 1446 Barbara
573 1433 588 1458 ,
621 1410 785 1469 quam
813 1385 1009 1465 gelidis
1039 1386 1201 1447 alluit
1230 1389 1372 1449 Ister
1401 1388 1576 1472 aquis.

230 1483 345 1543 Nec
375 1496 455 1555 te,
492 1483 702 1556 Roma,
734 1483 943 1567 pudet,
978 1508 1098 1567 quae
1124 1498 1278 1544 tanto
1310 1485 1537 1546 immitis
1567 1484 1793 1547 alumno

311 1580 543 1641 Pectora
570 1581 742 1641 habes
772 1581 908 1665 ipsis
938 1581 1265 1642 barbariora
1298 1582 1499 1642 Getis?

231 1676 477 1759 Ecquid,
505 1678 568 1736 Io
599 1678 808 1750 Musae,
839 1678 1112 1761 Scythicis
1141 1678 1198 1737 in
1229 1678 1438 1739 finibus
1469 1701 1614 1758 aegro

308 1773 494 1835 Taedia
525 1775 620 1857 qui
649 1775 831 1835 morbi
860 1775 1133 1847 demeret,
1162 1773 1310 1835 ullus
1339 1777 1503 1835 erat?

227 1870 479 1954 Ecquid,
509 1870 804 1950 frigidulos
843 1872 937 1955 qui
970 1871 1112 1932 lecto
1143 1872 1457 1955 imponeret
1486 1886 1637 1933 artus
1658 1921 1672 1946 ,

305 1966 423 2027 Aut
452 1966 548 2050 qui
579 1966 899 2051 dulciloquo
930 1966 1142 2029 falleret
1174 1992 1267 2029 ore
1298 1968 1490 2029 diem?
1966 2004 2013 2032 ιω

224 2063 341 2124 Aut
371 2062 467 2146 qui
499 2077 734 2124 tentaret
763 2063 1008 2126 salientis
1043 2080 1293 2148 tempora
1321 2089 1469 2125 venae
1487 2111 1502 2133 ‚

305 2161 423 2221 Aut
449 2159 692 2222 fomenta
720 2186 887 2222 manu
919 2163 1013 2245 qui
1045 2178 1339 2246 properata
1370 2162 1564 2222 daret?

227 2257 503 2318 Conderet
535 2273 630 2319 aut
658 2257 852 2319 oculos
881 2259 1059 2319 media
1088 2261 1198 2341 jam
1228 2274 1406 2319 morte
1436 2273 1687 2319 natantes
1706 2307 1719 2330 ‚

303 2354 422 2413 Aut
449 2351 657 2431 legeret
685 2377 953 2416 summam
979 2355 1075 2438 qui
1102 2355 1229 2437 pius
1261 2378 1356 2414 ore
1386 2354 1666 2414 animam?

222 2448 424 2510 Nullus
454 2464 569 2510 erat
594 2475 606 2509 :
631 2450 847 2510 nullus!
877 2466 1109 2523 vetereS‚
1141 2467 1200 2512 tu
1233 2451 1396 2523 dura,
1427 2451 1643 2512 sodales
1964 2477 2010 2519 15

305 2548 431 2609 Heu
456 2547 653 2631 procul
684 2574 714 2609 a
743 2550 952 2622 Pont0,
983 2550 1187 2609 Martia
1218 2551 1428 2621 Roma,
1458 2552 1645 2610 tenes!

220 2643 422 2705 Nullus
452 2660 568 2705 erat
596 2671 608 2705 :
633 2645 829 2729 procul
859 2647 957 2706 ah!
991 2647 1192 2729 conjux
1212 2693 1227 2718 ,
1260 2647 1527 2730 parvique
1555 2663 1787 2732 nepotes
1811 2674 1822 2708 :

299 2745 415 2804 Nec
444 2742 622 2804 fuerat
651 2743 951 2827 profugum
981 2759 1110 2804 nata
1140 2759 1373 2827 sequuta
1399 2759 1628 2827 patrem.

221 2839 442 2901 Scilicet
470 2840 734 2902 immanes
757 2842 949 2913 Bessi,
978 2841 1212 2925 flavique
1246 2841 1485 2914 Coralli,

299 2937 418 2996 Aut
444 2961 543 2997 vos
571 2938 750 3020 pelliti
780 2963 939 3000 saxea
963 2939 1131 2999 corda
1166 2940 1349 3000 Getae:
1955 2971 2009 2999 20

220 3030 440 3092 Scilicet
466 3033 726 3096 horribili
756 3035 969 3096 dederit
998 3035 1268 3096 solamina
1296 3034 1452 3094 vultu

299 3128 571 3203 Sarmata,
603 3131 671 3191 ab
703 3148 870 3215 epoto
904 3156 1044 3215 saepe
1075 3132 1359 3193 vehendus
1390 3133 1573 3213 equo?

219 3222 490 3297 Sarmata,
520 3225 609 3285 cui
638 3225 873 3303 rigidam
902 3226 1139 3288 demisso
1170 3229 1229 3287 in
1255 3227 1462 3287 lumine
1493 3227 1733 3288 frontem

299 3320 459 3379 Mota
486 3320 753 3402 pruinoso
783 3335 1029 3404 tempora
1060 3324 1207 3383 crine
1241 3326 1480 3383 sonant?

220 3415 327 3476 Sed
358 3416 546 3476 tamen'
569 3431 624 3476 et
653 3417 815 3478 Bessi
842 3418 1170 3490 extinctum,
1203 3434 1257 3478 et
1283 3419 1476 3480 flevere
1510 3419 1743 3492 Coralli,
1951 3441 2006 3484 25
