2268 3776
328 294 425 349 172

784 275 850 331 P.
906 279 1204 337 ov1n11
1249 247 1625 343 NAsoNIS

398 391 464 448 In
488 388 703 450 laudem
732 393 873 452 servi
902 411 1048 456 casta
1069 375 1148 457 'sit
1174 397 1267 459 illa
1295 401 1392 460 tui.
1938 482 1941 485 ἢ

318 486 581 546 Rusticus
612 501 695 547 est
723 489 984 565 nimium,
1015 518 1178 575 quem
1207 494 1357 557 laedit
1386 497 1634 561 adultera
1664 504 1893 586 conjux3

396 584 470 641 Et
501 599 668 644 notos
699 610 879 648 mores
908 614 1024 650 non
1055 591 1186 650 satis
1215 593 1371 654 urbis
1400 594 1602 669 habet;

316 679 382 736 In
413 703 520 761 qua
549 682 872 762 Martigenae
901 710 1017 745 non
1048 701 1178 746 sunt
1201 688 1318 748 sine
1348 691 1575 753 crimine
1603 695 1721 754 nati

398 777 675 839 Romulus
706 779 933 855 Iliades,
959 782 1267 867 Iliadesque
1298 787 1523 848 RemuS.
2046 813 2102 869 40

317 871 471 951 Quid
501 874 604 933 tibi
627 875 899 952 formosa,
929 881 977 940 si
1006 905 1122 940 non
1150 881 1259 941 nisi
1290 898 1437 944 casta
1459 883 1758 967 placebat?

396 970 526 1029 Non
555 990 795 1061 possunt
822 975 951 1036 ullis
977 977 1082 1039 ista
1111 977 1257 1040 coire
1284 981 1483 1042 modis.

316 1064 375 1123 Si
402 1068 575 1149 sapiS,
601 1069 827 1152 indulge
857 1074 1126 1150 dominae3
1159 1077 1456 1161 vultusque
1486 1103 1704 1142 severos

395 1163 578 1225 Exsue
601 1192 612 1227 :
638 1193 739 1230 nec
767 1171 933 1250 rigidi
960 1174 1085 1255 jura
1108 1189 1261 1235 tuere
1291 1176 1412 1236 viri.

315 1265 390 1324 Et
417 1266 558 1341 cole,
592 1295 733 1353 quos
758 1272 996 1349 dederit,
1022 1277 1233 1339 multos
1258 1279 1447 1352 dabit,
1472 1302 1615 1340 uxor
1642 1281 1866 1342 amicos,

2051 1299 2106 1354 [15
2155 1327 2159 1329 >

400 1370 589 1432 Gratia
617 1374 694 1433 sic
727 1376 957 1437 minimo
989 1403 1186 1458 magna
1217 1380 1407 1442 labore
1436 1382 1601 1442 venit.

316 1465 405 1527 Sic
435 1470 644 1550 poteris
669 1471 933 1552 juvenum
964 1477 1212 1538 convivia
1240 1502 1454 1561 semper
1481 1478 1619 1539 inire
1643 1503 1655 1551 ;

394 1567 495 1639 Et,
529 1592 649 1650 quae
670 1593 786 1630 non
818 1571 1037 1647 tuleris,
1063 1574 1238 1636 multa
1262 1574 1445 1635 videre
1478 1574 1646 1635 domi.

316 1709 470 1757 (luere,
481 1709 589 1765 feci.
616 1713 722 1755 Feci
736 1713 913 1770 quidam
935 1716 1165 1774 interpre—

316 1781 468 1816 tantur
485 1807 497 1829 ,
529 1792 612 1819 rem
642 1794 736 1820 cum
754 1783 904 1834 puella
927 1784 1063 1826 habui
1071 1796 1086 1835 ;
1121 1791 1166 1826 et

316 1843 532 1883 castitatls
545 1841 722 1886 laudem
739 1846 927 1898 meruit,
949 1847 996 1890 in
1018 1864 1165 1892 meam

318 1904 552 1949 utilitatem
574 1908 647 1964 qui
661 1925 760 1952 sum
776 1927 923 1955 servus
944 1922 1055 1957 tuus.
1078 1915 1166 1957 Alii

317 1988 423 2014 vero
447 1988 456 2015 :
482 1973 659 2018 laudem
679 1976 792 2021 hanc
814 1981 1035 2034 (castitatis
1056 1982 1163 2035 scil.)

316 2047 458 2082 custos
469 2047 643 2084 tantum
656 2043 871 2090 obtinebit
882 2079 894 2101 ,
911 2048 1009 2104 qui,
1023 2049 1164 2105 puella

314 2121 371 2148 ne
393 2116 613 2162 peccaret,
647 2111 799 2154 vetuit.
830 2134 885 2148 —·
903 2117 999 2170 Ego
1017 2118 1165 2159 dae‘cere.

322 2173 425 2214 Tibi
440 2174 576 2216 dicere
595 2173 683 2217 duo
704 2176 861 2221 Hensii
875 2211 886 2233 ,
902 2196 983 2234 per
998 2183 1164 2224 laudem

316 2237 347 2279 J
350 2238 441 2281 unii
462 2251 472 2277 τ
492 2244 537 2281 iu
556 2242 704 2284 laudes
724 2241 844 2285 Sarr.
865 2252 908 2287 et
929 2246 1040 2289 alter
1062 2247 1164 2291 Put.

369 2304 435 2362 37.
475 2308 681 2349 Rusticus
707 2316 776 2353 est
802 2318 882 2354 etc.
913 2311 1063 2356 Durus
1083 2313 1164 2356 ni·-

315 2369 456 2412 mium
475 2404 486 2426 ,
510 2371 695 2418 difficilis
712 2383 756 2418 et
770 2375 1025 2422 inurbanus.
1038 2382 1164 2423 Rus-

317 2439 462 2481 tz'citas
475 2438 596 2481 enim
608 2472 619 2493 ,
642 2439 696 2483 de
714 2457 798 2497 qua
814 2442 904 2498 jam
918 2459 1048 2501 supra
1060 2444 1163 2488 dixi-

316 2517 414 2544 mus
428 2535 440 2554 ,
463 2503 699 2548 urbanitati
717 2516 836 2550 recte
859 2510 1109 2566 opponitur.

371 2569 438 2622 4ο.
465 2571 672 2612 Romulus
703 2575 864 2616 Iliades
880 2608 890 2626 ,
928 2577 1166 2634 Iliadesque

315 2633 484 2675 Remus.
502 2633 592 2677 Iliae
611 2634 688 2677 filii
709 2653 759 2679 ex
780 2638 941 2681 Marte.

372 2698 438 2751 41.
464 2699 581 2751 Quid
589 2701 672 2741 tibi
672 2700 878 2754 fhrmosa.
896 2702 1046 2759 Suppl.
1061 2721 1166 2759 opus

317 2767 420 2803 erat.
453 2784 509 2795 —··
540 2763 659 2820 Alii,
697 2767 815 2820 Quid
826 2767 1023 2822 formosa
1053 2773 1164 2811 tibi:

319 2826 461 2882 prima
494 2827 628 2871 editio
653 2838 698 2873 et
728 2830 815 2873 duo
845 2832 1016 2888 scripti,
1053 2836 1172 2887 Quid

319 2894 406 2933 tibi
405 2895 654 2947 formosam.
678 2895 795 2953 Lege
815 2912 917 2940 cum
939 2898 1165 2940 Puteaneo

320 2966 365 3000 et
381 2958 549 3014 optimo
563 2959 763 3003 Palatino
773 2994 785 3016 ‚
816 2963 907 3016 Quo
921 2964 1003 3005 tibi
997 2961 1166 3017 formu-

320 3038 424 3065 sam.
439 3022 725 3068 A-rundelian.
744 3059 755 3081 ,
777 3029 869 3081 Quo
883 3027 1164 3082 tibiformosa.

321 3088 429 3131 vidit
442 3089 533 3145 jam
549 3090 599 3132 ad
615 3091 769 3136 Senec.
786 3093 979 3136 Gronov.
998 3094 1164 3137 HEINS.

323 3176 378 3187 ·-
398 3155 450 3197 Si
472 3171 555 3198 uon
583 3159 666 3198 tibi
686 3164 808 3201 casta
828 3162 1019 3214 placebit
1036 3159 1061 3201 ?
1099 3159 1166 3201 Ita

325 3220 503 3276 quidem
518 3255 529 3276 ,
550 3221 627 3265 sed
647 3234 848 3280 corrupte
862 3258 873 3280 ,
895 3225 942 3268 in
964 3224 1166 3268 omnibus

325 3286 543 3343 impressis
563 3288 877 3345 exemplaribus
901 3290 1060 3347 legitur
1082 3301 1092 3327 :
1117 3306 1167 3332 ex

325 3351 405 3398 hae
425 3355 544 3398 enim
572 3355 759 3400 lectione
780 3371 997 3415 congruus
1017 3372 1167 3399 sensus

1247 1717 1341 1761 elici
1358 1733 1451 1761 non
1468 1725 1632 1774 potest:
1654 1714 1772 1760 unde
1794 1731 1846 1759 ex
1862 1713 2101 1758 vetustissi-

1246 1783 1308 1825 mi
1331 1799 1380 1827 ac
1404 1782 1689 1840 manuscripti
1714 1780 1872 1825 codicis
1904 1781 2103 1823 auctori-

1248 1855 1336 1891 tate
1355 1847 1594 1905 legendum
1610 1856 1673 1890 est
1689 1880 1700 1902 ‚
1724 1848 1866 1890 Sinon
1880 1850 1971 1888 tusi
1979 1851 2102 1888 casta

1238 1915 1442 1968 placebat
1452 1917 1476 1958 ἱ)
1493 1921 1542 1956 ut
1555 1913 1608 1956 sit
1620 1928 1769 1956 sensus
1781 1924 1790 1951 t
1802 1912 1837 1955 si
1854 1917 1980 1955 casta
1994 1927 2102 1953 uxor

1246 1980 1323 2023 tibi
1338 1980 1531 2036 placebat
1544 2013 1555 2034 ‚
1579 1979 1682 2037 quid
1690 1980 1929 2036 formosam
1947 1980 2102 2022 stultus

1247 2042 1438 2086 duxisti?
1463 2045 1593 2087 MAR.

1301 2110 1367 2163 42.
1407 2111 1505 2153 Non
1525 2114 1709 2164 possunt
1740 2111 1841 2151 ullis
1871 2113 1958 2152 ista
1990 2114 2104 2152 coi're

1246 2176 1395 2216 modis.
1422 2173 1555 2218 Nullo
1575 2173 1711 2216 modo
1730 2173 1810 2217 ista
1824 2206 1835 2227 ,
1856 2173 1998 2215 forma
2019 2174 2100 2215 ni-

1246 2242 1411 2284 mirum
1445 2251 1490 2284 et
1516 2241 1710 2295 castitas,
1749 2246 1859 2283 coi're
1890 2247 2072 2296 possunt
2089 2273 2100 2294 ,

1247 2321 1337 2349 esse
1365 2306 1522 2360 simul,
1567 2304 1815 2349 conversari
1845 2303 2100 2347 concordes.

1246 2373 1454 2417 Vidimus
1483 2373 1576 2430 jam
1608 2373 1655 2416 in
1685 2372 1822 2429 Epist.
1852 2370 2022 2415 Paridis
2048 2368 2100 2412 ad

1247 2440 1471 2484 Helenam
1489 2473 1500 2496 ,
1520 2457 1560 2483 v.
1584 2440 1690 2483 288:

1286 2510 1345 2541 Lis
1359 2516 1407 2540 est
1423 2521 1499 2540 oum
1510 2509 1615 2541 sonna
1629 2520 1743 2550 magna
1756 2506 1932 2549 pudicitiae.

1301 2572 1368 2627 48.
1394 2573 1457 2614 Et
1471 2587 1560 2627 qua·
1577 2588 1661 2614 non
1684 2572 1846 2613 dedente
1868 2576 1948 2611 etc.
1977 2564 2100 2609 Cor-

1246 2638 1493 2695 ruptissime
1514 2638 1574 2680 ita
1586 2638 1744 2694 legitur
1756 2636 1839 2679 hoc
1853 2649 2030 2678 carmen
2052 2633 2098 2674 in

1245 2703 1464 2760 impressis
1504 2702 1834 2758 exemplaribus.
1879 2697 2099 2754 Quaedam

1248 2777 1396 2811 autem
1425 2767 1721 2823 manuscripta
1746 2765 1934 2808 habent:

1285 2837 1329 2867 Et
1344 2848 1414 2877 quae
1427 2847 1492 2867 non
1504 2836 1618 2866 tuleris
1631 2859 1643 2875 ‚
1661 2835 1764 2865 multa
1779 2834 1889 2865 videre
1901 2834 2001 2865 domi.

1247 2898 1306 2940 Et
1320 2898 1380 2941 sic
1396 2898 1581 2940 omnino
1600 2905 1664 2940 est
1683 2895 1925 2953 legendum
1943 2913 1954 2947 ;
1978 2902 2027 2937 ut
2046 2895 2101 2938 sit

1246 2979 1396 3017 sensus
1423 2978 1433 3005 ε
1469 2970 1628 3019 praeter
1657 2960 1776 3018 quod
1812 2959 1863 3003 ad
1903 2960 2100 3003 convivia

1246 3045 1422 3085 semper
1449 3028 1700 3071 invitaberis
1721 3060 1733 3081 ,
1773 3025 1894 3069 domi
1923 3041 2099 3082 quoque

1247 3103 1322 3137 tua
1341 3110 1410 3137 res
1430 3102 1594 3137 crescet
1609 3109 1619 3136 :
1634 3108 1739 3135 nam
1760 3091 1946 3134 adulteri
1962 3090 2100 3133 multa

1249 3177 1436 3203 munera
1457 3159 1581 3203 uxori
1603 3167 1689 3203 tuae
1709 3158 1889 3201 dabunt.
1915 3161 2011 3202 Non
2030 3163 2098 3198 tu—

1246 3230 1366 3278 lens,
1397 3226 1581 3268 domum
1603 3234 1725 3268 tuam
1757 3240 1850 3267 non
1879 3221 2096 3265 adtuleris.

1256 3294 1430 3334 Videre:
1449 3290 1630 3334 subaudi
1647 3307 1670 3332 a
1685 3288 1998 3346 superioribus,
2012 3302 2096 3341 po-

1249 3361 1360 3400 teris.
1384 3359 1537 3411 Domi,
1562 3357 1721 3402 scilicet
1737 3365 1833 3401 tuae.
1855 3354 1984 3398 MAR-

1009 3453 1402 3473 ψ-
