<?xml version="1.0" encoding="UTF-8"?>
<!DOCTYPE html PUBLIC "-//W3C//DTD XHTML 1.0 Transitional//EN"
    "http://www.w3.org/TR/xhtml1/DTD/xhtml1-transitional.dtd">
<html xmlns="http://www.w3.org/1999/xhtml" xml:lang="en" lang="en">
 <head>
  <title>
</title>
<meta http-equiv="Content-Type" content="text/html;charset=utf-8" />
  <meta name='ocr-system' content='tesseract 3.04.00' />
  <meta name='ocr-capabilities' content='ocr_page ocr_carea ocr_par ocr_line ocrx_word'/>
</head>
<body>
  <div class='ocr_page' id='page_1' title='image "./quaeextantomniao02oviduoft_0441.png"; bbox 0 0 2268 3776; ppageno 0'>
   <div class='ocr_carea' id='block_1_1' title="bbox 734 308 1552 367">
    <p class='ocr_par' dir='ltr' id='par_1_1' title="bbox 734 308 1552 367">
     <span class='ocr_line' id='line_1_1' title="bbox 734 308 1552 367; baseline -0.005 0"><span class='ocrx_word' id='word_1_1' title='bbox 734 308 1136 367; x_wconf 79' lang='lat' dir='ltr'>REMFDIA</span> <span class='ocrx_word' id='word_1_2' title='bbox 1189 308 1552 366; x_wconf 89' lang='lat' dir='ltr'><strong>AMORIS.</strong></span> 
     </span>
    </p>
   </div>
   <div class='ocr_carea' id='block_1_2' title="bbox 245 424 2043 1000">
    <p class='ocr_par' dir='ltr' id='par_1_2' title="bbox 326 424 1469 512">
     <span class='ocr_line' id='line_1_2' title="bbox 326 424 1469 512; baseline -0.004 -21"><span class='ocrx_word' id='word_1_3' title='bbox 326 432 403 491; x_wconf 88' lang='lat' dir='ltr'>Et</span> <span class='ocrx_word' id='word_1_4' title='bbox 431 429 479 490; x_wconf 90' lang='lat' dir='ltr'>si</span> <span class='ocrx_word' id='word_1_5' title='bbox 510 452 618 512; x_wconf 89' lang='lat' dir='ltr'>qua</span> <span class='ocrx_word' id='word_1_6' title='bbox 649 441 734 488; x_wconf 87' lang='lat' dir='ltr'>est</span> <span class='ocrx_word' id='word_1_7' title='bbox 755 427 897 487; x_wconf 87' lang='lat' dir='ltr'>duro</span> <span class='ocrx_word' id='word_1_8' title='bbox 928 440 1088 509; x_wconf 87' lang='lat' dir='ltr'>capta</span> <span class='ocrx_word' id='word_1_9' title='bbox 1117 424 1302 509; x_wconf 91' lang='lat' dir='ltr'>puella</span> <span class='ocrx_word' id='word_1_10' title='bbox 1330 427 1469 487; x_wconf 88' lang='lat' dir='ltr'>viro.</span> 
     </span>
    </p>

    <p class='ocr_par' dir='ltr' id='par_1_3' title="bbox 245 522 2043 706">
     <span class='ocr_line' id='line_1_3' title="bbox 245 522 2043 606; baseline -0.002 -18"><span class='ocrx_word' id='word_1_11' title='bbox 245 529 302 589; x_wconf 93' lang='lat' dir='ltr'>Is</span> <span class='ocrx_word' id='word_1_12' title='bbox 332 526 470 587; x_wconf 84' lang='lat' dir='ltr'>mihi</span> <span class='ocrx_word' id='word_1_13' title='bbox 498 526 576 587; x_wconf 90' lang='lat' dir='ltr'>sic</span> <span class='ocrx_word' id='word_1_14' title='bbox 607 525 747 586; x_wconf 81' lang='lat' dir='ltr'>dixit</span> <span class='ocrx_word' id='word_1_15' title='bbox 771 549 782 584; x_wconf 93' lang='lat'>:</span> <span class='ocrx_word' id='word_1_16' title='bbox 811 523 1046 606; x_wconf 83' lang='lat' dir='ltr'>[dubito</span> <span class='ocrx_word' id='word_1_17' title='bbox 1064 571 1080 597; x_wconf 97' lang='lat'>,</span> <span class='ocrx_word' id='word_1_18' title='bbox 1106 546 1340 584; x_wconf 82' lang='lat' dir='ltr'>verusne</span> <span class='ocrx_word' id='word_1_19' title='bbox 1374 522 1597 606; x_wconf 82' lang='lat' dir='ltr'>Cupido</span> <span class='ocrx_word' id='word_1_20' title='bbox 1959 542 2043 586; x_wconf 77' lang='lat'>555</span> 
     </span>
     <span class='ocr_line' id='line_1_4' title="bbox 329 619 1657 706; baseline -0.005 -22"><span class='ocrx_word' id='word_1_21' title='bbox 329 624 422 684; x_wconf 91' lang='lat' dir='ltr'>An</span> <span class='ocrx_word' id='word_1_22' title='bbox 449 646 679 684; x_wconf 89' lang='lat' dir='ltr'>somnus</span> <span class='ocrx_word' id='word_1_23' title='bbox 709 622 908 695; x_wconf 86' lang='lat' dir='ltr'>fuerit;</span> <span class='ocrx_word' id='word_1_24' title='bbox 936 620 1031 684; x_wconf 91' lang='lat' dir='ltr'>sed</span> <span class='ocrx_word' id='word_1_25' title='bbox 1057 635 1199 706; x_wconf 89' lang='lat' dir='ltr'>puto</span> <span class='ocrx_word' id='word_1_26' title='bbox 1227 644 1458 682; x_wconf 89' lang='lat' dir='ltr'>somnus</span> <span class='ocrx_word' id='word_1_27' title='bbox 1490 619 1657 701; x_wconf 88' lang='lat' dir='ltr'>erat.]</span> 
     </span>
    </p>

    <p class='ocr_par' dir='ltr' id='par_1_4' title="bbox 253 716 1756 901">
     <span class='ocr_line' id='line_1_5' title="bbox 253 716 1756 804; baseline -0.002 -24"><span class='ocrx_word' id='word_1_28' title='bbox 253 720 307 780; x_wconf 89' lang='lat' dir='ltr'>O</span> <span class='ocrx_word' id='word_1_29' title='bbox 338 720 434 804; x_wconf 93' lang='lat' dir='ltr'>qui</span> <span class='ocrx_word' id='word_1_30' title='bbox 461 719 731 781; x_wconf 90' lang='lat' dir='ltr'>sollicitos</span> <span class='ocrx_word' id='word_1_31' title='bbox 760 719 931 780; x_wconf 90' lang='lat' dir='ltr'>modo</span> <span class='ocrx_word' id='word_1_32' title='bbox 962 718 1086 793; x_wconf 77' lang='lat' dir='ltr'>daS,</span> <span class='ocrx_word' id='word_1_33' title='bbox 1116 716 1285 783; x_wconf 84' lang='lat' dir='ltr'>modo</span> <span class='ocrx_word' id='word_1_34' title='bbox 1315 717 1490 781; x_wconf 89' lang='lat' dir='ltr'>demis</span> <span class='ocrx_word' id='word_1_35' title='bbox 1515 739 1756 790; x_wconf 90' lang='lat' dir='ltr'>amores,</span> 
     </span>
     <span class='ocr_line' id='line_1_6' title="bbox 331 814 1643 901; baseline -0.002 -24"><span class='ocrx_word' id='word_1_36' title='bbox 331 815 526 898; x_wconf 88' lang='lat' dir='ltr'>Adjice</span> <span class='ocrx_word' id='word_1_37' title='bbox 555 815 846 900; x_wconf 77' lang='lat' dir='ltr'><strong>praeceptis</strong></span> <span class='ocrx_word' id='word_1_38' title='bbox 875 816 985 877; x_wconf 89' lang='lat' dir='ltr'>hoc</span> <span class='ocrx_word' id='word_1_39' title='bbox 1019 839 1274 901; x_wconf 90' lang='lat' dir='ltr'>quoque,</span> <span class='ocrx_word' id='word_1_40' title='bbox 1303 816 1483 888; x_wconf 83' lang='lat' dir='ltr'>Naso,</span> <span class='ocrx_word' id='word_1_41' title='bbox 1516 814 1643 875; x_wconf 79' lang='lat' dir='ltr'>tuiS.</span> 
     </span>
    </p>

    <p class='ocr_par' dir='ltr' id='par_1_5' title="bbox 251 912 1930 1000">
     <span class='ocr_line' id='line_1_7' title="bbox 251 912 1930 1000; baseline -0.004 -23"><span class='ocrx_word' id='word_1_42' title='bbox 251 914 341 977; x_wconf 90' lang='lat' dir='ltr'>Ad</span> <span class='ocrx_word' id='word_1_43' title='bbox 370 914 513 977; x_wconf 89' lang='lat' dir='ltr'>mala</span> <span class='ocrx_word' id='word_1_44' title='bbox 544 916 782 1000; x_wconf 90' lang='lat' dir='ltr'>quisque</span> <span class='ocrx_word' id='word_1_45' title='bbox 810 914 1055 976; x_wconf 88' lang='lat' dir='ltr'>animum</span> <span class='ocrx_word' id='word_1_46' title='bbox 1084 912 1286 976; x_wconf 82' lang='lat' dir='ltr'>referat</span> <span class='ocrx_word' id='word_1_47' title='bbox 1308 935 1434 986; x_wconf 86' lang='lat' dir='ltr'>sua;</span> <span class='ocrx_word' id='word_1_48' title='bbox 1459 926 1636 996; x_wconf 89' lang='lat' dir='ltr'>ponet</span> <span class='ocrx_word' id='word_1_49' title='bbox 1661 934 1930 972; x_wconf 85' lang='lat' dir='ltr'>amorem:</span> 
     </span>
    </p>
   </div>
   <div class='ocr_carea' id='block_1_3' title="bbox 334 1008 1621 1096">
    <p class='ocr_par' dir='ltr' id='par_1_6' title="bbox 334 1008 1621 1096">
     <span class='ocr_line' id='line_1_8' title="bbox 334 1008 1621 1096; baseline -0.005 -21"><span class='ocrx_word' id='word_1_50' title='bbox 334 1013 616 1075; x_wconf 87' lang='lat' dir='ltr'>Omnibus</span> <span class='ocrx_word' id='word_1_51' title='bbox 644 1011 739 1074; x_wconf 90' lang='lat' dir='ltr'>illa</span> <span class='ocrx_word' id='word_1_52' title='bbox 769 1014 923 1073; x_wconf 92' lang='lat' dir='ltr'>Deus</span> <span class='ocrx_word' id='word_1_53' title='bbox 952 1010 1147 1096; x_wconf 86' lang='lat' dir='ltr'>plusve</span> <span class='ocrx_word' id='word_1_54' title='bbox 1169 1010 1422 1072; x_wconf 86' lang='lat' dir='ltr'>minusve</span> <span class='ocrx_word' id='word_1_55' title='bbox 1452 1008 1621 1071; x_wconf 84' lang='lat' dir='ltr'><strong>dedit.</strong></span> 
     </span>
    </p>
   </div>
   <div class='ocr_carea' id='block_1_4' title="bbox 1961 1024 2044 1068">
    <p class='ocr_par' dir='ltr' id='par_1_7' title="bbox 1961 1024 2044 1068">
     <span class='ocr_line' id='line_1_9' title="bbox 1961 1024 2044 1068; baseline -0.048 0"><span class='ocrx_word' id='word_1_56' title='bbox 1961 1024 2044 1068; x_wconf 64' lang='lat'><strong>56⁴⁹»</strong></span> 
     </span>
    </p>
   </div>
   <div class='ocr_carea' id='block_1_5' title="bbox 250 1105 1836 1389">
    <p class='ocr_par' dir='ltr' id='par_1_8' title="bbox 250 1105 1836 1389">
     <span class='ocr_line' id='line_1_10' title="bbox 251 1105 1836 1194; baseline -0.003 -22"><span class='ocrx_word' id='word_1_57' title='bbox 251 1110 370 1193; x_wconf 83' lang='lat' dir='ltr'>Qui</span> <span class='ocrx_word' id='word_1_58' title='bbox 399 1109 595 1172; x_wconf 89' lang='lat' dir='ltr'>Puteal</span> <span class='ocrx_word' id='word_1_59' title='bbox 624 1113 939 1194; x_wconf 89' lang='lat' dir='ltr'>Janumque</span> <span class='ocrx_word' id='word_1_60' title='bbox 975 1110 1157 1183; x_wconf 89' lang='lat' dir='ltr'>timet,</span> <span class='ocrx_word' id='word_1_61' title='bbox 1186 1107 1501 1192; x_wconf 86' lang='lat' dir='ltr'>celeresque</span> <span class='ocrx_word' id='word_1_62' title='bbox 1530 1105 1836 1180; x_wconf 85' lang='lat' dir='ltr'>Kalendas,</span> 
     </span>
     <span class='ocr_line' id='line_1_11' title="bbox 330 1205 1550 1292; baseline -0.003 -22"><span class='ocrx_word' id='word_1_63' title='bbox 330 1209 617 1292; x_wconf 90' lang='lat' dir='ltr'>Torqueat</span> <span class='ocrx_word' id='word_1_64' title='bbox 641 1208 791 1269; x_wconf 91' lang='lat' dir='ltr'>hunc</span> <span class='ocrx_word' id='word_1_65' title='bbox 822 1207 944 1269; x_wconf 87' lang='lat' dir='ltr'>aeris</span> <span class='ocrx_word' id='word_1_66' title='bbox 977 1221 1169 1269; x_wconf 88' lang='lat' dir='ltr'>mutua</span> <span class='ocrx_word' id='word_1_67' title='bbox 1201 1230 1414 1268; x_wconf 90' lang='lat' dir='ltr'>summa</span> <span class='ocrx_word' id='word_1_68' title='bbox 1445 1205 1550 1267; x_wconf 89' lang='lat' dir='ltr'>sui.</span> 
     </span>
     <span class='ocr_line' id='line_1_12' title="bbox 250 1302 1628 1389; baseline -0.004 -21"><span class='ocrx_word' id='word_1_69' title='bbox 250 1305 358 1368; x_wconf 88' lang='lat' dir='ltr'>Cui</span> <span class='ocrx_word' id='word_1_70' title='bbox 387 1320 544 1389; x_wconf 89' lang='lat' dir='ltr'>pater</span> <span class='ocrx_word' id='word_1_71' title='bbox 570 1320 655 1368; x_wconf 87' lang='lat' dir='ltr'>est</span> <span class='ocrx_word' id='word_1_72' title='bbox 683 1305 888 1379; x_wconf 83' lang='lat' dir='ltr'>durus,</span> <span class='ocrx_word' id='word_1_73' title='bbox 918 1305 1066 1367; x_wconf 82' lang='lat' dir='ltr'>votis</span> <span class='ocrx_word' id='word_1_74' title='bbox 1095 1319 1162 1367; x_wconf 91' lang='lat' dir='ltr'>ut</span> <span class='ocrx_word' id='word_1_75' title='bbox 1191 1319 1368 1367; x_wconf 88' lang='lat' dir='ltr'>cetera</span> <span class='ocrx_word' id='word_1_76' title='bbox 1400 1302 1628 1376; x_wconf 85' lang='lat' dir='ltr'>cedant,</span> 
     </span>
    </p>
   </div>
   <div class='ocr_carea' id='block_1_6' title="bbox 331 1406 1721 1493">
    <p class='ocr_par' dir='ltr' id='par_1_9' title="bbox 331 1406 1721 1493">
     <span class='ocr_line' id='line_1_13' title="bbox 331 1406 1721 1493; baseline -0.002 -24"><span class='ocrx_word' id='word_1_77' title='bbox 331 1408 482 1470; x_wconf 86' lang='lat' dir='ltr'>Huic</span> <span class='ocrx_word' id='word_1_78' title='bbox 513 1423 670 1493; x_wconf 85' lang='lat' dir='ltr'>pater</span> <span class='ocrx_word' id='word_1_79' title='bbox 698 1423 823 1470; x_wconf 90' lang='lat' dir='ltr'>ante</span> <span class='ocrx_word' id='word_1_80' title='bbox 850 1407 1044 1470; x_wconf 93' lang='lat' dir='ltr'>oculos</span> <span class='ocrx_word' id='word_1_81' title='bbox 1073 1408 1247 1470; x_wconf 91' lang='lat' dir='ltr'>durus</span> <span class='ocrx_word' id='word_1_82' title='bbox 1275 1407 1570 1469; x_wconf 88' lang='lat' dir='ltr'>habendus</span> <span class='ocrx_word' id='word_1_83' title='bbox 1601 1406 1721 1467; x_wconf 88' lang='lat' dir='ltr'>erit.</span> 
     </span>
    </p>
   </div>
   <div class='ocr_carea' id='block_1_7' title="bbox 250 1509 2047 1596">
    <p class='ocr_par' dir='ltr' id='par_1_10' title="bbox 250 1509 2047 1596">
     <span class='ocr_line' id='line_1_14' title="bbox 250 1509 2047 1596; baseline -0.002 -23"><span class='ocrx_word' id='word_1_84' title='bbox 250 1510 361 1573; x_wconf 87' lang='lat' dir='ltr'>Hic</span> <span class='ocrx_word' id='word_1_85' title='bbox 389 1509 529 1573; x_wconf 91' lang='lat' dir='ltr'>male</span> <span class='ocrx_word' id='word_1_86' title='bbox 555 1511 744 1574; x_wconf 82' lang='lat' dir='ltr'>dotata</span> <span class='ocrx_word' id='word_1_87' title='bbox 772 1536 988 1596; x_wconf 87' lang='lat' dir='ltr'>pauper</span> <span class='ocrx_word' id='word_1_88' title='bbox 1017 1536 1143 1574; x_wconf 90' lang='lat' dir='ltr'>cum</span> <span class='ocrx_word' id='word_1_89' title='bbox 1175 1512 1411 1594; x_wconf 83' lang='lat' dir='ltr'>conjuge</span> <span class='ocrx_word' id='word_1_90' title='bbox 1440 1510 1611 1572; x_wconf 87' lang='lat' dir='ltr'>vivit:</span> <span class='ocrx_word' id='word_1_91' title='bbox 1967 1520 2047 1565; x_wconf 69' lang='grc' dir='ltr'>5(ῐῦ</span> 
     </span>
    </p>
   </div>
   <div class='ocr_carea' id='block_1_8' title="bbox 334 1614 1328 1676">
    <p class='ocr_par' dir='ltr' id='par_1_11' title="bbox 334 1614 1328 1676">
     <span class='ocr_line' id='line_1_15' title="bbox 334 1614 1328 1676; baseline 0.002 -2"><span class='ocrx_word' id='word_1_92' title='bbox 334 1615 581 1676; x_wconf 89' lang='lat' dir='ltr'>Uxorem</span> <span class='ocrx_word' id='word_1_93' title='bbox 610 1614 726 1675; x_wconf 86' lang='lat' dir='ltr'>fato</span> <span class='ocrx_word' id='word_1_94' title='bbox 757 1614 943 1676; x_wconf 90' lang='lat' dir='ltr'>credat</span> <span class='ocrx_word' id='word_1_95' title='bbox 974 1616 1173 1676; x_wconf 89' lang='lat' dir='ltr'>obesse</span> <span class='ocrx_word' id='word_1_96' title='bbox 1206 1639 1328 1676; x_wconf 78' lang='lat' dir='ltr'>suo·</span> 
     </span>
    </p>
   </div>
   <div class='ocr_carea' id='block_1_9' title="bbox 254 1716 1516 1797">
    <p class='ocr_par' dir='ltr' id='par_1_12' title="bbox 254 1716 1516 1797">
     <span class='ocr_line' id='line_1_16' title="bbox 254 1716 1516 1797; baseline 0 -20"><span class='ocrx_word' id='word_1_97' title='bbox 254 1717 359 1777; x_wconf 86' lang='lat' dir='ltr'>Est</span> <span class='ocrx_word' id='word_1_98' title='bbox 387 1716 493 1778; x_wconf 84' lang='lat' dir='ltr'>tibi</span> <span class='ocrx_word' id='word_1_99' title='bbox 522 1741 648 1778; x_wconf 88' lang='lat' dir='ltr'>rure</span> <span class='ocrx_word' id='word_1_100' title='bbox 678 1718 834 1779; x_wconf 89' lang='lat' dir='ltr'>bono</span> <span class='ocrx_word' id='word_1_101' title='bbox 862 1742 1140 1797; x_wconf 66' lang='lat' dir='ltr'>generosae</span> <span class='ocrx_word' id='word_1_102' title='bbox 1168 1717 1368 1780; x_wconf 86' lang='lat' dir='ltr'>fertilis</span> <span class='ocrx_word' id='word_1_103' title='bbox 1397 1740 1516 1778; x_wconf 87' lang='lat' dir='ltr'>uvae</span> 
     </span>
    </p>
   </div>
   <div class='ocr_carea' id='block_1_10' title="bbox 249 1903 1114 2737">
    <p class='ocr_par' dir='ltr' id='par_1_13' title="bbox 249 1903 1114 2737">
     <span class='ocr_line' id='line_1_17' title="bbox 253 1903 1110 1958; baseline 0.004 -14"><span class='ocrx_word' id='word_1_104' title='bbox 253 1903 384 1958; x_wconf 79' lang='lat' dir='ltr'>Inque</span> <span class='ocrx_word' id='word_1_105' title='bbox 404 1905 497 1945; x_wconf 78' lang='lat' dir='ltr'>suis</span> <span class='ocrx_word' id='word_1_106' title='bbox 510 1904 694 1957; x_wconf 69' lang='lat' dir='ltr'>gelidam</span> <span class='ocrx_word' id='word_1_107' title='bbox 714 1904 926 1958; x_wconf 78' lang='lat' dir='ltr'>lampadis</span> <span class='ocrx_word' id='word_1_108' title='bbox 943 1936 953 1953; x_wconf 92' lang='lat'>,</span> <span class='ocrx_word' id='word_1_109' title='bbox 995 1919 1054 1946; x_wconf 91' lang='lat' dir='ltr'>un</span> <span class='ocrx_word' id='word_1_110' title='bbox 1061 1920 1110 1947; x_wconf 89' lang='lat' dir='ltr'>us</span> 
     </span>
     <span class='ocr_line' id='line_1_18' title="bbox 253 1967 1110 2014; baseline 0.004 -4"><span class='ocrx_word' id='word_1_111' title='bbox 253 1967 441 2011; x_wconf 82' lang='lat' dir='ltr'>Putean.</span> <span class='ocrx_word' id='word_1_112' title='bbox 463 1975 507 2012; x_wconf 91' lang='lat' dir='ltr'>et</span> <span class='ocrx_word' id='word_1_113' title='bbox 526 1967 750 2014; x_wconf 85' lang='lat' dir='ltr'>Leidensis</span> <span class='ocrx_word' id='word_1_114' title='bbox 773 1984 782 2011; x_wconf 93' lang='lat'><strong>:</strong></span> <span class='ocrx_word' id='word_1_115' title='bbox 803 1969 987 2013; x_wconf 83' lang='lat' dir='ltr'>tentavit</span> <span class='ocrx_word' id='word_1_116' title='bbox 1004 1970 1110 2013; x_wconf 87' lang='lat' dir='ltr'>olim</span> 
     </span>
     <span class='ocr_line' id='line_1_19' title="bbox 252 2031 1110 2091; baseline 0.003 -15"><span class='ocrx_word' id='word_1_117' title='bbox 252 2031 479 2087; x_wconf 83' lang='lat' dir='ltr'>Heinsius,</span> <span class='ocrx_word' id='word_1_118' title='bbox 501 2035 726 2089; x_wconf 79' lang='lat' dir='ltr'>lampast&#39;n.</span> <span class='ocrx_word' id='word_1_119' title='bbox 745 2034 829 2078; x_wconf 85' lang='lat' dir='ltr'>Vix</span> <span class='ocrx_word' id='word_1_120' title='bbox 849 2043 982 2091; x_wconf 84' lang='lat' dir='ltr'>puto:</span> <span class='ocrx_word' id='word_1_121' title='bbox 1003 2052 1110 2079; x_wconf 89' lang='lat' dir='ltr'>nam</span> 
     </span>
     <span class='ocr_line' id='line_1_20' title="bbox 249 2099 1111 2159; baseline 0.003 -16"><span class='ocrx_word' id='word_1_122' title='bbox 249 2099 360 2143; x_wconf 84' lang='lat' dir='ltr'>solet</span> <span class='ocrx_word' id='word_1_123' title='bbox 386 2101 540 2149; x_wconf 75' lang='lat' dir='ltr'>addere</span> <span class='ocrx_word' id='word_1_124' title='bbox 569 2100 732 2145; x_wconf 83' lang='lat' dir='ltr'>Noster</span> <span class='ocrx_word' id='word_1_125' title='bbox 758 2117 862 2145; x_wconf 88' lang='lat' dir='ltr'>cum</span> <span class='ocrx_word' id='word_1_126' title='bbox 894 2102 1111 2159; x_wconf 77' lang='lat' dir='ltr'>praeposi-</span> 
     </span>
     <span class='ocr_line' id='line_1_21' title="bbox 250 2164 1019 2224; baseline 0.004 -16"><span class='ocrx_word' id='word_1_127' title='bbox 250 2164 371 2211; x_wconf 85' lang='lat' dir='ltr'>tione</span> <span class='ocrx_word' id='word_1_128' title='bbox 393 2168 469 2217; x_wconf 45' lang='lat' dir='ltr'>ia,</span> <span class='ocrx_word' id='word_1_129' title='bbox 491 2172 536 2210; x_wconf 88' lang='lat' dir='ltr'>et</span> <span class='ocrx_word' id='word_1_130' title='bbox 554 2166 798 2210; x_wconf 85' lang='lat' dir='ltr'>accusativo</span> <span class='ocrx_word' id='word_1_131' title='bbox 818 2167 1019 2224; x_wconf 81' lang='lat' dir='ltr'>jungere.</span> 
     </span>
     <span class='ocr_line' id='line_1_22' title="bbox 307 2231 1112 2288; baseline 0.001 -15"><span class='ocrx_word' id='word_1_132' title='bbox 307 2231 403 2287; x_wconf 87' lang='lat'>557.</span> <span class='ocrx_word' id='word_1_133' title='bbox 435 2231 564 2286; x_wconf 77' lang='lat' dir='ltr'>qu&#39;</span> <span class='ocrx_word' id='word_1_134' title='bbox 575 2233 797 2275; x_wconf 73' lang='lat' dir='ltr'>sollicitos.</span> <span class='ocrx_word' id='word_1_135' title='bbox 817 2231 982 2288; x_wconf 79' lang='lat' dir='ltr'>Regius</span> <span class='ocrx_word' id='word_1_136' title='bbox 995 2264 1007 2286; x_wconf 90' lang='lat'>,</span> <span class='ocrx_word' id='word_1_137' title='bbox 1023 2233 1112 2275; x_wconf 86' lang='lat' dir='ltr'>sol-</span> 
     </span>
     <span class='ocr_line' id='line_1_23' title="bbox 249 2294 1108 2351; baseline 0.006 -14"><span class='ocrx_word' id='word_1_138' title='bbox 249 2295 418 2338; x_wconf 76' lang='lat' dir='ltr'>licitus:</span> <span class='ocrx_word' id='word_1_139' title='bbox 431 2294 715 2339; x_wconf 78' lang='lat' dir='ltr'>scribendum</span> <span class='ocrx_word' id='word_1_140' title='bbox 729 2297 842 2340; x_wconf 82' lang='lat' dir='ltr'>sorte</span> <span class='ocrx_word' id='word_1_141' title='bbox 856 2329 868 2351; x_wconf 88' lang='lat'>,</span> <span class='ocrx_word' id='word_1_142' title='bbox 882 2300 1085 2342; x_wconf 62' lang='lat' dir='ltr'>solla-171}</span> <span class='ocrx_word' id='word_1_143' title='bbox 1094 2313 1108 2342; x_wconf 89' lang='lat'>.·</span> 
     </span>
     <span class='ocr_line' id='line_1_24' title="bbox 250 2360 917 2419; baseline -0.001 -13"><span class='ocrx_word' id='word_1_144' title='bbox 250 2360 412 2406; x_wconf 85' lang='lat' dir='ltr'>scilicet</span> <span class='ocrx_word' id='word_1_145' title='bbox 428 2361 662 2418; x_wconf 84' lang='lat' dir='ltr'>juvenibus</span> <span class='ocrx_word' id='word_1_146' title='bbox 683 2370 728 2405; x_wconf 87' lang='lat' dir='ltr'>et</span> <span class='ocrx_word' id='word_1_147' title='bbox 748 2361 917 2419; x_wconf 86' lang='lat' dir='ltr'>puellis.</span> 
     </span>
     <span class='ocr_line' id='line_1_25' title="bbox 311 2426 1112 2485; baseline 0.002 -16"><span class='ocrx_word' id='word_1_148' title='bbox 311 2426 406 2470; x_wconf 88' lang='lat'>558.</span> <span class='ocrx_word' id='word_1_149' title='bbox 427 2428 525 2471; x_wconf 84' lang='lat' dir='ltr'>Hoc</span> <span class='ocrx_word' id='word_1_150' title='bbox 539 2443 710 2484; x_wconf 80' lang='lat' dir='ltr'>quoque.</span> <span class='ocrx_word' id='word_1_151' title='bbox 726 2428 832 2472; x_wconf 79' lang='lat' dir='ltr'>Hoec</span> <span class='ocrx_word' id='word_1_152' title='bbox 843 2443 1002 2485; x_wconf 84' lang='lat' dir='ltr'>quoque</span> <span class='ocrx_word' id='word_1_153' title='bbox 1015 2442 1112 2472; x_wconf 86' lang='lat' dir='ltr'>me·</span> 
     </span>
     <span class='ocr_line' id='line_1_26' title="bbox 252 2490 896 2536; baseline 0.005 -2"><span class='ocrx_word' id='word_1_154' title='bbox 252 2490 398 2536; x_wconf 86' lang='lat' dir='ltr'>liores.</span> <span class='ocrx_word' id='word_1_155' title='bbox 894 2513 896 2516; x_wconf 50' lang='lat'>&gt;</span> 
     </span>
     <span class='ocr_line' id='line_1_27' title="bbox 311 2557 1114 2617; baseline 0.002 -16"><span class='ocrx_word' id='word_1_156' title='bbox 311 2557 406 2601; x_wconf 81' lang='lat'><strong>560.</strong></span> <span class='ocrx_word' id='word_1_157' title='bbox 421 2558 626 2603; x_wconf 79' lang='lat' dir='ltr'>Omnibus</span> <span class='ocrx_word' id='word_1_158' title='bbox 635 2561 715 2603; x_wconf 76' lang='lat' dir='ltr'>illa</span> <span class='ocrx_word' id='word_1_159' title='bbox 726 2561 861 2604; x_wconf 84' lang='lat' dir='ltr'>Deus.</span> <span class='ocrx_word' id='word_1_160' title='bbox 874 2560 954 2604; x_wconf 85' lang='lat' dir='ltr'>Ille</span> <span class='ocrx_word' id='word_1_161' title='bbox 965 2559 1114 2617; x_wconf 89' lang='lat' dir='ltr'>scripti</span> 
     </span>
     <span class='ocr_line' id='line_1_28' title="bbox 254 2622 1113 2683; baseline 0.001 -16"><span class='ocrx_word' id='word_1_162' title='bbox 254 2622 456 2682; x_wconf 84' lang='lat' dir='ltr'>plerique</span> <span class='ocrx_word' id='word_1_163' title='bbox 485 2641 588 2669; x_wconf 90' lang='lat' dir='ltr'>cum</span> <span class='ocrx_word' id='word_1_164' title='bbox 618 2626 759 2683; x_wconf 89' lang='lat' dir='ltr'>prima</span> <span class='ocrx_word' id='word_1_165' title='bbox 787 2625 1011 2679; x_wconf 88' lang='lat' dir='ltr'>editione;</span> <span class='ocrx_word' id='word_1_166' title='bbox 1034 2624 1113 2670; x_wconf 84' lang='lat' dir='ltr'>sed</span> 
     </span>
     <span class='ocr_line' id='line_1_29' title="bbox 256 2690 964 2737; baseline 0.001 -2"><span class='ocrx_word' id='word_1_167' title='bbox 256 2690 371 2735; x_wconf 88' lang='lat' dir='ltr'>male</span> <span class='ocrx_word' id='word_1_168' title='bbox 393 2707 403 2735; x_wconf 90' lang='lat'>:</span> <span class='ocrx_word' id='word_1_169' title='bbox 428 2693 546 2736; x_wconf 84' lang='lat' dir='ltr'>refer</span> <span class='ocrx_word' id='word_1_170' title='bbox 567 2691 620 2736; x_wconf 86' lang='lat' dir='ltr'>ad</span> <span class='ocrx_word' id='word_1_171' title='bbox 640 2695 768 2737; x_wconf 84' lang='lat' dir='ltr'>mala.</span> <span class='ocrx_word' id='word_1_172' title='bbox 794 2693 964 2736; x_wconf 74' lang='lat' dir='ltr'>Hnms.</span> 
     </span>
    </p>
   </div>
   <div class='ocr_carea' id='block_1_11' title="bbox 252 2757 1114 2945">
    <p class='ocr_par' dir='ltr' id='par_1_14' title="bbox 252 2757 1114 2945">
     <span class='ocr_line' id='line_1_30' title="bbox 313 2757 1114 2815; baseline 0.002 -15"><span class='ocrx_word' id='word_1_173' title='bbox 313 2757 408 2801; x_wconf 83' lang='lat'><strong>561.</strong></span> <span class='ocrx_word' id='word_1_174' title='bbox 438 2759 605 2801; x_wconf 83' lang='lat' dir='ltr'>Puteal.</span> <span class='ocrx_word' id='word_1_175' title='bbox 640 2758 733 2801; x_wconf 85' lang='lat' dir='ltr'>Ara</span> <span class='ocrx_word' id='word_1_176' title='bbox 763 2757 873 2811; x_wconf 86' lang='lat' dir='ltr'>suit,</span> <span class='ocrx_word' id='word_1_177' title='bbox 903 2757 958 2801; x_wconf 88' lang='lat' dir='ltr'>ad</span> <span class='ocrx_word' id='word_1_178' title='bbox 980 2773 1114 2815; x_wconf 88' lang='lat' dir='ltr'>quam</span> 
     </span>
     <span class='ocr_line' id='line_1_31' title="bbox 252 2823 1114 2878; baseline 0.002 -12"><span class='ocrx_word' id='word_1_179' title='bbox 252 2823 541 2868; x_wconf 82' lang='lat' dir='ltr'>soeneratores</span> <span class='ocrx_word' id='word_1_180' title='bbox 572 2823 897 2868; x_wconf 82' lang='lat' dir='ltr'>conveniebant</span> <span class='ocrx_word' id='word_1_181' title='bbox 914 2856 926 2878; x_wconf 91' lang='lat'>,</span> <span class='ocrx_word' id='word_1_182' title='bbox 956 2832 1001 2868; x_wconf 85' lang='lat' dir='ltr'>ct</span> <span class='ocrx_word' id='word_1_183' title='bbox 1030 2823 1114 2868; x_wconf 85' lang='lat' dir='ltr'>hoe</span> 
     </span>
     <span class='ocr_line' id='line_1_32' title="bbox 256 2886 1114 2945; baseline 0.001 -14"><span class='ocrx_word' id='word_1_184' title='bbox 256 2886 385 2932; x_wconf 86' lang='lat' dir='ltr'>docet</span> <span class='ocrx_word' id='word_1_185' title='bbox 397 2890 542 2932; x_wconf 82' lang='lat' dir='ltr'>Janus</span> <span class='ocrx_word' id='word_1_186' title='bbox 559 2888 794 2945; x_wconf 80' lang='lat' dir='ltr'>adjunctus</span> <span class='ocrx_word' id='word_1_187' title='bbox 799 2893 971 2945; x_wconf 80' lang='lat' dir='ltr'>puteali</span> <span class='ocrx_word' id='word_1_188' title='bbox 982 2906 995 2933; x_wconf 89' lang='lat'>.·</span> <span class='ocrx_word' id='word_1_189' title='bbox 1007 2905 1114 2933; x_wconf 86' lang='lat' dir='ltr'>nam</span> 
     </span>
    </p>
   </div>
   <div class='ocr_carea' id='block_1_12' title="bbox 255 2947 1155 2999">
    <p class='ocr_par' dir='ltr' id='par_1_15' title="bbox 255 2947 1155 2999">
     <span class='ocr_line' id='line_1_33' title="bbox 255 2947 1155 2999; baseline 0.002 -3"><span class='ocrx_word' id='word_1_190' title='bbox 255 2961 302 2997; x_wconf 86' lang='lat' dir='ltr'>et</span> <span class='ocrx_word' id='word_1_191' title='bbox 317 2951 372 2996; x_wconf 81' lang='lat' dir='ltr'>ad</span> <span class='ocrx_word' id='word_1_192' title='bbox 385 2952 509 2997; x_wconf 87' lang='lat' dir='ltr'>illum</span> <span class='ocrx_word' id='word_1_193' title='bbox 523 2954 810 2999; x_wconf 79' lang='lat' dir='ltr'>foeneratores</span> <span class='ocrx_word' id='word_1_194' title='bbox 829 2964 1022 2999; x_wconf 83' lang='lat' dir='ltr'>versatos</span> <span class='ocrx_word' id='word_1_195' title='bbox 1039 2947 1114 2998; x_wconf 79' lang='lat' dir='ltr'>do·</span> <span class='ocrx_word' id='word_1_196' title='bbox 1147 2971 1155 2976; x_wconf 80' lang='grc'><em>·</em></span> 
     </span>
    </p>
   </div>
   <div class='ocr_carea' id='block_1_13' title="bbox 254 3019 1115 3206">
    <p class='ocr_par' dir='ltr' id='par_1_16' title="bbox 254 3019 1115 3206">
     <span class='ocr_line' id='line_1_34' title="bbox 254 3019 1114 3077; baseline 0.003 -15"><span class='ocrx_word' id='word_1_197' title='bbox 254 3027 326 3063; x_wconf 84' lang='lat' dir='ltr'>cet</span> <span class='ocrx_word' id='word_1_198' title='bbox 337 3019 496 3063; x_wconf 83' lang='lat' dir='ltr'>Horat.</span> <span class='ocrx_word' id='word_1_199' title='bbox 509 3019 553 3063; x_wconf 93' lang='lat' dir='ltr'>II</span> <span class='ocrx_word' id='word_1_200' title='bbox 565 3052 578 3073; x_wconf 91' lang='lat'>‚</span> <span class='ocrx_word' id='word_1_201' title='bbox 593 3019 685 3063; x_wconf 84' lang='lat' dir='ltr'>Sat.</span> <span class='ocrx_word' id='word_1_202' title='bbox 700 3033 775 3075; x_wconf 90' lang='lat'>111,</span> <span class='ocrx_word' id='word_1_203' title='bbox 797 3022 869 3064; x_wconf 82' lang='lat'>18:</span> <span class='ocrx_word' id='word_1_204' title='bbox 885 3024 1114 3077; x_wconf 75' lang='lat' dir='ltr'>Postquam</span> 
     </span>
     <span class='ocr_line' id='line_1_35' title="bbox 255 3085 1114 3141; baseline 0.002 -12"><span class='ocrx_word' id='word_1_205' title='bbox 255 3089 392 3129; x_wconf 80' lang='lat' dir='ltr'>omnis</span> <span class='ocrx_word' id='word_1_206' title='bbox 405 3101 472 3129; x_wconf 73' lang='lat' dir='ltr'>ms</span> <span class='ocrx_word' id='word_1_207' title='bbox 489 3101 584 3128; x_wconf 83' lang='lat' dir='ltr'>mea</span> <span class='ocrx_word' id='word_1_208' title='bbox 591 3085 744 3141; x_wconf 80' lang='lat' dir='ltr'>fracta</span> <span class='ocrx_word' id='word_1_209' title='bbox 762 3093 830 3130; x_wconf 80' lang='lat' dir='ltr'>est</span> <span class='ocrx_word' id='word_1_210' title='bbox 846 3088 926 3130; x_wconf 79' lang='lat' dir='ltr'>Ad</span> <span class='ocrx_word' id='word_1_211' title='bbox 935 3090 1114 3131; x_wconf 77' lang='lat' dir='ltr'>medium</span> 
     </span>
     <span class='ocr_line' id='line_1_36' title="bbox 255 3149 1115 3206; baseline 0.007 -16"><span class='ocrx_word' id='word_1_212' title='bbox 255 3149 429 3193; x_wconf 78' lang='lat' dir='ltr'>Janum.</span> <span class='ocrx_word' id='word_1_213' title='bbox 450 3149 522 3192; x_wconf 87' lang='lat' dir='ltr'>De</span> <span class='ocrx_word' id='word_1_214' title='bbox 544 3165 632 3206; x_wconf 90' lang='lat' dir='ltr'>quo</span> <span class='ocrx_word' id='word_1_215' title='bbox 653 3150 771 3193; x_wconf 89' lang='lat' dir='ltr'>Jano</span> <span class='ocrx_word' id='word_1_216' title='bbox 791 3155 926 3194; x_wconf 82' lang='lat' dir='ltr'>medio</span> <span class='ocrx_word' id='word_1_217' title='bbox 944 3151 1115 3197; x_wconf 83' lang='lat' dir='ltr'>diversa</span> 
     </span>
    </p>
   </div>
   <div class='ocr_carea' id='block_1_14' title="bbox 255 3214 1117 3537">
    <p class='ocr_par' dir='ltr' id='par_1_17' title="bbox 255 3214 1116 3325">
     <span class='ocr_line' id='line_1_37' title="bbox 255 3214 1116 3272; baseline 0.002 -14"><span class='ocrx_word' id='word_1_218' title='bbox 255 3214 457 3259; x_wconf 87' lang='lat' dir='ltr'>sentiunt</span> <span class='ocrx_word' id='word_1_219' title='bbox 469 3215 551 3258; x_wconf 81' lang='lat' dir='ltr'>viri</span> <span class='ocrx_word' id='word_1_220' title='bbox 572 3215 713 3267; x_wconf 87' lang='lat' dir='ltr'>docti,</span> <span class='ocrx_word' id='word_1_221' title='bbox 731 3232 829 3272; x_wconf 85' lang='lat' dir='ltr'>quae</span> <span class='ocrx_word' id='word_1_222' title='bbox 848 3232 970 3261; x_wconf 88' lang='lat' dir='ltr'>nunc</span> <span class='ocrx_word' id='word_1_223' title='bbox 991 3234 1116 3262; x_wconf 84' lang='lat' dir='ltr'>excu-</span> 
     </span>
     <span class='ocr_line' id='line_1_38' title="bbox 257 3281 810 3325; baseline 0.002 -2"><span class='ocrx_word' id='word_1_224' title='bbox 257 3288 354 3324; x_wconf 85' lang='lat' dir='ltr'>tere</span> <span class='ocrx_word' id='word_1_225' title='bbox 376 3296 468 3324; x_wconf 92' lang='lat' dir='ltr'>non</span> <span class='ocrx_word' id='word_1_226' title='bbox 489 3289 623 3324; x_wconf 82' lang='lat' dir='ltr'>vacat.</span> <span class='ocrx_word' id='word_1_227' title='bbox 644 3281 810 3325; x_wconf 80' lang='lat' dir='ltr'><strong>BURM.</strong></span> 
     </span>
    </p>

    <p class='ocr_par' dir='ltr' id='par_1_18' title="bbox 258 3347 1117 3537">
     <span class='ocr_line' id='line_1_39' title="bbox 329 3347 1117 3404; baseline 0.003 -14"><span class='ocrx_word' id='word_1_228' title='bbox 329 3347 422 3391; x_wconf 78' lang='lat'><strong>562.</strong></span> <span class='ocrx_word' id='word_1_229' title='bbox 462 3350 670 3404; x_wconf 80' lang='lat' dir='ltr'>Torqueat</span> <span class='ocrx_word' id='word_1_230' title='bbox 700 3350 812 3391; x_wconf 77' lang='lat' dir='ltr'>hunc</span> <span class='ocrx_word' id='word_1_231' title='bbox 843 3351 939 3391; x_wconf 72' lang='lat' dir='ltr'>eris</span> <span class='ocrx_word' id='word_1_232' title='bbox 969 3353 1117 3392; x_wconf 75' lang='lat' dir='ltr'>mutua</span> 
     </span>
     <span class='ocr_line' id='line_1_40' title="bbox 258 3413 1117 3468; baseline -0.001 -11"><span class='ocrx_word' id='word_1_233' title='bbox 258 3427 425 3458; x_wconf 84' lang='lat' dir='ltr'>summa</span> <span class='ocrx_word' id='word_1_234' title='bbox 446 3418 526 3457; x_wconf 84' lang='lat' dir='ltr'>sui.</span> <span class='ocrx_word' id='word_1_235' title='bbox 548 3414 650 3457; x_wconf 89' lang='lat' dir='ltr'>Hoc</span> <span class='ocrx_word' id='word_1_236' title='bbox 670 3422 735 3458; x_wconf 86' lang='lat' dir='ltr'>est</span> <span class='ocrx_word' id='word_1_237' title='bbox 749 3447 761 3468; x_wconf 93' lang='lat'>,</span> <span class='ocrx_word' id='word_1_238' title='bbox 784 3415 935 3458; x_wconf 86' lang='lat' dir='ltr'>anxius</span> <span class='ocrx_word' id='word_1_239' title='bbox 955 3422 1000 3458; x_wconf 86' lang='lat' dir='ltr'>et</span> <span class='ocrx_word' id='word_1_240' title='bbox 1018 3413 1117 3458; x_wconf 87' lang='lat' dir='ltr'>sol-</span> 
     </span>
     <span class='ocr_line' id='line_1_41' title="bbox 258 3478 1117 3537; baseline 0.001 -15"><span class='ocrx_word' id='word_1_241' title='bbox 258 3478 403 3523; x_wconf 87' lang='lat' dir='ltr'>licitus</span> <span class='ocrx_word' id='word_1_242' title='bbox 417 3479 472 3523; x_wconf 88' lang='lat' dir='ltr'>de</span> <span class='ocrx_word' id='word_1_243' title='bbox 488 3496 572 3525; x_wconf 79' lang='lat' dir='ltr'>aere</span> <span class='ocrx_word' id='word_1_244' title='bbox 586 3512 597 3535; x_wconf 90' lang='lat'>,</span> <span class='ocrx_word' id='word_1_245' title='bbox 613 3479 731 3536; x_wconf 87' lang='lat' dir='ltr'>quod</span> <span class='ocrx_word' id='word_1_246' title='bbox 746 3480 836 3537; x_wconf 86' lang='lat' dir='ltr'>ipse</span> <span class='ocrx_word' id='word_1_247' title='bbox 850 3480 902 3524; x_wconf 92' lang='lat' dir='ltr'>ab</span> <span class='ocrx_word' id='word_1_248' title='bbox 917 3479 1007 3537; x_wconf 84' lang='lat' dir='ltr'>aliis</span> <span class='ocrx_word' id='word_1_249' title='bbox 1021 3495 1117 3524; x_wconf 88' lang='lat' dir='ltr'>mu·</span> 
     </span>
    </p>
   </div>
   <div class='ocr_carea' id='block_1_15' title="bbox 1193 1899 2062 3536">
    <p class='ocr_par' dir='ltr' id='par_1_19' title="bbox 1193 1899 2054 2472">
     <span class='ocr_line' id='line_1_42' title="bbox 1194 1899 2052 1958; baseline -0.005 -13"><span class='ocrx_word' id='word_1_250' title='bbox 1194 1910 1271 1945; x_wconf 88' lang='lat' dir='ltr'>tuo</span> <span class='ocrx_word' id='word_1_251' title='bbox 1294 1900 1470 1958; x_wconf 85' lang='lat' dir='ltr'>accepit.</span> <span class='ocrx_word' id='word_1_252' title='bbox 1501 1899 1679 1943; x_wconf 82' lang='lat' dir='ltr'>Merula</span> <span class='ocrx_word' id='word_1_253' title='bbox 1699 1907 1847 1942; x_wconf 86' lang='lat' dir='ltr'>autem</span> <span class='ocrx_word' id='word_1_254' title='bbox 1866 1931 1877 1953; x_wconf 91' lang='lat'>,</span> <span class='ocrx_word' id='word_1_255' title='bbox 1900 1899 2052 1942; x_wconf 70' lang='lat' dir='ltr'>Mutua</span> 
     </span>
     <span class='ocr_line' id='line_1_43' title="bbox 1193 1965 2050 2025; baseline -0.006 -12"><span class='ocrx_word' id='word_1_256' title='bbox 1193 1985 1307 2018; x_wconf 83' lang='lat' dir='ltr'>cum,</span> <span class='ocrx_word' id='word_1_257' title='bbox 1323 1967 1443 2025; x_wconf 83' lang='lat' dir='ltr'>legit;</span> <span class='ocrx_word' id='word_1_258' title='bbox 1459 1966 1725 2024; x_wconf 80' lang='lat' dir='ltr'>exponitque</span> <span class='ocrx_word' id='word_1_259' title='bbox 1747 1965 1802 2008; x_wconf 88' lang='lat' dir='ltr'>de</span> <span class='ocrx_word' id='word_1_260' title='bbox 1817 1981 1919 2019; x_wconf 76' lang='lat' dir='ltr'>aere,</span> <span class='ocrx_word' id='word_1_261' title='bbox 1931 1965 2050 2022; x_wconf 87' lang='lat' dir='ltr'>quod</span> 
     </span>
     <span class='ocr_line' id='line_1_44' title="bbox 1194 2030 2050 2091; baseline -0.004 -14"><span class='ocrx_word' id='word_1_262' title='bbox 1194 2034 1289 2091; x_wconf 82' lang='lat' dir='ltr'>quis</span> <span class='ocrx_word' id='word_1_263' title='bbox 1311 2032 1401 2077; x_wconf 89' lang='lat' dir='ltr'>aliis</span> <span class='ocrx_word' id='word_1_264' title='bbox 1418 2040 1577 2076; x_wconf 90' lang='lat' dir='ltr'>mutuo</span> <span class='ocrx_word' id='word_1_265' title='bbox 1595 2030 1728 2075; x_wconf 83' lang='lat' dir='ltr'>dedit.</span> <span class='ocrx_word' id='word_1_266' title='bbox 1752 2030 1842 2075; x_wconf 86' lang='lat' dir='ltr'>Sed</span> <span class='ocrx_word' id='word_1_267' title='bbox 1859 2030 1959 2075; x_wconf 87' lang='lat' dir='ltr'>huic</span> <span class='ocrx_word' id='word_1_268' title='bbox 1976 2047 2050 2075; x_wconf 85' lang='lat' dir='ltr'>ex-</span> 
     </span>
     <span class='ocr_line' id='line_1_45' title="bbox 1194 2095 2050 2157; baseline -0.004 -15"><span class='ocrx_word' id='word_1_269' title='bbox 1194 2098 1402 2157; x_wconf 78' lang='lat' dir='ltr'>positioni</span> <span class='ocrx_word' id='word_1_270' title='bbox 1431 2113 1679 2154; x_wconf 76' lang='lat' dir='ltr'>repugnare</span> <span class='ocrx_word' id='word_1_271' title='bbox 1701 2095 1878 2140; x_wconf 80' lang='lat' dir='ltr'>videtur</span> <span class='ocrx_word' id='word_1_272' title='bbox 1895 2129 1907 2150; x_wconf 94' lang='lat'>,</span> <span class='ocrx_word' id='word_1_273' title='bbox 1931 2095 2050 2153; x_wconf 89' lang='lat' dir='ltr'>quod</span> 
     </span>
     <span class='ocr_line' id='line_1_46' title="bbox 1193 2162 2050 2221; baseline -0.002 -14"><span class='ocrx_word' id='word_1_274' title='bbox 1193 2180 1323 2209; x_wconf 85' lang='lat' dir='ltr'>versu</span> <span class='ocrx_word' id='word_1_275' title='bbox 1343 2162 1609 2221; x_wconf 82' lang='lat' dir='ltr'>praecedenti</span> <span class='ocrx_word' id='word_1_276' title='bbox 1631 2162 1817 2217; x_wconf 85' lang='lat' dir='ltr'>dicitur,</span> <span class='ocrx_word' id='word_1_277' title='bbox 1847 2163 1938 2216; x_wconf 81' lang='lat' dir='ltr'>Qui</span> <span class='ocrx_word' id='word_1_278' title='bbox 1959 2165 2050 2207; x_wconf 82' lang='lat' dir='ltr'>Pu-</span> 
     </span>
     <span class='ocr_line' id='line_1_47' title="bbox 1194 2228 2052 2287; baseline -0.003 -13"><span class='ocrx_word' id='word_1_279' title='bbox 1194 2233 1302 2281; x_wconf 79' lang='lat' dir='ltr'>teal,</span> <span class='ocrx_word' id='word_1_280' title='bbox 1316 2232 1557 2287; x_wconf 77' lang='lat' dir='ltr'>Janumque</span> <span class='ocrx_word' id='word_1_281' title='bbox 1575 2233 1695 2272; x_wconf 76' lang='lat' dir='ltr'>timet</span> <span class='ocrx_word' id='word_1_282' title='bbox 1706 2237 1786 2272; x_wconf 88' lang='lat' dir='ltr'>etc.</span> <span class='ocrx_word' id='word_1_283' title='bbox 1799 2244 1810 2272; x_wconf 70' lang='grc' dir='ltr'>ε</span> <span class='ocrx_word' id='word_1_284' title='bbox 1822 2244 1915 2271; x_wconf 92' lang='lat' dir='ltr'>non</span> <span class='ocrx_word' id='word_1_285' title='bbox 1930 2228 2052 2272; x_wconf 87' lang='lat' dir='ltr'>enim</span> 
     </span>
     <span class='ocr_line' id='line_1_48' title="bbox 1193 2292 2053 2350; baseline -0.001 -11"><span class='ocrx_word' id='word_1_286' title='bbox 1193 2294 1434 2340; x_wconf 87' lang='lat' dir='ltr'>creditores</span> <span class='ocrx_word' id='word_1_287' title='bbox 1450 2328 1463 2350; x_wconf 96' lang='lat'>,</span> <span class='ocrx_word' id='word_1_288' title='bbox 1495 2294 1573 2339; x_wconf 89' lang='lat' dir='ltr'>sed</span> <span class='ocrx_word' id='word_1_289' title='bbox 1603 2294 1826 2338; x_wconf 78' lang='lat' dir='ltr'>debitores</span> <span class='ocrx_word' id='word_1_290' title='bbox 1858 2292 2053 2350; x_wconf 81' lang='lat' dir='ltr'>judicem</span> 
     </span>
     <span class='ocr_line' id='line_1_49' title="bbox 1194 2361 2054 2419; baseline -0.003 -12"><span class='ocrx_word' id='word_1_291' title='bbox 1194 2371 1431 2417; x_wconf 82' lang='lat' dir='ltr'>metuunt,</span> <span class='ocrx_word' id='word_1_292' title='bbox 1452 2370 1498 2406; x_wconf 91' lang='lat' dir='ltr'>et</span> <span class='ocrx_word' id='word_1_293' title='bbox 1518 2361 1572 2405; x_wconf 88' lang='lat' dir='ltr'>de</span> <span class='ocrx_word' id='word_1_294' title='bbox 1596 2370 1797 2419; x_wconf 87' lang='lat' dir='ltr'>tempore</span> <span class='ocrx_word' id='word_1_295' title='bbox 1823 2361 2054 2405; x_wconf 76' lang='lat' dir='ltr'>solutionis</span> 
     </span>
     <span class='ocr_line' id='line_1_50' title="bbox 1193 2427 1696 2472; baseline -0.004 -1"><span class='ocrx_word' id='word_1_296' title='bbox 1193 2427 1364 2471; x_wconf 84' lang='lat' dir='ltr'>solliciti</span> <span class='ocrx_word' id='word_1_297' title='bbox 1382 2435 1500 2472; x_wconf 72' lang='lat' dir='ltr'>sumt.</span> <span class='ocrx_word' id='word_1_298' title='bbox 1520 2427 1696 2471; x_wconf 74' lang='lat' dir='ltr'>Mrcu.</span> 
     </span>
    </p>

    <p class='ocr_par' dir='ltr' id='par_1_20' title="bbox 1194 2494 2055 2802">
     <span class='ocr_line' id='line_1_51' title="bbox 1250 2494 2054 2550; baseline -0.004 -12"><span class='ocrx_word' id='word_1_299' title='bbox 1250 2494 1345 2538; x_wconf 83' lang='lat'><strong>563.</strong></span> <span class='ocrx_word' id='word_1_300' title='bbox 1357 2497 1443 2540; x_wconf 84' lang='lat' dir='ltr'>Cui</span> <span class='ocrx_word' id='word_1_301' title='bbox 1449 2497 1578 2538; x_wconf 81' lang='lat' dir='ltr'>durus</span> <span class='ocrx_word' id='word_1_302' title='bbox 1581 2499 1796 2550; x_wconf 79' lang='lat' dir='ltr'>paterest,</span> <span class='ocrx_word' id='word_1_303' title='bbox 1813 2498 1863 2537; x_wconf 73' lang='lat' dir='ltr'>ut</span> <span class='ocrx_word' id='word_1_304' title='bbox 1872 2499 1971 2537; x_wconf 78' lang='lat' dir='ltr'>voto</span> <span class='ocrx_word' id='word_1_305' title='bbox 1991 2509 2054 2536; x_wconf 84' lang='lat' dir='ltr'>ce-</span> 
     </span>
     <span class='ocr_line' id='line_1_52' title="bbox 1195 2558 2055 2618; baseline -0.001 -15"><span class='ocrx_word' id='word_1_306' title='bbox 1195 2566 1285 2604; x_wconf 75' lang='lat' dir='ltr'>tera</span> <span class='ocrx_word' id='word_1_307' title='bbox 1302 2563 1469 2605; x_wconf 75' lang='lat' dir='ltr'>cedual.</span> <span class='ocrx_word' id='word_1_308' title='bbox 1496 2560 1659 2605; x_wconf 81' lang='lat' dir='ltr'>Melius</span> <span class='ocrx_word' id='word_1_309' title='bbox 1679 2567 1870 2618; x_wconf 88' lang='lat' dir='ltr'>quatuor</span> <span class='ocrx_word' id='word_1_310' title='bbox 1883 2558 2055 2616; x_wconf 87' lang='lat' dir='ltr'>scripti:</span> 
     </span>
     <span class='ocr_line' id='line_1_53' title="bbox 1194 2629 1990 2672; baseline -0.004 -9"><span class='ocrx_word' id='word_1_311' title='bbox 1194 2631 1258 2663; x_wconf 78' lang='lat' dir='ltr'>cni</span> <span class='ocrx_word' id='word_1_312' title='bbox 1272 2638 1363 2672; x_wconf 70' lang='lat' dir='ltr'>puter</span> <span class='ocrx_word' id='word_1_313' title='bbox 1376 2638 1425 2663; x_wconf 77' lang='lat' dir='ltr'>est</span> <span class='ocrx_word' id='word_1_314' title='bbox 1437 2631 1541 2663; x_wconf 74' lang='lat' dir='ltr'>durus</span> <span class='ocrx_word' id='word_1_315' title='bbox 1550 2653 1562 2670; x_wconf 89' lang='lat'>,</span> <span class='ocrx_word' id='word_1_316' title='bbox 1579 2637 1615 2662; x_wconf 86' lang='lat' dir='ltr'>ut</span> <span class='ocrx_word' id='word_1_317' title='bbox 1628 2630 1714 2662; x_wconf 72' lang='lat' dir='ltr'>votis</span> <span class='ocrx_word' id='word_1_318' title='bbox 1729 2637 1837 2661; x_wconf 75' lang='lat' dir='ltr'>oeten</span> <span class='ocrx_word' id='word_1_319' title='bbox 1849 2629 1965 2661; x_wconf 66' lang='lat' dir='ltr'>cedant</span> <span class='ocrx_word' id='word_1_320' title='bbox 1980 2639 1990 2660; x_wconf 71' lang='grc' dir='ltr'><strong>ε</strong></span> 
     </span>
     <span class='ocr_line' id='line_1_54' title="bbox 1195 2691 2053 2750; baseline -0.007 -12"><span class='ocrx_word' id='word_1_321' title='bbox 1195 2693 1279 2738; x_wconf 89' lang='lat' dir='ltr'>nisi</span> <span class='ocrx_word' id='word_1_322' title='bbox 1290 2692 1426 2750; x_wconf 87' lang='lat' dir='ltr'>quod,</span> <span class='ocrx_word' id='word_1_323' title='bbox 1439 2691 1710 2750; x_wconf 78' lang='lat' dir='ltr'>transpositis</span> <span class='ocrx_word' id='word_1_324' title='bbox 1724 2691 1919 2746; x_wconf 84' lang='lat' dir='ltr'>vocibus,</span> <span class='ocrx_word' id='word_1_325' title='bbox 1937 2691 2053 2749; x_wconf 83' lang='lat' dir='ltr'>lego,</span> 
     </span>
     <span class='ocr_line' id='line_1_55' title="bbox 1196 2759 1577 2802; baseline 0 0"><span class='ocrx_word' id='word_1_326' title='bbox 1196 2763 1307 2802; x_wconf 77' lang='lat' dir='ltr'>volis</span> <span class='ocrx_word' id='word_1_327' title='bbox 1327 2763 1387 2802; x_wconf 79' lang='lat' dir='ltr'>ul.</span> <span class='ocrx_word' id='word_1_328' title='bbox 1407 2759 1577 2802; x_wconf 71' lang='lat' dir='ltr'><strong>HEINS.</strong></span> 
     </span>
    </p>

    <p class='ocr_par' dir='ltr' id='par_1_21' title="bbox 1196 2823 2062 3012">
     <span class='ocr_line' id='line_1_56' title="bbox 1261 2823 2062 2879; baseline -0.005 -12"><span class='ocrx_word' id='word_1_329' title='bbox 1261 2824 1356 2867; x_wconf 74' lang='lat'>565.</span> <span class='ocrx_word' id='word_1_330' title='bbox 1396 2826 1501 2867; x_wconf 83' lang='lat' dir='ltr'>Cum</span> <span class='ocrx_word' id='word_1_331' title='bbox 1530 2823 1711 2879; x_wconf 72' lang='lat' dir='ltr'>conjuge</span> <span class='ocrx_word' id='word_1_332' title='bbox 1738 2825 1857 2866; x_wconf 71' lang='grc' dir='ltr'><em>υίοίΙ.</em></span> <span class='ocrx_word' id='word_1_333' title='bbox 1888 2823 2062 2865; x_wconf 77' lang='lat' dir='ltr'>Domi!</span> 
     </span>
     <span class='ocr_line' id='line_1_57' title="bbox 1196 2886 2055 2943; baseline -0.006 -9"><span class='ocrx_word' id='word_1_334' title='bbox 1196 2889 1405 2935; x_wconf 88' lang='lat' dir='ltr'>Politiani</span> <span class='ocrx_word' id='word_1_335' title='bbox 1435 2888 1573 2932; x_wconf 82' lang='lat' dir='ltr'>codex</span> <span class='ocrx_word' id='word_1_336' title='bbox 1600 2897 1645 2931; x_wconf 90' lang='lat' dir='ltr'>et</span> <span class='ocrx_word' id='word_1_337' title='bbox 1667 2886 2055 2943; x_wconf 80' lang='lat' dir='ltr'>Cantabrigiensis.</span> 
     </span>
     <span class='ocr_line' id='line_1_58' title="bbox 1201 2953 1973 3012; baseline -0.006 -12"><span class='ocrx_word' id='word_1_338' title='bbox 1201 2959 1293 3012; x_wconf 80' lang='lat' dir='ltr'>Qui</span> <span class='ocrx_word' id='word_1_339' title='bbox 1303 2959 1412 3003; x_wconf 72' lang='lat' dir='ltr'>male</span> <span class='ocrx_word' id='word_1_340' title='bbox 1430 2957 1582 2997; x_wconf 82' lang='lat' dir='ltr'>dotata</span> <span class='ocrx_word' id='word_1_341' title='bbox 1596 2955 1731 2997; x_wconf 88' lang='lat' dir='ltr'>etiam</span> <span class='ocrx_word' id='word_1_342' title='bbox 1750 2962 1839 2996; x_wconf 85' lang='lat' dir='ltr'>tres</span> <span class='ocrx_word' id='word_1_343' title='bbox 1860 2953 1973 2995; x_wconf 86' lang='lat' dir='ltr'>libri.</span> 
     </span>
    </p>

    <p class='ocr_par' dir='ltr' id='par_1_22' title="bbox 1195 3019 2055 3196">
     <span class='ocr_line' id='line_1_59' title="bbox 1253 3019 2055 3075; baseline -0.004 -12"><span class='ocrx_word' id='word_1_344' title='bbox 1253 3020 1348 3063; x_wconf 77' lang='lat'><strong>566.</strong></span> <span class='ocrx_word' id='word_1_345' title='bbox 1366 3020 1548 3063; x_wconf 72' lang='lat' dir='ltr'>Uxorem</span> <span class='ocrx_word' id='word_1_346' title='bbox 1544 3019 1650 3075; x_wconf 81' lang='lat' dir='ltr'>salo</span> <span class='ocrx_word' id='word_1_347' title='bbox 1659 3021 1806 3062; x_wconf 80' lang='lat' dir='ltr'>credat</span> <span class='ocrx_word' id='word_1_348' title='bbox 1812 3021 1960 3061; x_wconf 84' lang='lat' dir='ltr'>obesse</span> <span class='ocrx_word' id='word_1_349' title='bbox 1965 3033 2055 3061; x_wconf 87' lang='lat' dir='ltr'>suo.</span> 
     </span>
     <span class='ocr_line' id='line_1_60' title="bbox 1197 3083 2055 3142; baseline -0.005 -11"><span class='ocrx_word' id='word_1_350' title='bbox 1197 3086 1393 3142; x_wconf 87' lang='lat' dir='ltr'>Scaliger</span> <span class='ocrx_word' id='word_1_351' title='bbox 1411 3084 1679 3130; x_wconf 83' lang='lat' dir='ltr'>emendabat</span> <span class='ocrx_word' id='word_1_352' title='bbox 1698 3099 1709 3128; x_wconf 89' lang='lat'><strong>:</strong></span> <span class='ocrx_word' id='word_1_353' title='bbox 1735 3085 1918 3127; x_wconf 73' lang='lat' dir='ltr'>Uxorem</span> <span class='ocrx_word' id='word_1_354' title='bbox 1927 3083 2055 3138; x_wconf 78' lang='lat' dir='ltr'>facto</span> 
     </span>
     <span class='ocr_line' id='line_1_61' title="bbox 1195 3154 1622 3196; baseline -0.002 0"><span class='ocrx_word' id='word_1_355' title='bbox 1195 3154 1345 3196; x_wconf 82' lang='lat' dir='ltr'>credat</span> <span class='ocrx_word' id='word_1_356' title='bbox 1359 3154 1513 3194; x_wconf 83' lang='lat' dir='ltr'>adesse</span> <span class='ocrx_word' id='word_1_357' title='bbox 1529 3167 1622 3195; x_wconf 86' lang='lat' dir='ltr'>suo.</span> 
     </span>
    </p>

    <p class='ocr_par' dir='ltr' id='par_1_23' title="bbox 1197 3214 2058 3536">
     <span class='ocr_line' id='line_1_62' title="bbox 1253 3214 2058 3275; baseline -0.001 -16"><span class='ocrx_word' id='word_1_358' title='bbox 1253 3216 1348 3275; x_wconf 81' lang='lat'><strong>567.</strong></span> <span class='ocrx_word' id='word_1_359' title='bbox 1376 3219 1493 3260; x_wconf 75' lang='lat' dir='ltr'>Rure</span> <span class='ocrx_word' id='word_1_360' title='bbox 1510 3220 1631 3260; x_wconf 84' lang='lat' dir='ltr'>bono.</span> <span class='ocrx_word' id='word_1_361' title='bbox 1655 3216 1767 3260; x_wconf 88' lang='lat' dir='ltr'>Tres</span> <span class='ocrx_word' id='word_1_362' title='bbox 1786 3214 1951 3272; x_wconf 87' lang='lat' dir='ltr'>scripti,</span> <span class='ocrx_word' id='word_1_363' title='bbox 1966 3231 2058 3258; x_wconf 77' lang='lat' dir='ltr'>mre</span> 
     </span>
     <span class='ocr_line' id='line_1_63' title="bbox 1197 3280 2056 3339; baseline -0.003 -14"><span class='ocrx_word' id='word_1_364' title='bbox 1197 3298 1302 3325; x_wconf 80' lang='grc' dir='ltr'><em>πονο</em></span> <span class='ocrx_word' id='word_1_365' title='bbox 1317 3315 1328 3333; x_wconf 92' lang='grc'><em>,</em></span> <span class='ocrx_word' id='word_1_366' title='bbox 1349 3281 1467 3338; x_wconf 88' lang='lat' dir='ltr'>quod</span> <span class='ocrx_word' id='word_1_367' title='bbox 1498 3282 1684 3325; x_wconf 87' lang='lat' dir='ltr'>minime</span> <span class='ocrx_word' id='word_1_368' title='bbox 1715 3280 2019 3339; x_wconf 88' lang='lat' dir='ltr'>spernendum</span> <span class='ocrx_word' id='word_1_369' title='bbox 2044 3297 2056 3321; x_wconf 84' lang='grc'>·.</span> 
     </span>
     <span class='ocr_line' id='line_1_64' title="bbox 1197 3346 2057 3403; baseline -0.002 -13"><span class='ocrx_word' id='word_1_370' title='bbox 1197 3348 1343 3403; x_wconf 84' lang='lat' dir='ltr'>major</span> <span class='ocrx_word' id='word_1_371' title='bbox 1376 3349 1500 3390; x_wconf 86' lang='lat' dir='ltr'>enim</span> <span class='ocrx_word' id='word_1_372' title='bbox 1533 3347 1834 3391; x_wconf 86' lang='lat' dir='ltr'>sollicitudinis</span> <span class='ocrx_word' id='word_1_373' title='bbox 1870 3346 2057 3389; x_wconf 84' lang='lat' dir='ltr'>materia</span> 
     </span>
     <span class='ocr_line' id='line_1_65' title="bbox 1199 3413 2056 3470; baseline -0.005 -13"><span class='ocrx_word' id='word_1_374' title='bbox 1199 3413 1317 3457; x_wconf 80' lang='lat' dir='ltr'>nasci</span> <span class='ocrx_word' id='word_1_375' title='bbox 1348 3429 1472 3470; x_wconf 89' lang='lat' dir='ltr'>posse</span> <span class='ocrx_word' id='word_1_376' title='bbox 1502 3413 1678 3456; x_wconf 84' lang='lat' dir='ltr'>videtur</span> <span class='ocrx_word' id='word_1_377' title='bbox 1709 3430 1761 3456; x_wconf 86' lang='lat' dir='ltr'>ex</span> <span class='ocrx_word' id='word_1_378' title='bbox 1789 3429 1896 3456; x_wconf 75' lang='grc' dir='ltr'><em>πονο</em></span> <span class='ocrx_word' id='word_1_379' title='bbox 1920 3428 2024 3455; x_wconf 86' lang='lat' dir='ltr'>rure</span> <span class='ocrx_word' id='word_1_380' title='bbox 2043 3444 2056 3463; x_wconf 91' lang='lat'>,</span> 
     </span>
     <span class='ocr_line' id='line_1_66' title="bbox 1200 3477 2057 3536; baseline -0.004 -13"><span class='ocrx_word' id='word_1_381' title='bbox 1200 3478 1320 3536; x_wconf 88' lang='lat' dir='ltr'>quod</span> <span class='ocrx_word' id='word_1_382' title='bbox 1341 3496 1463 3524; x_wconf 90' lang='lat' dir='ltr'>nunc</span> <span class='ocrx_word' id='word_1_383' title='bbox 1484 3479 1669 3524; x_wconf 83' lang='lat' dir='ltr'>demum</span> <span class='ocrx_word' id='word_1_384' title='bbox 1689 3479 1871 3524; x_wconf 82' lang='lat' dir='ltr'>culturae</span> <span class='ocrx_word' id='word_1_385' title='bbox 1887 3495 1912 3523; x_wconf 87' lang='lat' dir='ltr'>a</span> <span class='ocrx_word' id='word_1_386' title='bbox 1930 3477 2057 3523; x_wconf 83' lang='lat' dir='ltr'>nobis</span> 
     </span>
    </p>
   </div>
  </div>
 </body>
</html>
