2268 3776
259 309 365 365 328

711 312 776 364 P.
836 312 1127 367 OVIDII
1182 312 1552 369 NASONIS

331 424 560 502 Nigrior
587 424 801 507 Illyrica
829 427 1059 509 cui-pice
1090 428 1315 505 sanguis
1344 429 1464 488 erit.

257 521 315 580 Si
344 535 482 603 paeta
511 536 623 591 est,
651 522 851 582 Veneri
881 522 1073 582 similis
1100 547 1111 581 :
1142 523 1187 581 si
1216 524 1383 597 flava,
1417 524 1693 584 Minervae.

340 617 425 676 Sit
455 618 697 694 gracilis,
724 619 892 678 macie
925 643 1044 702 quae
1072 618 1210 678 male
1240 619 1361 679 viva
1389 644 1488 680 sua
1515 632 1613 680 est.

1942 637 2024 678 660

258 712 361 772 Dic
385 713 653 787 habilem,
675 740 1027 800 quaecumque
1051 715 1262 785 brevis;
1289 739 1408 797 quae
1431 715 1673 793 turgida,
1694 713 1943 798 plenam:

336 812 412 869 Et
440 809 604 871 lateat
629 814 822 873 vitium
852 814 1202 897 proximitate
1232 812 1387 871 boni.

257 907 370 964 Nec
404 919 607 987 quouis
638 933 814 969 annus
845 925 959 982 eat,
989 933 1089 969 nec
1118 932 1229 991 quo
1263 908 1336 967 sit
1363 921 1492 967 nata
1519 907 1736 989 require

340 1003 580 1064 Consule
604 1051 619 1078 ‚
651 1030 771 1088 quae
798 1007 1009 1084 rigidus
1036 1029 1264 1065 munera
1295 1005 1506 1065 Censor
1532 1003 1736 1076 habet;

260 1100 566 1183 Praecipue,
597 1103 643 1162 si
672 1103 806 1164 flore
840 1117 1010 1176 caret,
1039 1102 1349 1184 meliusque
1378 1115 1663 1184 peractum
1951 1113 2034 1156 665

340 1197 615 1280 Tempus;
650 1214 706 1259 et
730 1198 976 1260 albentes
1003 1199 1113 1280 jam
1141 1198 1277 1277 legit
1306 1197 1400 1258 illa
1430 1220 1632 1258 comas,

264 1294 462 1367 Utilis,
493 1320 526 1355 o
551 1297 777 1377 juvenes
801 1299 812 1355 !
844 1312 938 1357 aut
966 1297 1112 1368 haee,
1137 1310 1233 1356 aut
1263 1296 1438 1355 serior
1466 1309 1609 1355 aetas.

342 1399 453 1457 Iste
481 1399 618 1459 feret
647 1414 887 1476 segetes;
918 1399 1021 1458 iste
1052 1397 1326 1468 serendus¹
1346 1421 1488 1475 ager.

265 1499 414 1559 Dum
443 1501 582 1561 vires
613 1502 851 1584 annique
882 1502 1096 1574 sinunt,
1122 1499 1350 1561 tolerate
1380 1499 1635 1560 labores:

264 1680 510 1733 Mouiffllz,
536 1685 759 1727 lmzcantkr.
778 1683 872 1728 Act.
887 1699 924 1727 11
941 1718 952 1739 ,
976 1684 1046 1728 Sc.
1069 1698 1111 1727 v.

269 1746 362 1801 Qui
384 1746 502 1790 locus
520 1763 572 1790 eo
592 1747 843 1803 pretiosior,
862 1747 978 1805 quod
1001 1764 1114 1790 unus

266 1819 481 1865 superstes
498 1846 509 1866 ‚
534 1827 584 1853 ex
603 1811 695 1865 illa,
720 1828 851 1868 quam
871 1820 1116 1868 susceperat

268 1873 460 1917 Lucretii
499 1876 547 1919 in
580 1875 798 1920 Gallicum
829 1892 1080 1919 sermonem
1101 1909 1112 1927 ‚

272 1954 569 1983 conversuone.

325 2004 418 2062 659.
448 2007 694 2059 Silva-laesi,
714 2008 1026 2049 Venerc'sz‘miles
1036 2013 1115 2049 etc.

271 2071 412 2114 Locus
432 2072 554 2115 valde
578 2074 766 2117 affectus.
791 2074 895 2130 Agit
914 2072 967 2116 de
987 2072 1118 2116 vitio—

273 2136 328 2178 sis
349 2137 483 2180 oculis
508 2138 647 2182 Naso:
672 2139 790 2195 atqui
803 2142 911 2193 paeti
925 2137 1035 2180 oculi
1049 2154 1119 2194 pa-

272 2217 373 2244 rum
404 2202 546 2246 vitiosi
573 2213 701 2258 sunt,
733 2220 840 2260 quos
869 2204 915 2246 in
941 2205 1120 2254 Venere

272 2275 499 2323 tantopere
515 2268 844 2312 commendatos
856 2267 982 2311 fuisse
997 2283 1119 2311 cons-

274 2339 337 2373 tet
376 2331 427 2373 ab
468 2332 558 2389 ipso
599 2332 758 2378 Paride
778 2367 788 2383 ‚
838 2332 1012 2390 egregio
1046 2331 1121 2375 illo

274 2396 517 2440 formarum
542 2398 715 2441 arbitro.
749 2398 868 2441 Hine
901 2403 1123 2454 φιλομειδὴς

277 2454 469 2526 Α’,ᾳροδὶτη
491 2465 650 2521 passim
673 2465 836 2508 Graecis
856 2464 1007 2521 poetis.
1031 2462 1122 2506 Sed

274 2545 359 2570 nee
378 2528 476 2570 flavi
499 2529 610 2571 oculi
630 2528 771 2572 vitiosi
789 2547 799 2582 ;
822 2529 912 2571 imo
934 2528 980 2571 in
1010 2527 1122 2571 Pal-

274 2593 370 2637 lade
383 2593 693 2637 laudabantur:
706 2611 839 2650 quare
855 2604 899 2638 et
913 2602 1123 2650 γλαυκῶπις

274 2657 346 2699 illa
365 2658 564 2700 Homero
580 2658 756 2713 aliisque
775 2657 1122 2714 frequentissime

278 2722 544 2781 dicta3Quid
565 2723 703 2780 ergo?
725 2726 779 2766 Τὸ
789 2728 903 2777 poeta
919 2721 966 2764 in
986 2738 1124 2765 mem·

276 2786 424 2829 branis
440 2787 747 2830 vetustioribus
763 2802 857 2828 non
877 2793 1123 2843 comparet:

277 2869 358 2909 pro
373 2870 459 2910 quo
472 2869 621 2897 crassa
633 2854 829 2911 plerique
839 2886 850 2907 ,
866 2853 933 2896 vel
949 2868 1102 2908 grassa
1112 2868 1125 2894 .·

278 2920 481 2963 nonnulli
493 2929 537 2963 et
551 2924 671 2975 lala,
690 2919 766 2963 sed
784 2919 815 2961 ii
835 2918 1123 2962 recentiores:

277 2987 412 3030 codex
443 2987 604 3044 Regius
635 2986 838 3029 omnium
871 2984 1126 3041 antiquissi—

278 3067 376 3094 mus
389 3083 401 3104 ‚
427 3052 478 3094 Si
491 3055 632 3093 crasia
658 3057 725 3093 est
754 3053 923 3094 Veneris
944 3050 1098 3091 similes
1113 3064 1126 3090 .’

283 3117 415 3160 etiam
450 3117 674 3161 mendose.
698 3117 814 3160 Mihi
849 3117 1030 3159 dubium
1059 3116 1127 3158 vix

279 3191 345 3224 est
363 3182 586 3226 Nasonem
606 3181 817 3238 scripsisse
830 3213 841 3235 ,
863 3183 1006 3236 Siqua
1019 3185 1129 3223 stra-

281 3254 336 3291 ba
357 3257 443 3301 est,
480 3253 631 3293 Veneri
645 3253 800 3292 simzst
817 3248 1024 3292 :subaudi
1051 3251 1121 3298 sit,

282 3316 399 3371 quod
414 3317 610 3373 sequitur
624 3318 820 3374 proximo
838 3324 1127 3373 pentametro.

283 3380 431 3422 Strabo
452 3390 496 3423 et
512 3384 680 3423 strabus
701 3381 925 3424 dicebatur
941 3377 1104 3422 Latinis
1116 3413 1128 3433 ,

285 3443 660 3499 quemadmodum
695 3445 857 3492 Graecis
894 3447 1032 3507 ςραέὲς
1066 3451 1133 3490 καὶ

1193 1685 1356 1746 ς-ραὸών.
1376 1683 1599 1724 strabones
1615 1693 1716 1722 cum
1730 1679 1859 1732 poetis
1868 1687 2042 1731 quoque

1195 1747 1423 1806 conjunxit
1441 1745 1652 1790 Horatius
1668 1776 1680 1799 ,
1707 1743 1728 1785 l
1739 1774 1751 1797 ,
1770 1741 1860 1784 Sat.
1879 1752 1962 1782 111:

1196 1828 1264 1869 At,
1280 1834 1370 1870 pater
1384 1834 1420 1858 ut
1437 1826 1523 1867 gnati
1533 1849 1543 1864 ‚
1563 1825 1608 1856 sie
1625 1835 1684 1856 nos
1700 1822 1854 1853 debemus
1868 1818 1963 1850 amici
1978 1841 1990 1856 ‚

1197 1890 1229 1921 Si
1246 1889 1335 1930 quod
1347 1888 1388 1918 sit
1402 1911 1414 1926 ,
1439 1887 1558 1917 vitium
1571 1895 1636 1916 non
1648 1882 1796 1914 fastidire
1814 1891 1822 1910 :
1838 1878 2026 1911 strabonem

1197 1949 1354 1990 Appellat
1360 1954 1492 1989 paetum
1505 1952 1605 1987 pater.

1199 2009 1320 2054 Nihil
1350 2008 1485 2064 magis
1512 2006 1757 2063 adpositum
1783 2002 2047 2056 conjecturae

1198 2083 1360 2118 nostrae
1378 2071 1653 2116 adstruendae
1671 2071 1717 2113 in
1734 2067 1932 2112 medium
1944 2078 2049 2122 pro-

1199 2139 1304 2184 ferri
1322 2147 1504 2196 poterat.
1527 2138 1695 2180 Hmns.

1254 2204 1350 2258 564.
1364 2197 1558 2247 Consule.
1573 2202 1714 2244 St‘dere
1726 2212 1841 2240 unus
1859 2192 2047 2247 Heinsii‚

1203 2269 1323 2327 quod
1337 2285 1393 2312 an
1406 2268 1509 2312 huic
1519 2267 1616 2310 loco
1629 2262 1876 2316 conveniat,
1887 2258 2051 2303 dubito.
2081 2264 2083 2266 '

1201 2361 1257 2371 -·
1286 2339 1463 2381 Munera
1501 2337 1656 2379 Censor
1691 2334 1827 2374 habel.
1863 2330 2053 2382 Qua-rere

1202 2420 1369 2454 censor,
1401 2400 1715 2458 Neapolitanus
1740 2415 1751 2450 ;
1787 2411 1882 2439 non
1908 2391 2021 2436 male
2039 2422 2051 2444 ,

1202 2468 1287 2512 nisi
1309 2470 1423 2511 sorte
1445 2465 1599 2509 melius
1613 2497 1625 2519 ,
1645 2479 1739 2520 quoe
1756 2462 1916 2517 rigidus
1943 2472 2055 2514 quoe-

1203 2549 1289 2576 rere
1308 2534 1464 2575 Censor
1474 2535 1602 2573 amat.
1617 2529 1769 2571 Mania
1779 2540 1932 2568 censor
1942 2536 2055 2565 mar-

1206 2613 1260 2655 go
1295 2595 1560 2640 Bersmanni
1585 2610 1596 2637 :
1625 2608 1722 2649 quae
1754 2587 1961 2635 solemnis
1990 2593 2054 2628 est

1204 2661 1414 2706 confusio.
1431 2659 1573 2704 Gebh.
1595 2657 1747 2712 Antiq.
1770 2655 1866 2697 lect.
1886 2666 1923 2695 11
1937 2684 1949 2705 ,
1977 2668 2023 2693 12
2040 2682 2052 2704 ,

1205 2727 1464 2784 conjecerat,
1480 2737 1649 2767 munera
1661 2722 1818 2763 Censor
1826 2721 1927 2773 agit.
1942 2715 2054 2760 Gru·
2119 2741 2125 2743 >

1205 2801 1340 2845 terus,
1357 2794 1448 2834 obit
1465 2805 1478 2831 .·
1497 2786 1617 2845 quasi
1634 2785 1781 2828 minus
1792 2782 1980 2826 latinum
1995 2797 2056 2825 es-

1206 2865 1272 2899 set
1284 2888 1296 2910 ,
1307 2858 1458 2898 habere
1468 2848 1617 2896 munus
1627 2866 1642 2905 ,·
1657 2849 1732 2894 sed
1752 2850 1813 2892 ita
1833 2856 1877 2891 et
1897 2845 2055 2890 Cicero

1205 2919 1278 2963 lib.
1299 2919 1345 2963 ΙΙ
1363 2952 1376 2974 ‚
1402 2918 1456 2962 de
1476 2917 1662 2974 Legibus
1676 2948 1688 2970 ,
1703 2915 1728 2956 3
1747 2929 1757 2955 ε
1777 2915 1993 2968 Tanquam
2011 2914 2063 2953 id

1207 2989 1398 3029 habuerit
1420 2988 1554 3040 operis
1576 2999 1631 3026 ac
1649 2984 1847 3030 muneris,
1879 2983 1928 3020 ut
1948 2980 2059 3019 hanc

1208 3055 1330 3095 nobis
1340 3050 1523 3107 efficeret
1528 3050 1666 3091 sedem
1677 3048 1741 3089 ad
1750 3045 2057 3099 d115pulandum.

1211 3115 1300 3159 Sed
1318 3124 1362 3158 et
1381 3114 1512 3157 latine
1536 3111 1695 3155 dicitur
1714 3112 1846 3152 habeo
1871 3121 2054 3163 querere,

1210 3181 1244 3226 si
1266 3178 1542 3236 Neapolitani
1556 3176 1714 3221 codicis
1724 3174 1984 3231 scripturam
1997 3186 2058 3214 se-

1212 3246 1286 3303 qui
1301 3245 1426 3288 libet:
1440 3246 1591 3286 habere
1609 3249 1757 3284 autem
1776 3247 1820 3282 et
1833 3253 1953 3292 agere
1966 3250 2057 3291 pas·

1213 3314 1295 3357 sim
1315 3309 1527 3356 confundi
1548 3308 1735 3352 vidimus
1763 3302 1879 3362 apud
1908 3303 2058 3346 Naso-

1213 3375 1559 3430 nem‚Velleium
1569 3382 1613 3417 et
1624 3370 1886 3428 Quintilian.
1895 3367 2058 3410 BURM.

1266 3442 1360 3486 666.
1372 3441 1572 3485 Albentes
1581 3438 1679 3494 jam
1693 3440 1804 3493 lzgrat
1811 3436 1889 3479 illa
1903 3446 2057 3477 comas.
