2268 3776
318 320 423 370 282

775 321 838 373 P.
891 322 1183 377 OVIDII
1230 323 1612 382 NASONIS

398 434 561 512 Quos
593 433 768 494 credis
794 435 964 510 fidos,
993 438 1200 517 effuge3
1227 455 1380 502 tutus
1411 443 1532 503 cris.

317 529 627 606 Cognatum
655 530 987 616 fratremque
1017 559 1141 595 cave
1159 582 1174 606 ,
1207 560 1499 621 carumque
1530 539 1771 602 sodalem
1796 568 1808 603 :

392 625 667 685 Praebebit
693 651 850 689 veros
880 630 994 691 haec
1024 632 1128 691 tibi
1158 633 1322 693 turba
1350 650 1543 697 metus.

312 720 596 782 Finiturus
625 747 796 797 eram3
824 726 922 786 sed
948 742 1079 787 sunt
1108 727 1319 790 diversa
1346 731 1551 814 puellis
1998 755 2080 809 755

394 816 664 879 Pectora:
689 773 838 882 mille
862 823 1075 883 animos
1100 825 1287 908 excipe
1313 826 1461 887 mille
1487 828 1683 890 modis.

315 913 427 972 Nec
459 913 622 974 tellus
651 917 838 978 eadem
867 920 1014 1002 parit
1043 921 1271 982 omnia:
1296 923 1504 984 vitibus
1533 924 1627 985 illa

394 1010 694 1086 Convenit3
727 1013 842 1075 haec
872 1015 1036 1089 oleis3
1069 1016 1172 1077 hac
1199 1018 1342 1080 bene
1367 1019 1514 1082 farra
1536 1021 1732 1082 virent.

313 1108 640 1171 Pectoribus
668 1134 848 1173 mores
880 1128 966 1173 tot
992 1130 1149 1188 sunt,
1184 1130 1324 1198 quot
1349 1117 1409 1177 in
1436 1117 1570 1180 orbe
1598 1118 1818 1198 figurae:

393 1206 510 1284 Qui
540 1208 711 1290 sapit,
744 1209 1049 1271 innumeris
1077 1212 1330 1273 moribus
1360 1229 1522 1297 aptus
1552 1215 1671 1275 erit.

2001 1250 2022 1293 7
2030 1236 2083 1278 60

312 1302 498 1383 thue
525 1302 667 1365 leves
697 1306 933 1367 Proteus
962 1308 1129 1369 modo
1160 1333 1220 1369 se
1245 1311 1498 1371 tenuabit
1526 1312 1586 1372 in
1616 1311 1830 1385 undas;

390 1398 552 1458 Nunc
581 1398 698 1473 leo,
724 1425 872 1462 nunc
895 1402 1090 1476 arbor,
1122 1427 1270 1464 nunc
1299 1406 1404 1466 erit
1429 1405 1613 1468 hirtus
1642 1432 1789 1492 aper.

316 1492 390 1550 Hi
417 1492 598 1573 jaculo
630 1496 835 1579 pisceS,
864 1497 948 1557 illi
977 1499 1270 1581 capiuntur
1296 1500 1365 1560 ab
1395 1500 1607 1562 hamis:

393 1591 515 1650 Hos
546 1615 673 1652 cava
702 1608 967 1653 contento
999 1595 1136 1655 retia
1161 1596 1291 1657 fune
1322 1597 1566 1658 trahunt.

312 1687 424 1746 Nec
447 1687 551 1747 tibi
579 1690 870 1750 conveniat
889 1706 1116 1752 cunctos
1143 1693 1344 1754 modus
1371 1718 1520 1757 unus
1546 1694 1617 1756 ad
1647 1719 1856 1756 annos:
2003 1713 2084 1770 765

389 1783 641 1862 Longius
670 1785 898 1847 insidias
927 1811 1084 1848 cerva
1110 1788 1322 1850 videbit
1349 1813 1504 1850 anus,

310 1939 421 1983 clare
443 1940 693 1986 Gronovius
709 1976 720 1997 2
743 1942 814 1987 lib.
835 1958 892 1987 111
910 1978 921 1999 ,
944 1962 1035 2003 cap.
1063 1960 1156 1989 xxr.

312 2006 419 2048 Mox
437 2024 460 2049 e
480 2010 616 2051 medio
621 2011 797 2064 flumine
819 2010 917 2054 libri
942 2011 1159 2056 meliores.

317 2070 502 2161 Remed.
526 2072 680 2117 Amor.
703 2075 809 2130 534:

312 2141 463 2173 cediusm
500 2144 642 2175 εἰοηιεά
658 2145 780 2185 jaicml
781 2142 1046 2178 etammbis-ba
1068 2148 1115 2178 H.

312 2154 511 2247 Francos.
527 2212 571 2247 et
582 2205 710 2248 multi
723 2206 815 2261 alii,
830 2210 875 2249 in
886 2211 1044 2251 medio:
1055 2225 1158 2265 quo·

315 2268 450 2310 modo
469 2276 514 2311 et
533 2269 579 2312 in
601 2269 696 2314 loco
719 2271 1051 2317 Remediorum.

367 2333 458 2391 753.
470 2336 697 2392 Ft'dumque
705 2339 906 2380 sodalem.
932 2341 1161 2397 Coramque

315 2398 605 2455 castigatiores
620 2415 630 2443 ε
649 2416 754 2444 nam
753 2404 873 2458 fidos
886 2414 1160 2460 praecesserat

315 2478 527 2518 superiori
546 2481 686 2508 versu.

370 2528 461 2585 756.
491 2532 653 2586 Excipe
680 2534 795 2574 mille
820 2535 967 2576 modis.
1000 2535 1161 2590 Decipe

314 2594 538 2639 Palatinus
562 2605 605 2639 et
624 2597 742 2641 alius.
772 2599 980 2644 Heinsius
998 2602 1159 2657 conje-

313 2668 431 2702 cerat
443 2692 455 2714 ,
470 2664 589 2715 exige
600 2664 715 2704 mille
731 2665 867 2706 modis
878 2697 890 2715 ‚
913 2664 1002 2719 vel,
1016 2669 1162 2720 exctpe

315 2726 429 2766 mille
446 2727 558 2767 dolis
570 2741 583 2767 .-
599 2730 746 2780 accipe
764 2726 1012 2771 Bernensis.

371 2790 461 2847 761.
497 2791 630 2847 thue
657 2793 759 2834 levis
778 2794 953 2835 Proteus
973 2796 1096 2837 modo
1115 2811 1162 2837 se

315 2858 517 2898 tenuabat
524 2860 569 2899 in
582 2857 731 2898 undas.
742 2856 895 2899 Primo
907 2860 1016 2900 leves
1025 2861 1162 2901 undas

318 2920 627 2977 reponendum
641 2928 704 2964 est
719 2937 769 2964 ex
781 2922 1034 2965 auctoritate
1049 2924 1163 2979 opti-

318 2985 379 3027 mi
397 2985 523 3043 Regii
534 3019 546 3041 ,
557 2986 793 3042 fragmenti
805 2987 1027 3029 veterrimi
1039 2986 1163 3030 Oxo-

315 3049 500 3104 niensis,
522 3058 566 3093 et
584 3058 682 3094 octo
702 3050 771 3093 vel
795 3066 957 3094 novem
978 3051 1162 3094 aliorum

314 3113 526 3157 codicum.
548 3116 680 3158 Leues
707 3132 842 3172 aquas
870 3117 1030 3160 Noster
1064 3115 1164 3159 alibi

316 3195 409 3222 non
425 3196 514 3223 uno
528 3181 623 3225 loco
638 3182 760 3226 dixit:
773 3192 823 3227 ut
836 3183 883 3226 in
906 3184 1019 3227 Fast.
1029 3183 1100 3226 lib.
1115 3197 1161 3238 v,

316 3244 395 3286 662
412 3259 422 3287 ε
441 3248 550 3288 leves
569 3263 732 3290 cursum
752 3252 1012 3292 sustmuztrtn·
1030 3264 1162 3304 aquoe.

317 3310 407 3352 Pro
429 3315 647 3366 tenuabat,
669 3313 827 3357 deinde
848 3314 967 3358 idem
985 3315 1161 3372 Regius,

322 3384 367 3418 et
388 3376 474 3420 duo
496 3379 592 3434 alii,
610 3384 818 3424 tenuavit:
832 3381 907 3424 sed
927 3381 1061 3438 probe
1074 3380 1166 3437 pri-

321 3455 393 3483 ma
427 3442 584 3499 editio,
608 3453 652 3487 et
672 3461 785 3489 unus
806 3445 1044 3491 Vaticanus
1058 3479 1070 3499 ,
1093 3451 1164 3489 le-

1240 1950 1414 1991 nuabit:
1427 1957 1472 1991 et
1490 1947 1689 2004 sequenti
1708 1963 1835 1991 versu
1848 1980 1859 2002 ‚
1881 1942 1962 2004 pro
1973 1954 2081 1996 erat,

1239 2013 1542 2070 fragmentum
1558 2012 1826 2068 oxoniense,
1841 2012 1991 2056 Codex
2003 2014 2085 2058 Re-

1241 2078 1336 2134 gius
1353 2110 1364 2132 ,
1387 2086 1433 2121 et
1452 2077 1541 2120 duo
1563 2078 1631 2121 alii
1649 2111 1660 2133 ,
1682 2082 1763 2121 erit
1777 2095 1790 2120 ,¹
1810 2079 2044 2122 verissime.

1296 2145 1386 2200 762.
1401 2146 1524 2200 Nunc
1536 2149 1602 2189 leo
1613 2180 1623 2197 ‚
1636 2162 1747 2188 nunc
1760 2148 1886 2188 arbor
1893 2154 1972 2189 etc.
1987 2146 2087 2188 Ho-

1239 2209 1400 2252 ratium
1416 2242 1427 2264 ,
1446 2209 1517 2252 lib.
1531 2224 1568 2252 11
1579 2243 1591 2264 ,
1610 2210 1698 2254 Sat.
1713 2223 1770 2252 111
1786 2243 1797 2264 ,
1812 2211 1866 2268 69
1879 2243 1890 2263 ,
1904 2211 2087 2267 respexit

1240 2273 1324 2316 hoc
1342 2274 1438 2318 loco
1451 2273 1612 2318 Noster
1627 2307 1639 2329 ‚
1655 2274 1731 2317 ubi
1744 2274 1778 2318 is
1800 2275 1886 2331 agit
1904 2274 1958 2318 de
1973 2275 2087 2317 malo

1236 2338 1439 2382 'debitore
1462 2355 1472 2383 ε

1239 2416 1350 2448 Scribe
1357 2416 1601 2450 decemaNerio
1614 2427 1698 2449 :nou
1709 2425 1758 2449 est
1770 2418 1862 2459 satis;
1875 2417 1957 2449 adde
1969 2418 2088 2449 Cicutae

1237 2479 1365 2511 Nodosi
1378 2478 1505 2510 tabulas
1518 2485 1648 2510 centum
1664 2490 1672 2510 ε
1689 2479 1779 2510 mille
1791 2479 1873 2511 adde
1891 2486 2030 2509 catenas.

1238 2546 1382 2587 Effugiet
1398 2553 1504 2578 tamen
1517 2545 1583 2578 hoec
1597 2546 1771 2578 sceleratus
1789 2546 1922 2578 vincula
1932 2546 2067 2577 Proteus
2078 2568 2086 2582 ,

1239 2608 1354 2648 Quum
1367 2608 1472 2650 rapies
1489 2609 1523 2639 in
1535 2608 1588 2649 jus
1598 2632 1609 2648 ,
1629 2607 1723 2638 malis
1741 2607 1897 2639 ridentem
1908 2606 2021 2637 alienis
2037 2617 2045 2624 ·

1239 2670 1313 2702 Fiet
1324 2681 1403 2712 aper
1413 2693 1424 2709 ,
1446 2670 1543 2700 modo
1558 2670 1628 2700 avis
1641 2673 1657 2708 ‚'
1670 2668 1766 2700 modo
1779 2678 1835 2699 sax

1363 2730 1451 2762 volet
1466 2754 1477 2769 ,
1502 2729 1608 2761 arbor.

1242 2796 1359 2839 Nam
1375 2793 1595 2852 proverbii
1615 2793 1761 2836 locum
1782 2792 2017 2837 obtinuisse
2030 2793 2088 2834 vi-

1243 2859 1399 2913 detur,
1421 2867 1472 2901 ut
1501 2858 1575 2914 qui
1596 2867 1801 2916 urgentes
1822 2857 2085 2910 eludebant,

1242 2926 1389 2967 Protei
1402 2922 1665 2966 dicerentur.

1299 2988 1388 3044 766.
1405 2990 1590 3044 Longius
1603 2991 1784 3031 insidias
1799 3004 1919 3031 cerva
1933 2990 2094 3030 videbis

1243 3069 1363 3095 anus.
1381 3051 1505 3096 Olim
1524 3069 1649 3096 curva
1659 3068 1674 3107 ,·
1688 3052 1867 3096 ridicule
1884 3053 2089 3109 profecto.

1247 3117 1400 3162 Causae
1413 3119 1572 3163 scilicet
1583 3119 1774 3162 multum
1788 3127 1874 3173 est,
1886 3134 1965 3162 cur
1979 3133 2088 3160 anus

1242 3185 1334 3241 jam
1346 3193 1521 3228 curvata
1541 3200 1630 3242 prae
1644 3184 1767 3228 senio
1778 3182 1953 3227 insidias
1967 3197 2091 3225 ama-

1243 3258 1392 3292 torum
1413 3246 1604 3293 metuat(
1618 3249 1732 3306 Quis
1752 3247 1902 3292 credat
1922 3247 2088 3303 optimo

1244 3324 1384 3371 poetae
1415 3315 1496 3357 tale
1531 3314 1636 3370 quid
1674 3313 1874 3357 excidisse
1900 3312 1920 3354 ?
1954 3310 2090 3353 Tollit

1244 3380 1497 3436 scrupulum
1517 3379 1652 3422 codex
1673 3379 1834 3435 Regius
1851 3410 1862 3432 ,
1888 3377 1933 3419 in
1956 3391 2043 3432 quo
2065 3391 2087 3417 a

1243 3462 1380 3490 manu
1399 3446 1539 3503 prima
1558 3445 1781 3503 legebatur
1797 3477 1809 3499 ,
1828 3459 1946 3488 cerea
1968 3459 2089 3486 anus.

1839 2679 1892 2698 um
1903 2691 1914 2706 ‚
1937 2674 1970 2698 et
1983 2678 2086 2708 quum
