2268 3776
212 332 249 386 6
660 333 724 386 P.
779 330 1080 388 OVIDII
1130 328 1509 386 NASONIS

786 618 1177 687 ELEGIA
1227 618 1331 686 ΙΙ.
1362 613 1391 641 *

967 757 1208 770 ι-ι-

643 914 921 948 TRIUMPHUS
957 915 1133 950 AMORIS

1173 916 1500 951 nEsclum'rmt.

206 1027 398 1115 ESSE
429 1055 562 1135 quid
589 1058 697 1117 hoc
728 1055 928 1127 dicam,
963 1055 1114 1137 quod
1145 1070 1255 1115 tam
1286 1055 1422 1115 mihi
1453 1055 1590 1116 dura
1616 1057 1876 1119 videntur

285 1151 495 1226 Strata,
527 1177 704 1235 neque
735 1153 793 1211 in
820 1151 963 1212 lecto
993 1150 1159 1234 pallia
1188 1167 1376 1212 nostra
1400 1151 1636 1212 sedent?

203 1248 277 1307 Et
304 1271 505 1308 vacuus
535 1271 730 1307 somno
760 1261 1001 1318 noctem,
1035 1271 1197 1329 quam
1227 1247 1421 1326 longa,
1450 1248 1671 1331 peregi;

281 1346 556 1426 Lassaque
585 1345 783 1404 versati
813 1342 1061 1424 corporis
1093 1343 1216 1402 ossa
1246 1341 1478 1403 dolent?

199 1440 367 1512 Nam,
399 1455 567 1522 pum,
595 1440 882 1510 sentirem,
915 1439 961 1497 si
993 1463 1102 1520 quo
1134 1452 1372 1497 tentarer
1401 1462 1618 1499 amore:
1650 1482 1655 1487 ι

1940 1455 1966 1497 C!

265 1538 370 1596 ‘An
401 1535 576 1607 subit,
610 1549 664 1594 et
691 1534 854 1593 tacita
882 1532 1111 1593 callidus
1139 1546 1253 1593 arte
1282 1535 1488 1593 nocet?

199 1632 290 1692 Sic
321 1646 435 1691 erat
460 1656 472 1690 ε
498 1630 775 1690 haeserunt
799 1644 991 1689 tenues
1020 1630 1079 1688 in
1109 1629 1273 1689 corde
1304 1629 1545 1707 sagittae,

278 1729 354 1786 Et
382 1750 636 1809 possessa
663 1725 811 1784 ferus
841 1738 1064 1807 pectora
1093 1737 1272 1782 versat
1299 1723 1491 1781 Amor.

200 1822 502 1883 cedimus?
528 1846 597 1881 an
627 1819 1165 1881 subitum'luctando
1196 1818 1540 1879 accendimus
1570 1819 1797 1897 ignem?

252 1973 412 2016 *Hanc
424 1970 690 2014 Chartaceus
701 1970 904 2013 Scriverii
916 1988 926 2022 ;
944 1970 1042 2014 Sar-

197 2039 303 2084 ravii
332 2041 395 2093 (et
414 2038 632 2091 Francos.)
657 2036 824 2081 codices
845 2037 1042 2093 Elegiam

197 2103 411 2160 superiori
431 2101 695 2156 adnectunt,
715 2110 764 2143 ut
784 2110 828 2144 et
846 2101 1041 2144 veterri-

196 2184 323 2211 mum
335 2168 634 2224 fragmentum
645 2166 793 2222 Regiae
806 2165 1041 2209 Bibliothe-

197 2248 257 2275 cae
273 2250 283 2284 ;
298 2248 442 2288 neque
457 2231 541 2273 ulla
555 2230 777 2286 inscriptio
792 2262 804 2283 ,
828 2238 903 2272 aut
915 2244 1041 2272 novae

196 2297 360 2354 Elegiae
385 2297 560 2354 signum
588 2295 728 2338 ullum
760 2302 965 2350 apparet:
994 2294 1041 2336 in

196 2361 394 2417 margine
421 2375 594 2416 quoque
626 2359 872 2402 Sarraviani
897 2359 1043 2416 scrip-

195 2435 294 2468 tum
310 2431 403 2467 erat
415 2456 426 2478 ‚
440 2428 587 2478 polest
604 2427 869 2466 continuari:
890 2422 936 2466 in
958 2423 1043 2466 Re-

197 2490 268 2547 gio
288 2497 434 2531 autem
454 2487 759 2544 praefigebatur
775 2487 948 2541 titulus,
970 2487 1049 2530 Ad

199 2555 456 2608 Cupidinem.
477 2552 644 2594 HEINS.
671 2574 726 2583 —
745 2551 883 2594 Rudis
904 2551 1045 2594 adhuc

196 2628 242 2664 et
260 2618 416 2662 inscius
438 2616 639 2671 amandi,
672 2616 777 2671 quid
797 2632 886 2659 esse
905 2632 1042 2660 causae

196 2684 368 2740 quaerit,
384 2699 477 2738 cur,
494 2697 591 2738 quae
605 2680 751 2723 mollia
763 2688 862 2723 ante
880 2685 1037 2731 strata,

195 2759 288 2793 tam
308 2751 413 2792 dura
431 2748 686 2799 videantur;
710 2762 789 2790 cur
806 2762 952 2789 somno
972 2761 1043 2788 va-

195 2831 298 2858 cuus
324 2823 502 2858 noctem
524 2821 698 2870 peragat
719 2820 798 2855 etc.
825 2833 881 2844 --
901 2811 1043 2853 Amo-

193 2895 292 2922 rem
311 2895 412 2921 mox
432 2877 623 2936 agnoscit
637 2910 649 2932 ,
681 2885 725 2920 et
743 2877 905 2919 vietum
924 2891 968 2919 se
989 2875 1041 2918 ab

197 2960 251 2987 eo
272 2945 447 2986 fatetur.

251 3025 289 3050 2.
318 3010 462 3050 Pallia
480 3010 626 3049 nostra
645 3008 806 3048 sedent.
835 3003 1044 3061 Intelligit

194 3071 295 3126 illa,
329 3071 481 3127 quibus
509 3080 554 3113 et
578 3071 624 3112 in
654 3070 759 3113 toris
787 3068 1042 3113 tricliniari—

195 3137 299 3191 bus,
324 3145 368 3180 et
381 3136 607 3179 nocturnis
626 3137 711 3193 tegi
727 3136 935 3179 solebant.
952 3135 1041 3178 Pro

195 3204 346 3244 sedent
362 3218 482 3255 vero,
487 3202 661 3256 jacent,
686 3203 754 3245 vel
774 3207 956 3252 manent,
978 3209 1042 3244 est

194 3265 241 3309 in
264 3267 462 3309 Francos.
485 3274 529 3308 et
550 3265 639 3309 aliis
661 3266 932 3321 quibusdam.
953 3265 1004 3309 Β.

251 3330 291 3372 3.
304 3333 367 3372 Et
382 3345 538 3373 vacuus
552 3346 708 3373 sonmo.
732 3333 916 3373 Vacuam
927 3365 938 3382 ,
959 3330 1042 3387 pri-

196 3408 296 3436 mus
327 3393 551 3437 Mediceus
573 3410 759 3450 :parum
789 3397 934 3438 refert.
979 3395 1039 3438 H.

194 3456 286 3501 Sed
297 3458 396 3521 quia
404 3461 530 3516 longa
537 3459 732 3518 sequitur
743 3492 754 3515 ,
770 3467 941 3516 praestat
951 3458 1041 3505 vul-

1123 1976 1231 2025 gata.
1253 1969 1689 2024 Longamquepemgi,
1710 1967 1840 2011 etiam
1855 1983 1968 2012 unus

1122 2032 1370 2076 Palatinus:
1389 2032 1466 2076 sed
1479 2033 1638 2075 frustra
1650 2065 1662 2086 ,
1685 2040 1734 2074 ut
1747 2041 1863 2075 recte
1879 2032 1969 2074 Do-

1122 2098 1229 2139 min.
1263 2096 1431 2139 Marius
1445 2128 1458 2150 ,
1481 2112 1532 2139 ex
1552 2096 1630 2139 illis
1664 2096 1835 2153 Virgilii
1860 2096 1967 2140 ads-

1121 2160 1279 2216 traxit,
1302 2160 1478 2203 AEneid.
1499 2174 1548 2203 lv
1563 2193 1575 2215 ,
1602 2160 1677 2219 193
1697 2176 1708 2204 ε

1122 2230 1219 2262 Nunc
1225 2228 1365 2260 hiemem
1372 2229 1457 2260 inter
1464 2239 1497 2259 se
1504 2229 1599 2268 luxu,
1614 2239 1716 2270 quam
1726 2229 1966 2271 longa,fovere.

1124 2289 1360 2348 Eleganter
1378 2290 1461 2333 hoc
1482 2290 1682 2347 Propert.
1701 2304 1739 2334 11
1753 2323 1764 2345 ,
1792 2291 1867 2346 ¹35
1889 2291 1967 2337 6οε

1410 2386 1448 2396 ...
1467 2365 1603 2405 Quoties
1620 2366 1765 2397 desertus
1781 2376 1905 2396 amaras

1163 2427 1303 2468 Explevi
1317 2432 1446 2464 noctes,
1461 2425 1584 2456 fractus
1600 2432 1738 2467 utroque
1749 2432 1818 2457 toro
1834 2427 1842 2456 !

1180 2489 1219 2529 5.
1235 2489 1345 2530 Nam
1354 2519 1365 2538 ‚
1378 2490 1503 2541 pulo,
1519 2491 1713 2529 sentirem
1725 2495 1805 2530 etc.
1820 2488 1970 2531 Poetae

1124 2551 1363 2595 candorem
1389 2551 1560 2595 mireris
1576 2584 1588 2605 ,
1619 2553 1693 2607 qui
1713 2553 1838 2595 certis
1858 2553 1967 2596 adeo

1122 2615 1254 2672 signis
1266 2631 1463 2658 amorem
1475 2615 1542 2657 vix
1554 2624 1754 2672 agnoscat
1766 2616 1775 2658 !
1787 2638 1843 2648 ·-
1863 2618 1966 2658 Ten-

1123 2683 1244 2722 taret.
1264 2680 1318 2722 In
1332 2678 1531 2722 Palatino
1548 2688 1592 2721 et
1613 2679 1967 2724 Francosurtensi

1123 2751 1216 2786 erat
1231 2777 1242 2797 ,
1272 2748 1500 2796 tractam,-
1523 2745 1634 2787 forte
1647 2776 1659 2798 ,
1682 2760 1765 2800 pro
1771 2746 1976 2800 jactat-er

1121 2808 1319 2852 librarius
1339 2806 1383 2851 id
1403 2809 1651 2866 supposuit;
1674 2809 1869 2865 quamvis
1886 2826 1967 2867 ego

1123 2878 1311 2916 tentarer
1321 2889 1414 2916 non
1435 2890 1526 2917 esse
1546 2873 1866 2917 sollicitandum
1886 2891 1967 2917 ar·-

1121 2937 1258 2980 bitrer
1278 2955 1289 2983 2
1317 2947 1381 2982 est
1401 2939 1522 2982 enim
1543 2939 1727 2982 verbum
1748 2940 1795 2982 in
1816 2956 1967 2984 amore

1121 3002 1361 3060 proprium.
1378 3003 1542 3047 BURM.

1156 3069 1196 3112 6.
1205 3069 1250 3112 A
1251 3086 1279 3111 n
1289 3072 1414 3120 subit,
1426 3074 1473 3112 et
1478 3073 1702 3113 tacitaetc.
1719 3072 1852 3112 Tecta
1859 3075 1962 3122 arte,

1122 3136 1264 3191 major
1282 3136 1493 3179 librorum
1514 3152 1610 3192 pars
1631 3151 1643 3180 ε
1663 3136 1780 3193 quod
1801 3152 1966 3192 perpe-

1122 3216 1218 3243 ram
1248 3199 1434 3243 Ciosano
1467 3202 1688 3257 probatur.
1714 3201 1965 3256 Fragmen—

1121 3273 1218 3308 tum
1239 3265 1452 3323 Regium,
1481 3270 1612 3308 secta.
1633 3264 1831 3308 Forsitan
1856 3278 1936 3319 pro
1951 3295 1964 3317 ,

1121 3346 1234 3373 caeca
1243 3335 1345 3372 arte.
1362 3329 1434 3373 Sic
1454 3346 1604 3373 coecum
1623 3332 1784 3378 vulnus,
1798 3335 1842 3370 et
1855 3328 1965 3382 ejus-

1121 3394 1242 3437 modi
1262 3395 1385 3451 plura
1400 3428 1411 3449 ,
1433 3395 1593 3450 ubique
1613 3393 1748 3436 obvia.
1771 3392 1936 3434 HEINS.

1175 3476 1214 3519 9.
1227 3462 1445 3507 Cedamus?
1455 3475 1512 3504 an
1520 3462 1700 3504 subitum
1710 3465 1789 3501 etc.
1801 3456 1962 3500 Secum
