2268 3776
665 269 1064 328 REMEDIA
1117 268 1483 327 AMORIS.

1770 314 1776 320 ·
1856 272 1963 349 397

272 390 508 452 Pectora
533 412 546 448 ε
575 387 829 448 vindictae
859 385 1094 468 quisque
1128 384 1299 446 favete
1331 409 1459 446 suae.

192 489 271 548 Te
298 508 523 571 precor,
553 508 586 544 o
619 497 798 555 vates,
824 481 970 543 adsit
999 497 1094 542 tua
1119 480 1302 542 laurea
1327 483 1524 554 nobiS‚
1913 503 1968 558 75

276 579 547 646 Carminis
565 627 581 654 ‚
611 595 667 641 et
694 578 916 640 medicae
936 625 951 651 ‚
984 578 1223 651 Phoebe,
1254 594 1506 662 repertor
1537 579 1675 661 opiS.

193 682 280 742 Tu
309 680 517 764 pariter
540 678 680 751 vati,
715 678 923 761 pariter
952 699 1209 737 succurre
1237 674 1515 747 medenti3

276 779 525 859 Utraque
555 764 999 835 tutelae-subdita
1028 795 1160 833 cura
1190 787 1313 833 tuae.

195 895 346 956 DUM
370 892 529 967 licet,
560 908 614 955 et
641 892 849 953 modici
876 905 1113 970 tangunt
1136 888 1439 974 praecordia
1467 904 1683 963 motus;

276 990 336 1051 Si
366 992 547 1075 piget,
572 991 632 1051 in
660 991 843 1075 primo
875 989 1063 1051 limine
1093 989 1226 1049 siste
1256 986 1468 1072 pedem.
1922 1007 1978 1050 80

117 1091 121 1111 ⁴
198 1088 469 1172 Opprime
488 1135 503 1162 ‚
533 1087 664 1149 dum
690 1112 834 1149 nova
862 1102 990 1148 sunt
1010 1134 1024 1159 ‚
1059 1086 1234 1148 subiti
1260 1083 1403 1146 mala
1433 1084 1642 1145 semina
1668 1084 1884 1158 morbi;

274 1186 351 1245 Et
381 1199 509 1246 tuus
527 1232 541 1259 ‚
573 1186 845 1270 incipiens
875 1186 952 1246 ire
974 1231 988 1258 ‚
1014 1183 1238 1245 resistat
1266 1206 1461 1267 equus.

196 1283 338 1344 Nam
368 1305 524 1342 mora
555 1280 648 1342 dat
680 1281 822 1343 vires
847 1305 859 1355 ;
891 1295 1104 1342 teneras
1137 1303 1292 1341 mora
1319 1276 1616 1363 percoquit
1647 1300 1777 1338 uvas
1804 1302 1816 1350 ;

209 1387 213 1396 '
278 1380 355 1439 Et
383 1377 587 1440 validas
614 1393 854 1459 segetes,
883 1377 1036 1462 quod
1066 1377 1171 1438 fuit
1200 1376 1402 1449 herba,
1429 1374 1574 1436 facit.

199 1476 340 1558 Quae
372 1476 586 1560 praebet
611 1475 750 1538 latas
778 1475 947 1537 arbor
978 1475 1352 1559 spatiantibus
1385 1474 1614 1535 umbras
1634 1520 1648 1543 ‚
1927 1491 1982 1533 35

281 1574 416 1654 Quo
447 1574 633 1658 posita
663 1587 746 1635 est
772 1574 1012 1656 primum
1045 1588 1323 1657 tempore,
1350 1572 1506 1650 virga
1533 1570 1657 1630 fuit.

198 1672 346 1733 Tum
374 1686 595 1755 poterat
621 1671 878 1732 manibus
909 1694 1121 1731 summa
1153 1669 1345 1731 tellure
1376 1666 1562 1730 revelli
1589 1692 1601 1726 :

279 1772 444 1831 Nunc
476 1784 586 1830 stat
614 1770 674 1829 in
707 1770 1038 1830 immensum
1068 1767 1283 1828 viribus
1313 1781 1470 1827 aucta
1503 1766 1634 1826 suis.

201 1867 382 1949 Quale
412 1868 486 1929 sit
514 1867 604 1941 id,
633 1866 786 1950 quod
818 1888 992 1937 amm,
1026 1863 1189 1927 celeri
1214 1861 1574 1945 circumspice
1602 1873 1783 1920 mente
1809 1885 1821 1930 ;

280 1969 358 2028 Et
386 1981 481 2028 tua
508 1965 705 2028 laesuro
735 1963 998 2026 subtrahe
1032 1961 1176 2025 colla
1201 1962 1355 2044 jugo.
1930 1990 1985 2032 9⁰

201 2119 228 2165 d
234 2136 291 2165 uo
299 2119 385 2176 alii,
395 2119 590 2178 proxime
599 2134 756 2162 verum
764 2150 776 2173 ,
788 2120 954 2161 damnis
964 2132 1057 2172 sup-

1195 2131 1258 2172 77.
1280 2115 1344 2156 Tu
1351 2115 1515 2168 pariter
1527 2114 1710 2155 vaiietc.
1737 2110 1802 2152 Tu
1817 2111 1963 2152 melius
1977 2144 1985 2153 .

195 2201 347 2241 pressa
367 2201 381 2229 ,·
407 2199 564 2242 supm,
603 2187 704 2226 vitii
728 2197 888 2225 servum
909 2186 1058 2235 pectus
1139 2180 1285 2237 Marg.
1308 2178 1585 2223 Bersmanni.

205 2249 382 2293 dixerat.
406 2247 633 2292 Sallustius
657 2246 828 2303 egregie
856 2245 902 2287 in
932 2246 1050 2301 frag-

204 2313 365 2361 mentis
390 2329 400 2357 :
438 2330 460 2350 «
480 2312 622 2356 Porro
641 2311 696 2366 ii,
723 2310 878 2367 quibus
897 2309 960 2353 bis
982 2309 1051 2352 die

204 2383 408 2422 ventrem
431 2392 616 2420 onerare
633 2409 645 2430 ,
675 2375 844 2418 nullam
874 2382 1054 2417 noctem

204 2442 298 2486 sine
320 2450 463 2485 scorto
484 2441 704 2498 quiescere
731 2453 827 2482 mos
850 2447 915 2481 est
932 2471 945 2492 ,
980 2437 1056 2480 ubi

207 2506 406 2549 animum
423 2539 435 2562 ,
459 2521 595 2562 quem
611 2502 829 2546 dominari
849 2501 1053 2556 decebat,

206 2574 381 2618 servitio
408 2588 661 2629 oppressere,
690 2585 970 2627 nequaquam
1003 2584 1057 2611 eo

206 2650 355 2700 postea
367 2641 514 2685 hebeti
527 2647 657 2696 atque
671 2636 826 2682 claudo
839 2652 919 2694 pro
933 2651 1059 2680 exer-

207 2708 309 2752 citio
331 2708 396 2751 uti
411 2707 579 2750 volunt.
596 2724 617 2743 »
644 2706 812 2748 Hssms.

265 2775 330 2832 75.
362 2774 420 2815 Te
434 2787 599 2827 precor,
625 2787 650 2813 o
672 2775 812 2818 vates,
842 2770 960 2810 adsit
976 2774 1057 2810 etc.

209 2839 441 2893 Incipiens,
473 2855 526 2882 ex
548 2837 688 2894 prisco
711 2833 945 2892 exemplari
966 2835 1061 2876 Va-

211 2904 343 2948 tican.
356 2903 593 2962 legendum
610 2910 758 2946 censet
778 2900 949 2944 Ciosan.
972 2898 1061 2942 Alii

213 2969 446 3024 codices,'o
461 2976 606 3022 vam,-
626 2969 701 3012 sed
721 2968 865 3011 Jureti
887 2982 1062 3024 excerp-

214 3043 258 3077 ta
273 3067 286 3089 ,
310 3038 545 3079 arcitenens
568 3047 580 3073 :
605 3034 784 3090 optime.
807 3032 1061 3089 Apollinem

213 3099 274 3143 sic
298 3099 455 3156 passim
484 3098 595 3152 dici,
632 3098 822 3140 Dianam
851 3112 1024 3153 quoque
1050 3129 1062 3151 ,

216 3164 290 3222 qui
312 3164 478 3219 nescit,
507 3162 630 3206 valde
656 3163 690 3205 is
722 3171 896 3218 oportet
926 3177 1064 3218 pere-

217 3231 367 3287 grinus
384 3245 432 3273 ac
455 3229 609 3287 hospes
630 3229 685 3272 sit
703 3228 748 3271 in
766 3228 932 3284 scriptis
949 3243 1065 3285 poe-

217 3304 363 3340 tarum
371 3305 585 3339 veterum.
597 3297 757 3339 Noster
766 3294 963 3347 Met.Vl‚
974 3294 1065 3350 164:

314 3372 428 3403 Motus
440 3378 507 3402 erat
516 3395 526 3411 ‚
547 3382 649 3412 quum
664 3371 731 3411 iam
744 3369 923 3403 revocabile
941 3370 1041 3400 telum

220 3433 295 3468 Nou
307 3433 367 3465 suit
381 3457 390 3470 .
408 3432 610 3465 Arcitenens.
818 3432 951 3463 Haris-s,

1193 2246 1543 2300 80.Stslepedem.
1561 2246 1751 2288 Gradum
1763 2241 1851 2285 duo
1860 2243 1987 2300 scrip-

1135 2311 1167 2354 ti
1188 2326 1199 2354 t
1221 2319 1271 2354 ut
1292 2309 1500 2366 Virgilius
1515 2342 1527 2363 ,
1561 2307 1738 2352 AEneid.
1761 2307 1852 2362 Vl,
1878 2308 1958 2363 455
1978 2324 1987 2349 :

1135 2382 1220 2412 Siste
1226 2380 1371 2422 gradum
1375 2386 1488 2421 ,teque
1501 2385 1634 2419 aspectu
1650 2388 1691 2408 ne
1705 2376 1858 2407 subtr-he
1867 2383 1988 2408 nostro.

1194 2441 1260 2484 83.
1298 2442 1479 2483 Teneras
1501 2456 1616 2482 mora
1634 2442 1852 2495 percoquit
1877 2454 1992 2480 uvas.

1138 2508 1351 2562 Decoquit
1365 2506 1514 2562 scripti
1535 2504 1767 2558 nonnulli,
1790 2504 1922 2547 etiam
1941 2520 1993 2547 ex

1139 2571 1393 2614 melioribus
1408 2603 1420 2626 ,
1457 2586 1557 2614 cum
1589 2569 1729 2626 prima
1763 2567 1956 2611 editione
1982 2581 1992 2607 ε

1138 2638 1201 2681 nil
1230 2646 1381 2682 tamen
1411 2645 1548 2679 muta.
1574 2635 1760 2696 Proprie
1790 2638 1919 2691 coqui
1936 2633 1991 2677 d<-

1139 2703 1374 2747 vindemia.
1397 2701 1551 2759 Virgil.
1574 2701 1625 2757 Ι,
1649 2700 1811 2757 Georg.
1835 2703 1913 2743 522
1933 2716 1943 2741 ε

1140 2775 1236 2807 Mitis
1249 2775 1283 2805 in
1297 2774 1415 2815 apricis
1429 2775 1584 2815 coquitur
1596 2772 1759 2802 vindemia
1774 2772 1873 2801 saxis.

1143 2837 1263 2880 Hinc
1280 2841 1450 2879 coctura
1463 2833 1690 2876 dicebatur
1708 2849 1759 2875 ea
1776 2831 1864 2875 caeli
1882 2840 1992 2875 tem·

1142 2903 1283 2960 peries
1296 2935 1308 2957 ,
1328 2917 1425 2958 quae
1441 2916 1543 2942 uvas
1559 2908 1753 2941 maturas
1770 2897 1993 2941 reddebat.

1144 2967 1247 3011 Vid.
1263 2967 1459 3011 Plinium
1472 2964 1543 3007 lib.
1559 2964 1687 3017 XIV,
1698 2979 1789 3019 cap.
1808 2976 1856 3004 lv
1872 2972 1917 3006 et
1931 2977 1994 3006 VI.

1201 3034 1267 3076 88.
1292 3033 1437 3073 Aucta
1461 3033 1565 3071 suis.
1589 3028 1707 3070 Acta
1727 3027 1898 3071 rectius.
1923 3023 1997 3070 Sic

1143 3099 1216 3142 ins
1211 3114 1258 3140 ra
1277 3097 1355 3139 106
1368 3112 1378 3137 z
1399 3098 1462 3139 Et
1474 3098 1589 3137 mala
1602 3098 1768 3136 radices
1781 3098 1913 3135 altius
1925 3110 1995 3136 ar-

1145 3169 1221 3209 bor
1232 3167 1333 3218 agil.
1347 3162 1531 3205 BERSM.
1548 3162 1666 3203 Acta
1678 3160 1810 3203 etiam
1823 3160 1866 3202 in
1883 3159 1994 3202 mul-

1146 3231 1199 3273 tis
1213 3237 1276 3272 est
1289 3226 1528 3276 codicibus;
1546 3225 1621 3269 sed
1636 3225 1807 3267 retineo
1821 3235 1969 3267 tamen
1984 3257 1996 3277 ,

1145 3299 1274 3338 aucta
1294 3308 1307 3334 .·
1330 3307 1433 3333 nam
1458 3307 1579 3346 ogere
1597 3292 1761 3332 radices
1788 3289 1895 3345 quin
1919 3287 1998 3330 di·-

1147 3369 1271 3402 catur
1298 3357 1547 3413 eleganter,
1577 3364 1620 3398 et
1648 3371 1758 3411 saepe
1796 3352 1910 3410 apud
1933 3352 2002 3394 rei

1148 3423 1320 3469 rusticae
1337 3421 1565 3478 scriptores
1584 3428 1806 3475 occurrat,
1826 3418 2001 3462 nullum
