2268 3776
555 232 819 315 ARTIS
866 257 1344 315 AMATORIAE
1397 264 1563 319 LIB.
1612 267 1659 318 1.

1867 270 1970 343 273

295 375 371 435 Et
401 375 506 435 sibi
532 374 799 436 mandatis
827 373 987 456 plura
1018 373 1253 435 videnda
1279 392 1453 459 putat.

221 470 381 532 Certa
412 471 513 531 tihi
540 495 571 531 a
594 470 759 530 nobis
790 467 1012 530 dabitur
1038 492 1295 530 mensura
1323 472 1552 533 bibendi
1575 498 1588 533 ε

298 566 555 628 Officium
583 580 840 649 praestent
867 589 1130 649 mensque
1158 565 1434 649 pedesque
1462 593 1639 629 suum.
1893 590 1972 646 59⁰

213 661 404 739 Jurgia
427 660 721 744 praecipue,
753 661 882 720 vino
913 660 1218 735 stimulata,
1250 677 1471 735 caveto,

293 758 368 816 Et
393 756 624 817 nimium
654 755 837 830 faciles
867 756 936 819 ad
965 757 1077 818 sera
1102 755 1249 818 bella
1276 781 1488 819 manus.

217 852 436 913 Occidit
463 853 737 937 Eurytion
771 853 936 915 stulte
954 901 968 927 ‚
999 853 1124 915 data
1150 854 1275 915 vina
1299 854 1547 917 bibendo
1571 883 1584 917 :

290 949 492 1032 Aptior
520 964 604 1011 est
629 949 777 1011 dulci
805 974 992 1011 mensa
1019 974 1336 1035 merumque
1355 952 1500 1033 joco.

212 1043 274 1104 Si
298 1068 407 1104 vox
434 1059 543 1117 est,
576 1059 731 1106 canta
754 1072 766 1104 :
792 1045 838 1105 si
871 1044 1058 1121 mollia
1082 1046 1307 1106 brachia
1324 1093 1339 1119 ‚
1371 1046 1540 1118 salta;
1899 1072 1978 1128 ⁵97¹

290 1145 391 1216 Et,
426 1167 767 1226 quacumque
795 1156 958 1225 potes
988 1143 1115 1203 dote
1143 1142 1381 1226 placere,
1413 1143 1580 1227 place.

212 1238 466 1300 Ebrietas
491 1254 557 1299 ut
584 1262 708 1300 vera
735 1254 928 1311 nocet,
962 1240 1039 1299 sic
1068 1238 1192 1300 ficta
1220 1241 1464 1322 juvabit:

292 1336 399 1395 Fac
429 1335 633 1395 titubet
659 1333 827 1395 blaeso
858 1333 1096 1396 subdola
1125 1334 1313 1413 lingua
1340 1359 1516 1409 sono;

215 1433 321 1505 Ut,
354 1431 625 1515 quidquid
653 1431 816 1492 facies
846 1431 1056 1492 dicesve
1085 1431 1399 1514 protervius
1422 1455 1580 1514 aequo
1599 1478 1613 1505 ,

298 1526 567 1588 Credatur
592 1527 823 1587 nimium
852 1550 1014 1587 causa
1039 1525 1210 1588 fuisse
1234 1550 1460 1587 merum.

1896 1549 1978 1592 ΟΜ)

215 1628 315 1697 Et,
347 1626 526 1697 Bene,
559 1623 645 1684 dic
676 1624 936 1696 dominae;
962 1624 1104 1685 bene
1123 1669 1138 1695 ‚
1172 1646 1295 1684 cum
1326 1647 1439 1707 quo
1470 1622 1706 1685 dormiat
1735 1625 1859 1687 illa:

298 1721 408 1781 Sed
435 1719 573 1781 male
604 1721 677 1804 sit
707 1720 870 1781 tacita
891 1733 1074 1779 mente
1098 1742 1320 1802 precare
1348 1719 1484 1779 viro.

214 1817 315 1889 At,
347 1840 516 1899 quum
543 1814 783 1875 discedet
809 1837 997 1875 mensa
1024 1815 1252 1875 conviva
1279 1830 1522 1888 remota;

290 1917 420 1998 Ipsa
444 1913 551 1974 tibi
580 1935 826 1974 accessus
857 1911 1022 1972 turba
1048 1909 1342 1995 locumque
1374 1911 1561 1985 dabit,

213 2087 344 2137 quam
350 2078 430 2123 illis
441 2077 698 2122 mandatum
711 2078 776 2122 sit.
794 2077 894 2121 Hoc
905 2093 1049 2130 sensu,

213 2145 344 2189 verba
362 2143 432 2188 illa
444 2160 687 2199 procurare,
704 2152 747 2187 et
767 2146 989 2194 mandata,
1007 2151 1052 2186 et

1134 2076 1386 2133 quindecim
1405 2076 1487 2120 alii.
1503 2079 1643 2128 Parte,
1662 2080 1982 2124 unusvatican.

1187 2142 1282 2184 601.
1294 2143 1373 2193 Et,
1395 2143 1532 2193 Bene,
1550 2145 1620 2185 dic
1628 2145 1814 2186 domine.
1828 2147 1999 2188 Domi--

212 2211 350 2252 videre
382 2209 569 2252 maxime
602 2208 779 2266 proprio
808 2207 1051 2265 significatu
1132 2222 1229 2248 nam
1248 2206 1526 2250 scribendum
1545 2207 1764 2261 existimo,
1784 2209 1980 2253 velcon—

213 2273 526 2331 proferrentur.
543 2272 761 2316 NAUGER.

270 2341 364 2398 590.
409 2335 602 2395 Officium
632 2340 832 2391 prestent
867 2351 1058 2391 mensque

208 2405 416 2459 pedesque
447 2417 579 2444 suum.
605 2399 796 2444 Videtur
824 2399 1054 2456 respexisse

216 2467 271 2510 ad
289 2466 395 2510 illud
415 2466 595 2509 Terent.
612 2465 659 2508 in
679 2464 895 2508 Eunucho
916 2481 926 2509 τ

214 2536 331 2578 Neque
342 2545 399 2577 pes
410 2544 514 2576 neque
520 2543 610 2564 mens
620 2534 698 2564 satis
712 2543 809 2564 suum
819 2533 957 2571 officium
963 2532 1053 2565 facit.

271 2599 366 2655 59¹·
395 2596 628 2638 Slirnulata.
648 2593 804 2640 Nescio
822 2610 877 2638 an
892 2609 984 2637 non
999 2594 1057 2637 la-

219 2661 350 2705 tinius
362 2693 374 2716 ,
391 2659 508 2717 quod
528 2660 574 2703 in
591 2658 716 2702 Junii
736 2667 781 2703 et
799 2658 951 2703 decem
967 2658 1056 2702 aliis

217 2734 301 2781 est,
321 2730 420 2770 vino
436 2728 688 2768 stimulante.

263 2792 363 2850 592.
392 2792 560 2834 Faciles
577 2787 744 2844 adftra
764 2791 874 2831 bella
894 2804 1054 2830 manus.

218 2854 380 2910 Regius
401 2862 446 2897 et
471 2870 544 2897 sex
566 2853 631 2896 alii
650 2886 662 2908 ,
671 2852 774 2908 fi'ra
800 2855 924 2896 verba
940 2868 952 2894 .·
971 2851 1055 2896 hoc

218 2926 283 2962 est
300 2950 312 2973 ,
333 2933 489 2962 manus
507 2926 654 2962 cavete
680 2919 796 2961 inter
815 2917 956 2975 jurgia
974 2918 1054 2960 ni-

217 2983 359 3025 mium
378 2990 546 3038 paratas
567 2990 611 3025 et
625 2990 838 3038 promtas‚
853 2998 933 3039 per
951 2998 1055 3039 quas

219 3046 273 3089 ad
282 3045 462 3089 verbera
475 3062 498 3088 a
509 3046 648 3089 verbis
666 3047 877 3090 veniatur.
889 3047 934 3089 H
938 3060 1056 3091 Ems.

224 3113 359 3154 Verba
389 3109 522 3152 etiarn
557 3109 930 3154 Francofurtensis
955 3127 966 3153 2
999 3114 1063 3154 ad

207 3173 312 3228 fita
327 3176 412 3215 tela
432 3188 546 3215 unus
565 3173 736 3216 Heinsii
756 3189 767 3216 ι
785 3174 850 3216 nil
866 3182 1004 3219 muto.

275 3241 368 3298 595.
386 3239 438 3280 Si
453 3253 535 3279 vox
551 3242 617 3279 est
627 3270 638 3288 ‚
655 3243 795 3280 canta.
807 3238 859 3280 Si
869 3242 950 3281 tibi
959 3255 1054 3295 vox,

219 3309 358 3346 canta.
384 3301 768 3346 Francosurtensis.

276 3367 368 3426 596.
388 3368 513 3409 Dole.
534 3368 640 3410 Arte
660 3365 996 3411 commelinian.
1016 3376 1060 3411 et

374 3449 467 3505 II.

1135 2280 1203 2314 tra
1222 2270 1353 2314 libros
1371 2286 1381 2312 2
1397 2279 1447 2313 ut
1457 2287 1609 2326 precor
1620 2276 1759 2315 valere
1773 2275 1982 2319 subintel·

1137 2336 1253 2394 ligas.
1275 2338 1436 2381 Noster
1453 2338 1500 2380 in
1529 2339 1665 2382 Fastis
1684 2353 1721 2382 11
1738 2373 1749 2394 ,
1770 2341 1847 2399 637
1869 2345 1978 2393 :Et,

1136 2404 1238 2443 bene
1255 2417 1332 2444 nos
1342 2435 1354 2453 ,
1373 2404 1474 2444 bene
1492 2408 1551 2453 te,
1563 2407 1714 2458 patrie
1732 2412 1860 2459 pater
1873 2413 1985 2463 opli-

1137 2482 1202 2508 me
1213 2500 1223 2517 ‚
1247 2469 1413 2518 Coesar,
1431 2469 1576 2511 Dicere
1587 2502 1598 2520 ‚
1622 2470 1695 2512 ubi
1711 2473 1812 2513 bene
1828 2477 1872 2514 lu
1888 2489 1982 2529 per-

1137 2547 1289 2587 peram
1319 2531 1528 2576 hactenus
1559 2533 1795 2590 legebatur.
1818 2536 1984 2583 Hzms.

1135 2619 1192 2628 —
1213 2594 1383 2639 Contra
1409 2596 1540 2641 libros
1567 2598 1676 2642 nihil
1711 2602 1981 2646 movendum

1135 2671 1283 2707 censet
1297 2664 1508 2708 Burman.
1523 2689 1581 2698 —
1596 2668 1697 2710 Cum
1715 2685 1794 2724 quo
1805 2673 1987 2714 dormiat

1137 2731 1227 2771 illa.
1259 2727 1310 2770 ld
1332 2737 1396 2772 est
1413 2763 1424 2781 ‚
1450 2732 1635 2774 amatori
1659 2749 1669 2775 z
1696 2732 1828 2776 dubie
1859 2736 1981 2779 enim

1136 2790 1302 2834 dietum
1319 2825 1331 2846 ,
1355 2802 1404 2835 ut
1431 2802 1476 2836 et
1503 2793 1556 2836 de
1579 2795 1674 2837 viro
1705 2797 1836 2852 possit
1860 2800 1979 2855 capi,

1135 2854 1267 2913 idque
1289 2856 1373 2900 dici
1392 2858 1474 2901 sibi
1492 2858 1669 2902 callidus
1688 2862 1871 2906 maritus
1891 2880 1981 2907 cre-

1136 2919 1221 2964 dat.
1257 2922 1323 2965 Ita
1350 2925 1526 2965 dormire
1552 2940 1644 2966 cum
1673 2928 1814 2981 aliquo
1829 2960 1841 2978 ‚
1867 2930 1982 2972 sumi

1137 2985 1283 3031 docuit
1328 2987 1677 3044 diligentissimus
1716 2991 1981 3038 Passeratius

1137 3050 1188 3093 ad
1209 3051 1427 3107 Propertii
1443 3051 1514 3093 lib.
1530 3065 1575 3106 V,
1593 3053 1713 3110 Eleg.
1735 3067 1777 3097 v.

1191 3116 1286 3158 603.
1312 3117 1465 3158 assensa
1492 3121 1664 3159 conviva
1682 3125 1850 3163 remota.
1886 3124 1982 3165 Re-

1135 3182 1252 3229 licta,
1270 3180 1468 3222 Vossian.
1483 3180 1585 3223 Vid.
1599 3182 1756 3226 11Am.
1775 3184 1898 3242 E1.v‚
1915 3205 1980 3232 21.

1189 3243 1284 3297 604.
1311 3244 1451 3284 Turba
1462 3245 1673 3300 locumque
1681 3249 1811 3291 dabit.
1824 3251 1984 3300 locus-

1137 3322 1212 3361 que
1230 3310 1391 3349 dabunt
1404 3323 1417 3350 .·
1434 3323 1548 3351 unus
1570 3310 1709 3354 Vatic.
1738 3313 1857 3370 Lege¹
1869 3347 1880 3365 ‚
1905 3319 1980 3358 lo-

1137 3386 1305 3426 cumque
1319 3373 1484 3415 dabunt
1493 3387 1511 3427 ‚·
1533 3382 1578 3417 et
1598 3374 1658 3419 sic
1677 3375 1707 3418 J
1710 3378 1830 3433 ureti·
1844 3378 1977 3424 liber:

1676 3463 1737 3515 18
