2268 3776
479 294 740 353 ARTIS
790 293 1268 349 AMATORIAE
1315 296 1479 351 LIB.
1539 296 1669 351 111.

1854 297 1962 352 355

151 415 281 476 Pes
306 411 486 475 malus
511 412 572 472 in
601 410 760 471 nivea
790 432 1007 492 semper
1036 407 1246 471 celetur
1274 409 1459 485 aluta3

256 511 430 573 Arida
459 534 560 572 nec
590 506 787 569 vinclis
816 531 976 568 crura
1004 505 1217 568 resolve
1248 507 1381 568 suis.

179 607 536 670 Conveniunt
564 621 756 667 tenues
786 603 1030 689 scapulis
1057 603 1420 668 analectrides
1446 603 1607 667 altis:

258 705 516 766 Inflatum
547 704 689 765 circa
719 703 888 765 fascia
914 718 1111 787 pectus
1138 717 1242 766 eat.

179 800 400 880 Exiguo
429 801 612 879 signet
642 816 802 879 gestu
834 799 1228 884 quodcumque
1256 797 1545 882 loquetur,

1892 820 1974 876 275

263 899 371 960 Cui
403 898 564 978 digiti
594 899 859 983 pingueS‚
885 914 942 961 et
969 899 1164 961 scaber
1186 897 1392 977 unguis
1423 913 1604 959 erunt:

183 997 289 1059 Cui
318 997 497 1075 gravis
530 997 644 1058 oris
675 997 845 1070 odor,
876 1020 1165 1080 nunquam
1189 996 1377 1079 jejuna
1404 995 1694 1080 loquatur,

263 1096 339 1155 Et
361 1118 576 1178 semper
602 1095 785 1179 spatio
818 1094 985 1156 distet
1015 1095 1086 1156 ab
1120 1118 1214 1156 ore
1242 1094 1363 1154 viri.

183 1194 243 1255 Si
270 1194 454 1272 niger,
485 1209 582 1256 aut
606 1194 832 1271 ingem,
859 1208 955 1255 aut
981 1217 1099 1253 non
1130 1192 1235 1253 erit
1262 1191 1458 1252 ordine
1489 1205 1654 1252 natus

264 1293 419 1353 Dens
448 1292 581 1365 tibi,
599 1291 846 1354 ⁴ridendo
878 1291 1116 1353 maxima
1146 1290 1344 1351 damna
1371 1289 1530 1351 feres.

187 1440 384 1500 Capiunt
404 1440 609 1486 nonnulli
639 1439 692 1484 de
716 1449 905 1485 stercore
929 1439 1047 1484 Cro-

183 1508 313 1554 codili
336 1542 347 1564 ,
381 1525 469 1567 quo
503 1509 741 1559 utebantur
772 1508 928 1566 puellae
947 1541 960 1564 ,
993 1517 1044 1552 ut

185 1573 290 1617 inde
309 1575 419 1618 cutis
439 1573 616 1617 niteret.

242 1655 318 1696 271
327 1670 337 1680 .
358 1640 442 1682 Pes
455 1641 593 1681 malus
606 1641 650 1680 in
667 1642 789 1681 nivea
804 1653 965 1692 semper
973 1654 1046 1681 ce-

186 1706 297 1748 letur
314 1708 448 1748 aluta.
491 1704 605 1748 Albo
625 1704 782 1747 calceo.
817 1703 1045 1747 Juvenalis

187 1767 344 1830 Satyra
354 1782 521 1829 vn,192
529 1803 540 1824 ‚
548 1774 673 1826 ηιξκιε
684 1769 887 1812 meminit
895 1771 1023 1812 aluta
1032 1784 1045 1811 .·

187 1839 384 1881 Adposixam
398 1840 498 1880 nigtae
513 1840 624 1870 lun-m
638 1838 781 1870 subtexit
794 1838 902 1869 nlutae.

191 1898 329 1943 Albos
338 1898 735 1957 calceosAppianus
745 1897 921 1942 videtur
930 1899 1048 1941 Phe-

189 1969 313 2008 casia
323 1963 556 2021 adpellare,
570 1963 641 2006 ubi
658 1963 711 2006 de
732 1963 927 2006 Antonio
942 1964 1045 2020 agit,

190 2030 380 2075 Athenis
408 2030 526 2074 luxui
560 2030 833 2087 indulgente.
862 2032 1050 2073 Phoeca-

188 2101 403 2141 sianorum
429 2092 637 2142 rneminit
669 2104 714 2139 et
742 2094 913 2139 Seneca
937 2094 1049 2139 libro

190 2165 300 2221 VII,
317 2164 371 2209 de
385 2163 636 2219 Beneficiis,
655 2179 746 2221 cap.
764 2176 872 2206 xx1.
888 2164 1051 2222 Pytha-

186 2234 356 2288 eoriws
367 2232 538 2288 quidam
556 2234 715 2273 emerat
731 2245 760 2271 a
774 2233 914 2271 sutore
933 2226 1053 2299 phae-

190 2293 329 2350 casia,
352 2310 437 2338 rem
470 2309 691 2350 magnam,
725 2309 808 2335 non
821 2272 1053 2348 pra-scatt-

191 2362 269 2403 bus
281 2360 796 2403 numm12r.««Phoecas1'atus
805 2357 930 2401 miles
938 2354 1052 2416 apud

189 2424 474 2470 Petronium.
490 2421 664 2469 Flavius
675 2424 914 2482 Vopiscus
904 2440 947 2466 in
964 2423 1054 2468 A'u-

192 2490 378 2546 relianu,
394 2492 562 2534 calceos
573 2493 771 2545 malleos,
795 2504 959 2539 cereos,
983 2491 1055 2531 al-

192 2560 291 2624 bos,
315 2558 538 2601 ederaceos
562 2564 808 2601 recenset.
809 2555 1013 2599 ›Hum-

251 2623 533 2681 272.Vincl1‘s
546 2639 670 2666 crura
680 2624 836 2665 resolve
849 2625 944 2664 tuis.
960 2620 1057 2663 Sues

195 2687 310 2732 bene
343 2695 543 2744 excerpta
572 2686 751 2743 Jureti‚
784 2695 828 2730 et
859 2686 1054 2743 quinque

196 2751 281 2796 alii.
298 2751 432 2795 Libro
448 2752 546 2808 111,
562 2753 729 2796 Pastor.
753 2752 833 2812 293
845 2786 858 2807 ‚
881 2760 930 2795 ut
951 2759 995 2794 et
1014 2750 1059 2794 il-

197 2815 255 2860 lic
272 2817 561 2861 scribendum
581 2831 592 2858 τ
613 2820 769 2861 adhibe
785 2834 865 2860 sua
885 2819 1059 2861 vincula

199 2886 340 2937 captis
361 2896 376 2935 ,·
417 2898 511 2933 non
541 2885 752 2926 adhibeto.
789 2883 887 2926 Suis
924 2883 1059 2927 etiam

200 2945 358 2991 Douza
376 2946 560 3006 legebat.
591 2947 694 2991 Vid.
713 2965 831 3006 supr.
852 2948 946 2991 236.

260 3011 355 3068 273.
390 3015 689 3057 Analectrides
714 3018 832 3058 altis.
873 3014 970 3072 Ego
1006 3013 1061 3058 ad

203 3076 333 3135 Regii
352 3075 510 3135 codicis
526 3111 538 3132 ,
574 3093 705 3122 sacrae
730 3087 942 3136 tanquam
970 3095 1060 3122 an·-

203 3139 350 3185 chorae
369 3175 380 3197 ,
403 3143 662 3200 confugiens
683 3143 946 3201 scripturam
961 3177 974 3200 ,
1007 3148 1062 3188 Τὸ

203 3207 539 3282 analecptnveso,
575 3209 800 3265 geminam
826 3209 1063 3253 lectionem

208 3269 438 3329 designare
455 3272 638 3329 opinor;
661 3274 896 3317 videlicet
885 3291 930 3317 m
953 3291 1068 3318 non-

207 3335 340 3381 nullis
361 3337 608 3390 codicibus,
649 3343 956 3390 analectrides‚
995 3341 1067 3384 ἀπὸ

209 3411 277 3448 τοῦ
290 3404 414 3448 ἄναλέ
404 3425 482 3461 ysne
495 3405 706 3462 scriptum
719 3406 874 3450 fuisse.
895 3406 939 3449 in
955 3422 1067 3450 non-

210 3470 342 3515 nullis
359 3504 370 3526 ‚
394 3475 679 3528 analeplrl’des
690 3507 702 3526 ,
725 3473 797 3516 απὸ
811 3481 875 3518 τοῦ
896 3474 1069 3528 αναλαμ-

1897 1313 1981 1355 280

1130 1443 1254 1486 ὅσὶνιιν
1268 1442 1485 1496 colligere,
1503 1445 1769 1496 restringere,
1787 1456 1989 1487 monens.

1130 1504 1227 1563 Ego
1259 1513 1448 1559 tamen,
1490 1508 1772 1551 analectrides
1798 1507 1985 1563 malim,

1129 1571 1248 1628 quod
1286 1587 1445 1616 earum
1478 1571 1613 1615 etiam
1647 1587 1750 1616 usus
1786 1572 1831 1615 in
1873 1573 1988 1617 lecto

1126 1633 1302 1681 suerit·
1339 1636 1400 1680 ita
1428 1642 1472 1680 et
1507 1640 1788 1701 effidem-peste,
1821 1655 1989 1682 concu-

1128 1705 1248 1746 bine.
1275 1700 1399 1746 Olim
1427 1701 1732 1759 refingebam,
1755 1707 1993 1760 anaclepti-

1130 1770 1204 1811 des
1219 1801 1230 1820 ‚
1253 1768 1325 1811 e'urb
1343 1778 1407 1812 τοῦ
1425 1768 1704 1823 ἀνακλίκτομαι
1716 1801 1729 1823 ,
1752 1773 1963 1814 retrocedo
1979 1787 1991 1813 .·

1130 1831 1227 1886 vel,
1270 1834 1544 1876 anacletides.
1571 1832 1715 1876 Alexis
1753 1832 1990 1890 Comicus,

1130 1897 1246 1958 apud
1267 1893 1544 1943 Athbnoeum
1562 1933 1575 1954 ‚
1595 1899 1665 1943 lib.
1689 1900 1830 1955 XIII,
1853 1902 1993 1945 multa

1132 1964 1186 2009 ad
1207 1981 1302 2008 rem
1324 1964 1454 2009 habet
1469 1998 1481 2019 ,
1504 1974 1548 2008 et
1563 1966 1680 2008 inter
1695 1975 1839 2009 cetera
1851 1967 1905 2010 de
1919 1976 1992 2011 tu-

1131 2045 1258 2074 more
1290 2029 1408 2074 dorsi
1434 2029 1695 2073 cohibendo.
1737 2030 1995 2076 Antoninus

1134 2091 1239 2139 Pius
1253 2094 1404 2153 „apud
1432 2093 1737 2152 Capitolinum
1756 2129 1768 2150 ,
1793 2113 1886 2154 rap.
1910 2098 1959 2141 13
1985 2112 1995 2138 :

1122 2161 1402 2218 sasct'abatur
1409 2163 1593 2203 te'lt'aceis
1608 2164 1765 2204 tabulis
1776 2166 1821 2205 in
1827 2170 1998 2217 pectore

1126 2232 1312 2283 pontis,
1335 2233 1385 2270 ut
1402 2233 1539 2270 rectus
1558 2231 1777 2271 incederet.
1799 2229 1844 2272 H
1851 2242 1969 2274 ems.

1192 2295 1285 2351 274.
1295 2287 1504 2351 Irssatum
1524 2293 1998 2349 czrcumsasctiapectus

1136 2366 1219 2403 eat.
1239 2357 1504 2418 Strophium,
1526 2360 1732 2419 intelligit
1756 2360 1874 2418 quod
1895 2364 1998 2405 luc-

1138 2421 1279 2472 lantes
1286 2428 1482 2482 papillas
1497 2428 1713 2478 vincibat,
1730 2435 1778 2470 ut
1789 2443 1893 2470 cum
1912 2426 1999 2470 Ca-

1138 2488 1247 2534 tullo
1262 2489 1429 2547 loquar.
1446 2489 1618 2535 Nonius
1630 2500 1748 2536 certe
1763 2493 2000 2548 Strophium

1138 2565 1293 2613 vocat,
1315 2556 1514 2613 fasctam
1537 2560 1695 2601 brevem
1710 2592 1722 2608 ‚
1759 2575 1848 2615 quae
1867 2564 1999 2614 virgi-

1138 2622 1277 2667 nalem
1287 2617 1547 2679 papularum
1558 2630 1755 2667 tumorem
1763 2627 1939 2668 cohibet.
1947 2649 2002 2658 ·-

1134 2688 1397 2739 ‚Exuberans
1428 2689 1620 2732 nimium
1658 2698 1809 2747 pectus
1841 2691 1969 2734 fascia
1987 2725 1998 2746 ,

1139 2754 1387 2814 strophium
1407 2766 1619 2802 coerceat.
1657 2757 1831 2802 ornate
1863 2759 2000 2815 magis

1138 2821 1307 2881 poetice
1318 2853 1331 2878 ‚
1350 2827 1424 2866 eat
1438 2826 1565 2866 circa.

1197 2906 1247 2948 27
1254 2892 1292 2933 5.
1319 2891 1490 2944 Exiguo
1511 2893 1652 2945 signet
1673 2895 1796 2944 gestu
1813 2924 1823 2941 ,
1860 2894 1996 2948 quod—

1142 2973 1302 3013 cunque
1321 2959 1518 3012 loquetur.
1553 2955 1629 3000 Sic
1665 2956 1831 3015 Regius
1854 2975 1864 3002 :
1887 2975 2001 3002 unus

1143 3021 1384 3065 Vaticanus
1399 3053 1411 3076 ,
1443 3025 1586 3075 signes
1606 3030 1650 3064 et
1669 3025 1852 3078 loqueris
1869 3036 1882 3062 .’
1912 3022 2002 3066 duo

1143 3085 1240 3141 alii,
1255 3090 1380 3141 sigui.
1401 3086 1431 3128 J
1435 3086 1624 3130 anianus
1636 3119 1649 3142 ‚
1663 3092 1820 3143 szgrnat.
1842 3088 2002 3145 Quum

1135 3147 1344 3207 ‘sequenti
1374 3149 1557 3194 disticho
1572 3151 1747 3195 iterum
1777 3157 1994 3210 quuatur,

1145 3217 1212 3260 vel
1228 3218 1673 3274 loqueturrepetatur
1692 3219 2001 3273 Franciushic‚

1136 3281 1358 3337 profatur,
1387 3281 1456 3324 vel
1467 3286 1610 3337 signes
1621 3287 1901 3340 quodcumque
1902 3302 2005 3340 pro-

1135 3347 1276 3402 faris,
1301 3346 1516 3399 malebat;
1528 3357 1594 3391 et
1606 3358 1735 3392 certe
1758 3349 1907 3394 odiosa
1938 3360 2003 3394 est

1148 3410 1366 3466 repetitio
1386 3411 1519 3455 Forte
1538 3445 1549 3466 ,
1573 3417 1852 3471 quodcumque
1861 3416 2005 3471 joca-

1149 3482 1239 3530 tur,
1262 3476 1331 3518 vel
1341 3477 1524 3531 jocetur.
1547 3478 1711 3523 BURM.
