2268 3776
269 267 332 335 14
708 275 772 332 P.
828 276 1132 331 ovlnu
1175 276 1556 336 NASONIS

337 383 445 443 Vix
473 407 505 444 a
534 398 587 445 te
617 386 802 447 videor
828 412 989 470 posse
1020 405 1201 453 tenere
1229 416 1439 455 manus.
1961 430 2008 457 ιο

259 479 397 558 Quae
421 480 525 541 tibi
554 482 664 542 sint
691 482 934 544 facienda
960 501 1139 547 tamen
1156 534 1169 561 ,
1197 513 1491 567 cognosce3
1521 514 1621 551 nec
1646 493 1812 553 Euris

335 577 422 635 Da
448 599 593 649 mea,
625 601 725 638 nec
750 579 950 661 tepidis
978 582 1141 642 verba'
1168 583 1388 645 ferenda
1418 585 1596 646 Notis.

254 673 399 732 Ante
428 673 576 745 veni,
611 698 774 756 quam
803 676 911 747 vir;
935 701 1034 737 nec
1066 679 1227 760 quid,
1259 681 1305 740 si
1334 682 1545 741 veneris
1575 697 1698 743 ante
1716 730 1732 754 ,

333 770 518 829 Possit
543 770 631 847 agi
659 771 817 832 video
843 796 856 831 :
887 773 978 832 sed
1012 788 1192 834 tamen
1222 788 1346 834 ante
1374 775 1514 835 veni.

257 863 445 943 Quum
467 865 668 946 premit
696 864 788 925 ille
820 879 1032 940 torum,
1063 868 1219 928 vultu
1249 892 1429 930 comes
1459 871 1580 953 ipsa
1603 871 1854 932 modesto
1959 890 2006 931 15

330 962 473 1034 Ibis,
504 977 569 1022 ut
595 962 916 1036 adcumbas;
946 964 1084 1025 clam
1111 965 1248 1025 mihi
1278 981 1438 1044 tange
1463 967 1672 1050 pedem.

251 1057 347 1117 Me
375 1073 584 1140 specta,
616 1074 894 1142 nutusque
920 1085 1097 1134 meoS‚
1129 1061 1451 1145 vultumque
1481 1063 1798 1147 loquacem:

329 1153 536 1236 Excipe
564 1154 790 1216 furtivas
807 1203 822 1229 ‚
853 1171 908 1217 et
935 1157 1077 1218 refer
1104 1157 1251 1239 ipsa,
1283 1172 1462 1218 notas.

249 1250 433 1311 Verba
461 1251 766 1334 superciliis
793 1252 910 1313 sine
937 1278 1068 1314 voce
1097 1253 1379 1337 loquentia
1401 1254 1609 1318 dicam:

327 1347 513 1407 Verba
541 1346 687 1424 leges
716 1347 935 1426 digitis,
959 1350 1126 1410 verba
1153 1364 1344 1410 notata
1370 1374 1540 1410 mern.
1957 1382 2010 1410 20

250 1442 440 1522 Quum
467 1442 573 1502 tibi
601 1445 869 1503 succurrit
897 1445 1126 1504 Veneris
1155 1444 1373 1504 lascivia
1400 1459 1633 1518 nostrae,

328 1540 640 1622 Purpureas
668 1554 856 1600 tenero
884 1539 1086 1623 pollice
1116 1555 1277 1619 tange
1307 1563 1488 1618 genas.

248 1636 308 1695 Si
339 1637 473 1719 quid
501 1637 632 1710 erit,
664 1636 730 1696 de
760 1661 847 1696 me
875 1638 1040 1698 tacita
1066 1637 1218 1720 quod
1244 1651 1425 1699 mente
1452 1637 1722 1720 queraris,

304 1804 365 1830 12.
403 1789 583 1842 Tepzmte.
608 1786 713 1830 Duo
733 1787 933 1831 Vaticani
950 1821 961 1843 ,
991 1793 1086 1831 tre-

237 1854 365 1906 pz‘dzlr.
385 1851 539 1895 Douza
557 1860 600 1895 et
619 1852 826 1896 Francius
841 1852 1060 1896 malebant
1072 1886 1084 1908 ,

243 1918 428 1971 rapidum
453 1916 527 1960 sed
550 1916 658 1960 nihil
683 1917 958 1960 mutandum.
981 1918 1084 1960 Duo

244 1982 376 2024 etiam
390 1981 590 2025 Vaticani
606 2014 618 2037 ,
638 1984 729 2026 Nec
742 1999 837 2025 mea
849 1985 906 2025 da
919 1986 1084 2038 tepzdzzc.

301 2062 318 2087 1
326 2047 362 2087 5.
385 2046 516 2099 Quum
521 2052 685 2101 premet
692 2050 765 2090 ille
776 2053 919 2090 torum.
929 2051 1088 2091 Premit

244 2109 492 2153 Puteaneus
506 2143 518 2164 ,
548 2119 592 2153 et
621 2116 824 2154 succurrit
845 2127 946 2154 mox
959 2145 970 2166 ,
1002 2128 1082 2168 pro

242 2180 469 2225 succurret,
492 2184 535 2217 et
548 2179 674 2218 verba
693 2181 807 2230 leges
817 2210 828 2227 ⁷
851 2193 931 2233 pro
944 2181 1082 2233 leges,-

242 2239 464 2294 quomodo
485 2248 529 2283 et
557 2241 867 2297 Neapolitanus
895 2250 938 2285 et
959 2244 1081 2299 opti-

241 2320 338 2346 mus
358 2305 590 2348 Palatinus.
606 2306 737 2349 Forte
750 2340 762 2361 ‚
786 2312 951 2362 tegens:
971 2316 1083 2350 cete-

240 2384 342 2411 rum
361 2369 438 2412 sub
451 2369 500 2412 iis
521 2386 617 2426 quae
637 2381 904 2427 sequuntur,
932 2374 1021 2415 Ibis
1036 2378 1085 2416 ut

238 2435 488 2485 odenathus,
517 2435 731 2478 mendum
751 2437 854 2480 latet
873 2450 883 2477 τ
904 2438 1082 2494 putabat

238 2498 473 2556 legendum
493 2500 535 2542 J.
558 2500 770 2543 Roverius
790 2514 801 2541 ε

239 2573 349 2613 Quum
363 2579 485 2613 premet
500 2573 555 2604 ille
566 2581 687 2613 torum,
698 2575 796 2607 vultu
808 2586 912 2606 comes
924 2576 994 2617 ipsa
1007 2587 1081 2608 mo·-

341 2633 434 2664 desto

279 2693 347 2723 Ibis
365 2704 374 2725 :
393 2700 429 2724 ut
442 2694 615 2725 adcumbes
627 2719 638 2734 ‚
652 2696 735 2727 clam
752 2696 833 2727 mihi
847 2703 940 2738 tange
953 2698 1078 2738 pedem.

239 2753 335 2812 Ego
343 2754 535 2808 mallem,
547 2757 649 2807 Ibis,
662 2761 708 2799 et
716 2760 962 2800 accumbens
971 2762 1081 2801 clam

235 2821 475 2875 mz'bt'tange
481 2822 631 2874 pedem
642 2836 656 2873 ;
671 2821 739 2863 vel
749 2827 799 2862 at
808 2825 1055 2864 accumbens
1067 2838 1080 2865 .·

237 2892 282 2928 et
296 2900 397 2928 mox
409 2918 420 2939 ,
441 2903 506 2929 me
518 2892 715 2942 spectans
729 2896 807 2931 etc.
819 2921 831 2942 ,
854 2892 1012 2943 excipe.

296 2966 357 3005 17.
394 2953 440 2994 V
430 2954 636 3006 ullamque
667 2955 895 3009 loquacem.
924 2952 1079 2996 Malim

236 3011 380 3069 legere
400 3027 411 3054 ε

235 3080 293 3111 Me
308 3087 414 3121 specta
430 3082 606 3124 vultusque
619 3095 705 3115 meos
714 3108 724 3124 ,
738 3091 902 3127 nutusque
915 3085 1078 3127 loquaces,

237 3143 513 3197 quantumvis
531 3144 674 3189 invitis
689 3146 965 3189 membranis.
982 3146 1079 3188 Μο-

234 3206 318 3247 reti
335 3215 483 3249 tamen
498 3208 650 3251 tertius
665 3209 794 3253 habet
804 3243 815 3264 ‚
831 3215 976 3265 specta
992 3212 1078 3252 vul-

235 3277 379 3327 tusque
406 3289 542 3325 meos,
576 3278 810 3331 vultumque
835 3280 1046 3332 loquacem
1063 3307 1075 3330 ,

239 3334 409 3380 Ciofan.
429 3339 475 3381 in
497 3355 587 3382 uno
608 3341 848 3384 Blass'eiano
864 3375 875 3395 ‚
896 3346 1078 3384 vultum-

234 3416 310 3454 que
315 3401 516 3455 fugacem
533 3419 544 3444 :
563 3419 803 3460 perperam.
825 3406 990 3449 HEINS.
1005 3405 1077 3448 Sic

1166 1796 1211 1832 et
1220 1788 1334 1845 apud
1349 1788 1506 1832 Tibull.
1520 1788 1708 1845 reperias
1717 1791 1860 1832 oculos
1870 1791 2008 1845 quua-

1165 1870 1248 1905 ces,
1264 1869 1370 1910 quos
1382 1859 1551 1909 argutos
1571 1853 1661 1898 Cic.
1677 1864 1816 1909 vocat,
1833 1854 1885 1897 de
1904 1855 2005 1911 Leg.

1163 1931 1183 1960 1
1200 1951 1211 1973 ,
1234 1935 1271 1978 9.
1307 1918 1380 1962 Sic
1400 1927 1444 1962 et
1461 1934 1644 1962 manum
1661 1924 1851 1975 argutam
1872 1919 2002 1974 dixit,

1164 1984 1219 2027 de
1235 1983 1359 2028 Orat.
1375 1998 1433 2028 111
1444 2017 1456 2039 ,
1474 1986 1526 2044 59
1538 2017 1550 2038 ‚
1567 1985 1801 2041 quaeverba
1812 1985 2005 2029 scenico—

1163 2065 1264 2092 rum
1273 2066 1395 2093 more
1412 2049 1684 2106 exprimeret.

1222 2132 1282 2174 ¹9·
1328 2117 1464 2158 Verba
1499 2118 1735 2171 supercilitlr
1770 2118 1864 2158 sine
1905 2131 2007 2158 voce

1162 2179 1374 2234 loquentia
1389 2179 1538 2221 duam.
1557 2180 1725 2221 Ducam
1744 2178 1900 2234 opinor
1913 2179 2007 2222 Na-

1162 2259 1315 2286 sonem
1343 2242 1552 2299 scripsisse
1574 2275 1586 2297 ,
1615 2243 1694 2286 etsi
1725 2258 1804 2299 pro
1829 2243 2001 2300 vulgata

1161 2307 1372 2364 scriptura
1393 2307 1661 2351 membranae
1682 2324 1835 2351 omnes
1854 2315 1970 2350 stant
1992 2323 2003 2350 ε

1160 2376 1340 2426 suspiria
1352 2405 1362 2423 ‚
1398 2375 1596 2426 gemitum
1608 2406 1619 2424 ,
1653 2374 1801 2425 fletum
1829 2375 2001 2424 ducere,

1160 2436 1316 2492 passim
1335 2436 1525 2479 obvium.
1582 2436 1618 2479 ic
1636 2439 1784 2492 longas
1801 2438 2004 2491 infletum

1160 2505 1309 2546 ducere
1324 2519 1473 2554 voces,
1517 2549 1529 2559 Β,
1555 2502 1662 2559 irgil.
1683 2516 1756 2557 1v,
1784 2503 1886 2545 AEn.
1910 2503 2004 2557 463.

1161 2568 1220 2610 Et
1250 2584 1331 2625 ego
1359 2568 1430 2611 hic
1449 2561 1599 2610 ducam
1624 2569 1875 2623 praeferrem
1901 2584 2003 2611 cum

1162 2631 1348 2674 Heinsio
1366 2664 1378 2685 ,
1406 2632 1441 2674 si
1461 2632 1572 2674 ullus
1599 2631 1733 2674 codex
1753 2631 1970 2674 addiceret
1990 2647 2000 2674 :

1161 2695 1236 2738 sed
1251 2695 1459 2751 quidquid
1473 2695 1611 2752 prima
1623 2696 1767 2738 fronte
1781 2695 2001 2738 blandian-

1161 2767 1234 2802 tur
1241 2759 1345 2813 haec,
1357 2760 1593 2804 accuratius
1606 2760 1894 2817 perpendenti
1908 2776 2003 2802 ver-

1160 2825 1214 2867 ba
1232 2858 1243 2880 ‚
1271 2834 1489 2882 suspectus
1508 2835 1572 2869 est
1590 2826 1707 2870 locus
1726 2839 1736 2867 ε
1758 2825 1860 2882 quid
1881 2826 2002 2869 enim

1159 2899 1262 2933 sunt
1280 2894 1406 2933 verba
1421 2893 1631 2947 loquentia
1644 2924 1655 2940 ,
1683 2891 1750 2934 vel
1770 2894 1965 2945 loquacia
1978 2895 2002 2935 ,Ρ

1159 2977 1214 2989 -·
1232 2954 1304 2998 Sic
1316 2955 1562 2999 Burmann.
1575 2955 1773 3011 quidem:
1787 2954 2000 2998 dolendus

1158 3035 1262 3063 vero
1277 3052 1289 3075 ,
1310 3020 1383 3076 qui
1403 3036 1496 3063 non
1513 3020 1694 3063 senserit
1714 3035 1845 3076 quam
1866 3019 1999 3076 inge-

1159 3083 1279 3126 niose
1306 3083 1376 3126 hic
1395 3084 1554 3128 Noster
1573 3087 1701 3127 verba
1716 3083 1893 3126 inducat
1908 3087 2001 3124 sine

1158 3165 1260 3191 voce
1294 3148 1470 3204 quidem
1491 3181 1505 3204 ,
1539 3148 1616 3193 sed
1642 3148 1740 3194 solis
1765 3150 2000 3204 supercum-

1160 3213 1393 3269 loquentia.

1213 3293 1278 3320 20.
1327 3280 1462 3322 Verba
1492 3281 1606 3333 leges
1646 3280 1805 3333 dzffl‘tztr.
1839 3274 1996 3318 Tibull.

1159 3355 1331 3396 quoque
1347 3373 1359 3395 ,
1384 3354 1467 3396 111,
1491 3341 1559 3383 El.
1576 3342 1629 3396 4,
1653 3342 1700 3393 4ι
1724 3351 1733 3378 :

1157 3409 1217 3439 Sed
1229 3415 1400 3451 postquam
1412 3409 1537 3440 fuerant
1554 3410 1650 3451 digiti
1665 3418 1738 3438 cum
1753 3415 1830 3437 voce
1843 3404 1952 3436 locuti.
