2268 3776
648 314 1048 374 AMORUM
1099 316 1148 372 1.
1201 315 1453 374 ELEG.
1511 317 1695 403 xv„
1972 319 2037 396 73

256 434 510 518 Tityrus,
543 447 599 494 et
626 432 839 513 fruges,
872 434 1178 516 AEne'iaque
1208 456 1358 494 arma
1386 432 1668 512 legentur,
1987 452 2042 493 αῖ,

339 532 519 593 Roma
552 529 879 613 triumphati
911 529 1043 608 dum
1074 543 1242 614 caput
1270 529 1426 590 orbis
1456 530 1577 591 erit.

257 629 453 691 Donec
478 642 642 689 erunt
671 627 828 706 ignes
858 650 1127 711 arcusque
1153 625 1452 711 Cupidinis
1481 650 1657 699 arma,

337 722 638 785 Discentur
664 724 904 798 numeri,
940 723 1086 785 culte
1115 721 1374 796 Tibulle,
1411 724 1510 784 tui.

263 818 456 882 Gallus
487 835 543 882 et
574 821 892 906 Hesperiis,
925 835 982 882 ct
1013 819 1208 882 Gallus
1237 834 1407 881 notus
1434 822 1595 894 Eois,

339 918 413 978 Et
443 941 543 979 sua
573 941 699 980 cum
734 917 898 979 Gallo
925 933 1061 979 nota
1090 917 1320 1002 Lycoris
1351 916 1472 979 erit.
1992 932 2047 976 3ο

257 1015 439 1094 Ergo,
473 1039 647 1099 quum
680 1014 887 1090 silices,
923 1039 1098 1100 quum
1127 1015 1264 1077 dens
1297 1014 1562 1099 patientis
1591 992 1757 1075 aratri

338 1115 656 1202 Depereant
683 1140 830 1192 awo,
864 1117 1105 1179 carmina
1132 1131 1310 1179 morte
1343 1131 1546 1179 carent.

259 1207 477 1280 Cedant
505 1218 845 1280 carminibus
874 1242 1058 1299 reges,
1088 1243 1392 1303 regumque
1425 1217 1732 1303 triumphi:

343 1319 520 1383 Cedat
550 1335 606 1383 et
634 1320 858 1384 auriferi
879 1322 1002 1408 ripa
1029 1323 1193 1386 beata
1221 1324 1380 1404 Tagi.

259 1421 408 1485 Vilia
433 1424 667 1487 miretur
694 1424 895 1506 vulgus
922 1451 934 1488 :
965 1426 1103 1487 mihi
1133 1426 1305 1488 ssavus
1334 1425 1547 1511 Apollo
1997 1440 2052 1483 35

342 1525 552 1590 Pocula
579 1527 830 1591 Castaliae
858 1528 1027 1614 plena
1054 1530 1334 1591 ministret
1363 1553 1520 1613 aquae
1549 1552 1563 1603 3

315 1701 384 1746 25.
422 1702 606 1761 Tityrus.
632 1702 804 1761 Virgilii
825 1703 1029 1748 Bucolica
1049 1703 1118 1748 si-

262 1765 452 1825 gnificat.
471 1788 527 1800 —-
540 1767 759 1824 Etsruges
774 1768 978 1812 meliores
997 1768 1093 1812 libri
1107 1784 1118 1812 ε

262 1839 308 1876 et
317 1830 400 1877 hoc
410 1832 568 1877 rectius
578 1831 694 1876 haud
708 1832 837 1877 dubie
851 1865 863 1888 ,
881 1849 969 1891 quo
984 1849 1117 1878 omne

261 1896 513 1956 Georgicon
546 1906 859 1957 argumentum
891 1907 957 1943 est
985 1914 1119 1942 com-

261 1962 409 2020 plexus
425 1979 437 2016 ς
459 1965 619 2019 Μόνη
637 1964 759 2008 enim
775 1973 820 2009 et
840 1963 894 2008 ad
909 1964 1119 2009 arborum

260 2027 390 2073 foetus
409 2028 728 2074 reserebantur.
750 2029 845 2087 Qui
858 2035 1023 2087 segetes
1043 2046 1119 2075 re-

261 2093 408 2152 posuit
423 2126 436 2149 ,
458 2094 715 2152 respiciebat
735 2095 911 2139 initium
930 2096 1121 2155 Georgi-

262 2173 374 2203 con:
397 2159 667 2216 Qm'dsact'at
675 2164 804 2205 Ioelas
815 2167 1002 2218 segetes,
1027 2178 1120 2207 non

262 2220 516 2267 recordatus
534 2222 616 2267 illis
635 2224 735 2268 solis
755 2226 988 2270 materiem
1009 2242 1118 2272 car-

263 2286 397 2332 minis
410 2287 615 2349 Georgici
628 2299 767 2336 totam
781 2309 874 2336 non
888 2310 979 2338 esse
995 2310 1122 2338 com-

265 2351 468 2409 plexum,
483 2354 561 2398 sed
577 2355 657 2399 alia
669 2357 940 2415 subjunxisse
956 2358 1009 2403 ad
1023 2375 1122 2404 rem

208 2458 211 2461 ,
266 2417 486 2474 requisita.
503 2420 670 2466 Hnms.

322 2482 548 2533 26.0nb1s
566 2490 657 2530 en't.
675 2488 800 2539 En's,
822 2488 1015 2545 optimus
1034 2491 1124 2534 Pa-

265 2544 451 2604 latinus,
464 2556 508 2593 et
521 2565 637 2595 unus
650 2551 819 2596 Moreti
834 2569 943 2611 ,pro
953 2553 1124 2600 diversa

268 2608 471 2656 lectione.
490 2613 630 2657 Imm.

322 2677 389 2720 28.
401 2678 648 2723 Dis-centur.
661 2680 1124 2741 Italegendum‚quid-

266 2742 372 2799 quid
406 2742 576 2789 codices
609 2745 849 2791 obturbent
873 2780 884 2803 ‚
931 2764 1120 2806 quorum

266 2808 395 2853 multi
409 2843 421 2865 ,
441 2812 659 2854 dicentur-⁰
678 2827 785 2855 nam
800 2813 926 2870 pueri
942 2823 987 2858 et
1004 2815 1124 2872 puel-

266 2873 319 2919 le
334 2873 400 2918 his
418 2875 685 2921 carminibus
701 2877 1025 2923 imbuebantur.
1050 2879 1123 2924 Sic

267 2939 423 2996 puellis
434 2941 687 2986 commend.
703 2943 801 2987 Tib.
815 2957 898 2999 111,
911 2944 1010 2988 Art.
1020 2945 1122 2989 333:

266 3015 525 3060 Btterneissipo
557 3021 1007 3066 rmnlgsePr-oprt

308 3077 1079 3125 SivealiuqidGalli,‚1Yhuue,mum.

323 3155 391 3200 ²9·
419 3142 559 3185 Notus
577 3144 696 3186 Eois.
715 3143 783 3186 Ita
800 3158 817 3186 1
831 3176 843 3198 ,
870 3143 968 3188 Art.
988 3146 1093 3202 537:

269 3207 395 3250 Vesper
409 3215 441 3240 et
453 3210 527 3241 Eom
541 3221 660 3242 novere
675 3212 841 3254 Lycorida
853 3219 957 3245 tenn-

274 3268 425 3313 Credo
439 3279 620 3328 propter
632 3273 937 3328 praesecturam
949 3307 962 3329 ,
992 3291 1125 3332 quam

268 3335 318 3379 in
330 3335 526 3395 AEgypto
541 3345 729 3393 gesserat
743 3369 756 3392 ,
778 3353 875 3394 quae
889 3338 942 3382 ad
957 3338 1127 3384 Orien-

273 3407 382 3444 tem.
402 3400 585 3444 DouzA.

326 3465 393 3522 34.
422 3466 721 3524 Αιινψνίηζιια
740 3470 868 3513 beata
893 3469 1014 3526 Tagi.
1033 3471 1128 3516 Bc-

1196 1707 1329 1760 m'gnae
1345 1737 1356 1756 ,
1379 1703 1659 1756 Puteanus,
1681 1709 1811 1758 atque
1832 1698 1902 1744 alii
1920 1714 2053 1742 com-

1198 1769 1344 1828 plures
1391 1784 1482 1813 non
1525 1765 1867 1812 contemnende
1905 1774 2021 1808 note
2043 1777 2054 1804 :

1199 1834 1318 1894 quod
1340 1834 1524 1893 arripuit
1551 1833 1787 1879 Salmasius
1809 1830 1860 1875 ad
1891 1831 2056 1875 Histo-

1198 1901 1311 1945 riam
1348 1901 1593 1959 Augustam
1619 1912 1629 1940 :
1670 1907 1714 1943 at
1742 1897 1849 1941 mibi
1883 1894 2056 1954 vulgata

1199 1966 1329 2012 lectio
1367 1966 1504 2023 magis
1544 1965 1767 2023 probatur.
1819 1965 2057 2018 nempe„-

1199 2030 1320 2074 enim
1334 2064 1346 2087 ‚
1378 2046 1459 2089 pro
1480 2030 1637 2082 fertili,
1625 2048 1635 2057 ·
1660 2032 1851 2077 beatum,
1849 2038 1859 2048 ·
1876 2043 1958 2085 pro
1977 2025 2056 2069 di-

1200 2095 1287 2140 vite
1317 2096 1432 2154 apud
1455 2097 1645 2154 optimos
1669 2103 1868 2138 auctores
1898 2092 2054 2151 passim

1200 2161 1391 2206 sumitur
1420 2179 1431 2206 :
1461 2176 1731 2227 quamquam
1764 2169 1808 2203 et
1836 2162 2058 2214 benignam

1201 2227 1261 2271 sic
1294 2227 1409 2271 sumi
1442 2211 1884 2285 possit.1·11311<s.—
1910 2226 2057 2267 Beni-

1198 2309 1326 2349 gnam
1345 2297 1506 2348 ustam,
1528 2293 1619 2349 jam
1640 2290 1877 2335 Salmasius
1896 2306 1948 2334 ex
1967 2304 2059 2346 op-

1203 2358 1314 2402 timo
1343 2357 1491 2402 codice
1527 2357 1719 2401 restituit
1736 2389 1749 2411 ,
1783 2355 1837 2399 ad
1870 2353 2058 2412 Capitol.

1203 2423 1374 2467 Pertin.
1403 2439 1495 2481 cap.
1524 2440 1571 2466 12
1594 2439 1605 2467 :
1636 2422 1695 2466 ita
1715 2429 1872 2466 contra
1900 2420 2059 2465 Senec.

1205 2488 1387 2547 Hippot.
1410 2490 1461 2544 14
1483 2500 1495 2528 ε

1678 2566 1784 2606 Super
1798 2564 1938 2607 tqmlm

1242 2627 1385 2660 labitur
1397 2637 1490 2669 agros
1502 2626 1594 2669 piger
1605 2651 1615 2666 ,
1633 2634 1666 2657 et
1689 2626 1816 2658 steriles

1244 2689 1354 2721 Amne
1367 2689 1515 2731 maligno
1529 2689 1614 2720 radit
1628 2699 1753 2719 arenas.

1204 2749 1265 2794 Et
1284 2750 1345 2794 ita
1364 2753 1569 2806 benignus
1587 2766 1690 2807 ager
1718 2748 1890 2792 Alcinoi
1910 2764 2057 2806 supra,

1206 2817 1274 2861 El.
1295 2831 1323 2860 x
1337 2850 1349 2872 ,
1379 2818 1444 2861 56.
1469 2817 1661 2860 Retineo
1682 2825 1831 2859 tamen
1851 2848 1864 2869 ,
1893 2818 2021 2858 beata
2039 2828 2057 2867 3

1204 2898 1309 2926 nam
1321 2899 1413 2926 non
1435 2882 1489 2926 de
1503 2882 1722 2926 fertilitate
1735 2914 1747 2935 ,
1773 2880 1849 2925 sed
1869 2880 1925 2924 de
1945 2880 2058 2923 divi-

1202 2950 1275 2993 tiis
1289 2982 1302 3005 ‚
1326 2951 1432 3006 quas
1444 2964 1603 2992 aurum
1617 2947 1918 2992 subministrat
1933 2981 1946 3003 ,
1969 2948 2061 3005 agi-

1206 3023 1279 3058 tur
1298 3027 1309 3054 t
1329 3022 1379 3057 ut
1398 3017 1517 3057 dives
1543 3015 1689 3069 Tagus
1701 3013 1893 3057 Martial.
1908 3028 1959 3067 x,
1988 3013 2058 3058 16:

1204 3080 1370 3135 aunfer
1384 3079 1530 3122 eidem
1543 3093 1625 3129 xn,
1647 3079 1690 3134 3,
1706 3088 1752 3122 et
1771 3079 1873 3122 aliis.
1894 3079 2059 3122 Buam.

1261 3143 1327 3187 36.
1362 3145 1565 3186 Castalia·
1577 3159 1706 3200 aque.
1727 3144 1795 3187 lta
1811 3144 2060 3201 scripsimus

1207 3224 1310 3253 cum
1326 3208 1463 3251 altero
1476 3208 1681 3252 Politiani
1696 3242 1709 3265 ,
1726 3210 1826 3266 quia
1839 3210 1930 3253 sere
1947 3225 2060 3253 sem·

1206 3289 1287 3330 per
1316 3272 1504 3316 Ovidius
1527 3277 1700 3329 plenum
1735 3270 1839 3318 cum
1869 3275 2062 3331 genitivo

1206 3339 1435 3383 construit.
1456 3339 1571 3383 Fast.
1591 3354 1610 3382 1
1626 3373 1638 3395 ,
1662 3342 1742 3396 474
1761 3356 1772 3382 :

1249 3408 1315 3439 Ore
1331 3408 1429 3440 dabat
1442 3419 1520 3440 vero
1534 3410 1679 3439 carmina
1691 3410 1786 3450 plena
1797 3409 1873 3441 Dei.
1891 3410 2027 3442 Hans.

1210 3468 1312 3513 Vid.
1337 3483 1513 3527 quoque
1533 3470 1631 3516 Art.
1652 3469 1800 3516 Amat.
1822 3484 1861 3515 11
1879 3503 1892 3527 ,
1921 3471 2016 3515 316.
