2268 3776
521 301 784 357 ARTIS
838 299 1307 355 AMATORIAE
1345 302 1507 357 LIB.
1549 304 1680 357 111.

292 417 515 479 Nesciat
543 415 776 477 arbitrio
798 413 1007 476 femina
1037 413 1211 475 docta
1231 438 1375 476 meo.

1895 303 2009 378 359

1921 438 2006 479 320

210 512 354 572 Saxa
378 510 629 594 ferasque
659 509 775 594 lyra
803 510 981 571 movit
1008 509 1381 593 Rhodopeius
1415 511 1680 595 Orpheus
1699 558 1716 586 ‚

289 609 692 691 Tartareosque
723 607 903 682 lacuS,
930 607 1406 692 tergeminumque
1439 631 1647 671 canem.

210 703 351 765 Saxa
377 717 477 765 tuo
504 718 699 778 cantu,
727 704 927 766 vindex
951 705 1258 787 justissime
1289 705 1509 780 matris,

286 802 561 863 Fecerunt
586 826 778 863 muros
809 802 1061 865 officiosa
1087 826 1283 865 novos·

207 898 478 979 Quamvis
508 914 697 962 mutus
726 915 873 974 erat,
899 901 1024 963 voci
1051 901 1247 964 favisse
1274 914 1509 985 putatur

1916 921 2002 964 325

286 995 494 1068 Piscis,
523 996 772 1058 Arioniae
796 996 989 1060 fabula
1019 1013 1156 1060 nota
1183 997 1331 1083 lyrae.

201 1090 370 1154 Disce
401 1091 566 1155 etiam
594 1093 804 1177 duplici
835 1095 1070 1175 genialia
1090 1094 1280 1158 naulia
1308 1094 1494 1180 palma

282 1190 515 1251 Verrere
540 1214 554 1251 ε
583 1191 924 1253 conveniunt
953 1192 1215 1255 dulcibus
1243 1192 1338 1255 illa
1362 1194 1523 1276 jocis,

200 1283 285 1344 sit
317 1284 422 1345 tibi
454 1283 779 1347 Callimachi
798 1334 814 1360 ‚
842 1287 916 1349 sit
945 1289 1052 1350 Co‘i
1082 1305 1219 1352 nota
1248 1305 1427 1375 poetae
1447 1338 1466 1366 ‚

281 1380 368 1441 Sit
401 1405 628 1466 quoque
657 1383 842 1444 vinosi
870 1385 1007 1446 Te‘ia
1034 1387 1203 1448 Musa
1231 1387 1398 1448 seniS.
1914 1405 2000 1448 330

195 1476 343 1538 Nota
372 1477 447 1538 sit
472 1493 525 1539 et
556 1478 825 1562 Sappho:
853 1480 991 1564 quid
1013 1483 1162 1545 enim
1187 1482 1446 1546 lascivius
1474 1481 1617 1545 illa?

280 1574 451 1636 Cuive
479 1590 639 1659 pater
667 1576 804 1638 vafri
835 1577 1051 1641 luditur
1077 1596 1194 1644 arte
1226 1583 1397 1645 Getae.

248 1745 342 1789 323.
362 1746 482 1789 Saxa
500 1752 571 1790 luo
594 1752 745 1801 cantu,
767 1750 927 1792 vindex
936 1751 1049 1805 jus—

192 1812 356 1854 tissime
382 1816 530 1855 malris
560 1821 642 1857 etc.
685 1813 757 1857 De
790 1814 1047 1872 Amphione

193 1877 336 1934 agitur
350 1910 365 1934 ,
400 1878 626 1923 Thebana
650 1880 761 1924 arcis
778 1881 1009 1925 conditore
1032 1915 1046 1938 ,

191 1944 265 2000 qui
276 1944 520 2003 Antiopem
534 1955 726 1991 matrem
740 1948 914 2006 egregie
931 1947 1048 1993 ultus

189 2017 255 2054 est
273 2043 285 2062 ‚
316 2010 500 2070 adligata
521 2011 655 2057 Dirce
670 2046 686 2068 ‚
706 2029 804 2071 quae
828 2013 947 2057 illam
968 2014 1046 2058 diu

187 2077 469 2136 multumque
510 2089 741 2125 vexaverat
755 2113 770 2136 ,
813 2089 1045 2125 taurorum

187 2142 463 2202 sylvestrium
490 2145 654 2189 caudis.
676 2146 794 2190 Rem
812 2147 929 2190 varie
949 2163 1047 2190 nar*

187 2216 290 2252 rant
304 2209 619 2269 Hygin.Fabb.
629 2212 859 2268 7—8-1553
875 2221 920 2254 et
936 2213 1047 2255 Pau-

187 2288 278 2317 san.
301 2271 506 2318 Corinth.
522 2289 600 2328 νη
623 2283 668 2318 et
688 2275 855 2319 Boetic.
875 2289 991 2320 xvu.

242 2339 337 2395 324.
364 2342 572 2398 Officiosa
593 2358 738 2386 novos.
766 2344 889 2386 Duos
906 2342 1046 2386 Pala-

184 2405 306 2450 tinus
320 2422 438 2452 unus
457 2422 468 2452 t
487 2408 606 2452 unde
620 2408 835 2453 Heinsius
850 2408 1021 2467 legebat
1031 2443 1046 2465 ,

183 2477 293 2515 tuos.
328 2471 418 2515 Sed
441 2472 552 2517 nihil
574 2473 857 2518 mutandum.

239 2538 337 2582 326.
371 2538 565 2583 Arioniae
594 2540 757 2596 fabula
795 2548 900 2586 nola
931 2544 1047 2601 (rte.

183 2605 351 2649 Fabula
377 2605 561 2664 quidem
577 2627 599 2658 ‚·
623 2616 669 2651 et
696 2616 747 2651 ut
769 2608 828 2651 ait
849 2609 1014 2653 Noster
1029 2641 1042 2665 ,

181 2678 290 2714 nota
308 2671 422 2715 satis.
455 2671 572 2715 Vide
594 2679 746 2715 tamen
775 2688 873 2729 quae
894 2672 949 2717 de
968 2673 1045 2716 illo

184 2734 354 2795 Hygia.
392 2736 498 2780 Fal).
534 2739 625 2797 194.
654 2738 832 2781 Mentio
864 2753 1044 2795 quoque

179 2801 312 2859 apud.
343 2803 548 2860 Propert.
581 2803 628 2846 ΙΙ
644 2835 659 2857 ,
683 2802 806 2861 Eleg.
833 2817 953 2859 xxv,
974 2804 1042 2862 37.

237 2867 541 2925 327.Genialia
548 2872 697 2912 naalia
705 2871 868 2924 palma.
880 2869 951 2913 De
967 2885 1043 2912 na·

181 2932 276 2977 hliis
291 2965 303 2987 ‚
325 2941 371 2977 et
385 2934 511 2990 quale
524 2935 874 2995 instrumentum
890 2935 935 2979 id
953 2936 1009 2980 sit
1026 2969 1041 2990 ,

181 2997 391 3042 Politian.
405 2998 505 3043 vide
520 3031 535 3053 ,
564 3001 751 3045 Miscell.
774 3004 826 3055 14
842 3035 855 3057 ,
881 3003 956 3059 qui
983 3002 1038 3046 de

180 3063 267 3109 hoc
293 3064 391 3109 loco
421 3065 586 3122 prolixe
621 3068 832 3112 tractavit.
862 3069 1040 3112 Mlcu..

180 3151 236 3163 ·—-
254 3131 415 3174 Nabiia
430 3131 560 3174 multi
578 3130 686 3175 editi
706 3141 751 3176 et
768 3132 857 3176 duo
867 3133 1038 3190 scripti:

180 3199 368 3249 lamina,
406 3196 656 3251 Palatinus3
687 3202 836 3242 nubila
851 3233 862 3249 ,
905 3199 1037 3253 alius3

181 3262 260 3307 sed,
288 3265 438 3306 nault'a
466 3263 613 3320 major
638 3279 739 3320 pars
765 3264 970 3308 codicum
993 3273 1039 3309 et

182 3328 398 3373 editiones
406 3329 729 3386 antiquissimae.
741 3330 845 3373 vid.
857 3331 1038 3388 Pignor.

184 3393 240 3436 de
263 3394 388 3438 Serv.
409 3411 451 3451 p.
476 3395 551 3453 167
570 3428 581 3450 ,
606 3395 686 3452 qui⁴
702 3395 795 3440 haec
814 3395 940 3440 valde
956 3397 1037 3441 im·

185 3460 365 3517 plicata,
393 3469 439 3506 et
460 3477 557 3518 quae
574 3470 733 3519 egeant
754 3462 1006 3508 Alexandro
1019 3497 1037 3521 ,

1131 1752 1316 1809 quinon
1332 1750 1477 1810 gladio
1490 1749 1698 1805 dissecet,
1715 1747 1791 1793 sed
1809 1748 1992 1806 explicet

1128 1817 1297 1861 calamo
1316 1825 1361 1860 et
1378 1816 1585 1861 dissolvat
1601 1848 1613 1870 ,
1637 1823 1800 1859 censet.
1820 1815 1988 1873 Lampe

1128 1882 1184 1927 de
1213 1883 1423 1944 cymbalis
1457 1884 1677 1928 Veterum
1701 1915 1714 1938 ‚
1749 1898 1845 1942 pag.
1883 1900 1957 1940 ¹¹7
1977 1917 1987 1932 .

1129 1946 1184 1991 de
1208 1947 1420 2009 cymbalis
1437 1948 1577 2006 capit,
1621 1956 1666 1991 et
1694 1953 1849 1991 uertere
1868 1964 1991 2006 prae-

1127 2014 1214 2057 sert
1235 2015 1248 2054 ε’
1274 2029 1357 2072 ego
1390 2014 1532 2057 fateor
1554 2029 1627 2057 me
1657 2028 1750 2057 non
1773 2013 1875 2057 satis
1898 2013 1989 2057 haec

1126 2078 1385 2138 intelligere.
1410 2079 1574 2124 Buan.
1605 2102 1661 2112 —
1701 2080 1870 2121 Vemm
1889 2077 1989 2121 ele—

1127 2153 1283 2202 ganter
1306 2145 1470 2204 Regius
1486 2178 1498 2200 ‚
1519 2154 1565 2189 et
1587 2144 1929 2188 Arundelianus.

1182 2209 1278 2256 330.
1307 2214 1375 2255 Sit
1390 2228 1548 2268 quoque
1565 2215 1712 2265 vinosi
1733 2212 1838 2254 Teia
1857 2210 1990 2253 Musa

1125 2282 1241 2319 sem}
1263 2279 1389 2332 (nota
1409 2277 1521 2331 tibi.)
1546 2276 1776 2320 Amatoria
1792 2292 1986 2333 praeser—

1127 2341 1209 2385 tim
1225 2341 1402 2386 videtur
1419 2342 1680 2386 intellexisse
1693 2375 1707 2397 ‚
1731 2357 1829 2398 quae
1848 2342 1988 2399 scrip-

1125 2415 1244 2451 serat
1276 2407 1512 2452 Anacreon
1532 2441 1546 2462 ,
1593 2416 1639 2451 et
1669 2408 1797 2451 nobis
1827 2407 1987 2451 invidit
2047 2405 2054 2413 '

1126 2481 1382 2529 temporum
1403 2473 1581 2528 iniuria.
1602 2473 1673 2517 De
1695 2472 1776 2517 illis
1795 2473 1857 2517 sic
1878 2471 1984 2517 Cri-

1125 2535 1233 2591 tias,
1256 2535 1372 2594 apud
1389 2535 1558 2581 Athen.
1575 2550 1664 2581 ¹111
1679 2569 1695 2593 ,
1719 2554 1761 2595 p.
1777 2536 1863 2581 600
1879 2570 1893 2592 ,
1914 2537 1984 2581 ed.
2051 2533 2056 2538 “

1129 2600 1317 2646 Casauh.

1125 2670 1202 2712 Τὸν
1231 2673 1271 2712 δέ
1288 2668 1509 2723 γυνααὲιων
1527 2669 1671 2724 μελέων
1698 2671 1886 2725 *xiguam
1909 2671 1982 2711 :b-

1138 2786 1147 2802 .
1177 2732 1214 2778 τ’
1233 2736 1337 2794 ᾠδὰς
1354 2766 1369 2788 ,

1122 2803 1246 2854 Remu,
1267 2789 1516 2857 Ᾰνακρέιοντοε
1536 2803 1641 2850 Τι’ως
1653 2832 1669 2855 ,
1688 2822 1723 2844 κ.
1742 2821 1777 2845 τ.
1794 2808 1828 2843 λ.

1121 2888 1178 2898 -
1207 2867 1313 2908 Τεία
1331 2881 1467 2909 musa.
1494 2866 1612 2909 Teos
1645 2865 1860 2923 oppidum
1894 2865 1979 2909 10-

1121 2931 1208 2976 niae
1221 2964 1233 2986 ,
1249 2932 1302 2976 ab
1319 2931 1591 2975 Athamante
1602 2931 1834 2975 conditum
1849 2948 1860 2975 :
1874 2931 1978 2975 hinc

1127 2999 1172 3040 ,Τ
1164 3001 1256 3041 eius
1271 3031 1283 3049 ,
1299 3014 1350 3049 a,
1371 3013 1452 3040 um.
1468 2996 1679 3054 Intelligit
1693 3006 1843 3041 autem
1861 2997 1983 3040 Ana·

1120 3073 1352 3108 creontem
1380 3071 1558 3120 poetam
1588 3063 1804 3123 lyricum,
1838 3080 1973 3121 quem

1107 3131 1191 3176 -hic
1205 3136 1394 3177 vinosum
1407 3146 1546 3174 senem
1562 3140 1703 3185 vocat,
1721 3139 1974 3188 propterea,

1119 3205 1170 3241 ut
1197 3196 1373 3240 videtur
1389 3228 1405 3251 ,
1447 3196 1567 3253 quod
1601 3198 1671 3252 (ut
1699 3196 1858 3241 Suidas
1891 3198 1970 3251 ait)

1119 3266 1326 3325 συνέγραψε
1342 3263 1579 3334 παροίνιοὶὶγε
1596 3266 1691 3319 μέλη
1708 3269 1774 3307 καὶ
1790 3264 1945 3320 ἰάμὸους
1957 3296 1971 3317 ,

1117 3337 1185 3374 καὶ
1202 3333 1252 3374 τὸ
1274 3332 1485 3385 καλούμενα
1503 3333 1782 3392 Δνακρεέντεια.

1172 3396 1266 3439 332.
1282 3398 1410 3440 Cuive
1415 3401 1542 3451 paler
1555 3404 1636 3442 etc.
1650 3397 1917 3440 Terentium
1928 3395 1975 3439 in

1119 3463 1326 3522 telligunt
1349 3463 1642 3521 interpretes;
1665 3463 1743 3508 sed
1761 3480 1843 3522 ego
1865 3463 1979 3507 Me·-
