2268 3776
692 323 1110 382 REMEDIA
1157 322 1525 378 AMORIS.

219 441 582 529 Amphilochi
611 441 803 512 frater,
830 463 900 500 ne
930 437 1181 518 Phegida
1210 462 1426 522 semper
1452 452 1686 510 amaret,
1932 452 2019 507 4:35

307 540 589 604 Callirhoe
619 539 750 600 fecit
775 552 932 622 parte
963 549 1182 620 recepta
1210 535 1334 594 tori.

223 642 298 702 Et
324 639 492 701 Parin
522 639 761 698 OEnone
793 657 1041 696 summos
1071 632 1345 694 tenuisset
1376 632 1446 693 ad
1476 655 1655 692 annos
1672 678 1688 706 ,

304 742 366 804 Si
391 766 507 802 non
535 739 775 801 GEbalia
804 737 1001 823 pellice
1035 737 1163 799 laesa
1190 735 1354 797 foret.

225 844 498 928 Conjugis
529 843 774 928 Odrysio
805 841 1107 927 placuisset
1129 839 1307 900 forma
1335 853 1568 922 tyranno
1595 862 1609 911 ;

306 947 415 1009 Sed
438 945 636 1008 melior
665 945 862 1007 clausae
891 945 1067 1006 forma
1097 942 1307 1004 sororis
1337 956 1469 1003 erat.

1937 956 2021 1013 460

223 1051 381 1132 Quid
403 1074 596 1112 moror
622 1048 888 1133 exemplis
907 1094 922 1122 ,
955 1070 1197 1131 quorum
1226 1068 1313 1106 me
1342 1043 1507 1105 turba
1536 1042 1776 1122 fatigat?

306 1155 635 1216 Successore
662 1177 811 1214 novo
841 1152 1083 1212 vincitur
1114 1149 1297 1210 omnis
1328 1172 1499 1210 amor.

215 1251 450 1320 Fortius
476 1283 503 1319 e
529 1256 721 1318 multis
749 1271 924 1317 mater
960 1254 1234 1316 desiderat
1262 1277 1471 1325 unum,

306 1361 493 1442 Quam
523 1361 612 1421 cui
640 1359 776 1421 flens
803 1357 1000 1420 clamat
1020 1404 1035 1432 ,
1064 1372 1124 1417 tu
1154 1355 1294 1417 mihi
1324 1353 1480 1415 solus
1511 1378 1646 1415 eras.

224 1465 308 1525 Ac
338 1487 409 1526 ne
436 1463 582 1525 sorte
612 1477 777 1547 putes
807 1486 951 1522 nova
979 1485 1065 1522 me
1097 1459 1205 1521 tibi
1235 1458 1472 1521 condere
1499 1458 1658 1540 jura3

225 1644 389 1691 Idaeam
407 1679 419 1702 ,
453 1645 652 1690 Dardani
674 1646 821 1690 filiam.
846 1643 1080 1691 Triclinius

223 1713 359 1758 etiam
388 1713 615 1771 Sophoclis
650 1723 1001 1767 commentator,
1025 1712 1079 1756 ad

225 1779 440 1837 Antigon.
456 1796 554 1839 977,
578 1788 743 1834 narrat,
762 1788 936 1822 mortua
955 1776 1081 1820 Cleo-

224 1853 364 1902 patra,
385 1844 683 1903 superduxisse
702 1842 863 1888 Id‘aeam
883 1842 1081 1886 Dardani

224 1911 362 1956 filiam
389 1929 400 1957 ε
423 1911 543 1956 addit
564 1920 713 1956 tamen
737 1910 840 1962 alios
871 1908 1045 1952 tradere
1065 1940 1077 1962 ,

223 1978 319 2022 viva
329 1975 882 2034 etexactaCleopatra,eam
896 1974 1079 2018 duxisse.

222 2043 407 2102 Hygyn.
427 2042 532 2086 Fab.
556 2056 634 2086 xlx
653 2075 664 2097 ,
684 2042 776 2085 sine
796 2040 978 2084 nomine
1001 2056 1079 2082 no-

222 2123 387 2152 vercam
405 2117 556 2158 vocat;
580 2107 654 2151 ubi
680 2106 767 2150 vid.
788 2105 1078 2150 Munkerum.

278 2174 374 2228 455.
392 2173 672 2229 Amphilochi
684 2171 830 2226 frater
845 2180 927 2214 etc.
963 2170 1077 2214 Alc—

222 2254 445 2283 maeonem
457 2237 675 2294 intelligit,
686 2236 778 2293 qui,
788 2252 926 2292 quum
942 2235 1079 2279 occisa

221 2299 365 2346 matre
389 2335 402 2359 ‚
443 2301 564 2359 Argo
581 2301 754 2358 fugiens
775 2299 1042 2358 Psophidem
1063 2331 1075 2354 ,

222 2377 331 2413 tunc
342 2361 555 2426 Phegiam
569 2383 593 2410 a
609 2366 788 2424 Phegeo
804 2365 966 2410 dictam
980 2399 992 2421 ,
1009 2381 1078 2408 ve-

222 2434 358 2478 nisset
373 2465 387 2489 ,
411 2431 732 2490 Alphesibaeam
759 2431 923 2489 Phegei
942 2430 1078 2474 filiam

223 2515 408 2543 uxorem
437 2497 559 2542 duxit
581 2514 592 2541 :
625 2497 695 2540 cui
721 2497 839 2539 inter
867 2504 1012 2539 cetera
1032 2503 1078 2539 et

222 2567 376 2610 matris
407 2565 572 2610 monile
600 2565 719 2609 dono
748 2563 881 2608 dedit.
918 2565 1078 2607 Postea

224 2647 365 2690 quum
382 2631 487 2675 hinc
499 2630 633 2674 etiam
646 2665 655 2680 ,
681 2629 931 2687 quippeubi
952 2628 1011 2672 illi
1029 2628 1077 2671 in

223 2698 316 2742 dies
329 2706 581 2756 augesceret
593 2697 738 2755 potius
752 2711 885 2753 quam
899 2694 1077 2737 minue-

222 2770 349 2805 retur
377 2762 503 2805 suror
519 2794 531 2816 ,
572 2759 806 2817 aufugisset
825 2793 836 2810 ,
877 2757 1076 2802 consulto

224 2819 444 2884 Delphico
463 2825 659 2871 oraculo
676 2859 688 2880 ‚
724 2825 772 2868 in
802 2840 901 2868 eam
930 2823 1078 2880 regio-

223 2907 334 2936 nem
354 2892 474 2935 venit
490 2923 503 2947 ‚
536 2907 622 2948 qua
643 2890 862 2934 Achelous
884 2890 931 2933 in
952 2906 1075 2934 mare

223 2956 433 3013 irrumpit
466 2972 477 3000 ι
505 2955 576 3000 hic
597 2964 641 2999 et
671 2955 867 3000 consedit
895 2955 965 2999 ille
983 2988 995 3010 ,
1029 2963 1077 2999 et

228 3022 509 3068 Callirrhoen
531 3022 715 3067 Acheloi
738 3023 873 3066 filiam
891 3038 1076 3065 uxorem

224 3088 378 3132 habuit
401 3121 414 3144 ‚
452 3104 504 3132 ex
542 3103 629 3144 qua
666 3085 994 3143 Amphoterum
1030 3095 1076 3130 et

226 3153 509 3197 Acarnanem
522 3151 634 3195 filios
648 3151 813 3209 genuit.
829 3150 989 3206 Quum
1001 3166 1076 3193 ve-

225 3235 278 3262 ro
292 3218 497 3262 muliebri
516 3217 706 3275 quadam
720 3216 957 3274 cupiditate
973 3215 1076 3259 Cal-

225 3285 390 3330 lirrhoe
414 3284 645 3344 Eryphiles
671 3283 836 3328 monile
866 3299 1075 3327 summo-

225 3369 332 3411 pere
360 3352 440 3396 sihi
470 3360 641 3409 optaret
658 3384 671 3407 ,
707 3350 922 3408 Phegiam
947 3351 1004 3394 ob
1027 3349 1075 3393 id

227 3435 447 3476 regressus
469 3418 696 3462 Alcmaeon
715 3451 726 3473 ,
756 3418 808 3461 ab
835 3417 998 3475 Phegei
1019 3416 1077 3459 fi·-

227 3483 292 3529 liis
315 3484 518 3529 Temeno
548 3493 592 3528 et
613 3483 783 3528 Axione
811 3483 973 3528 occisus
998 3491 1073 3528 est.

1938 1476 2021 1531 405

1165 1640 1276 1688 Haec
1304 1654 1439 1701 prope
1473 1648 1517 1684 et
1547 1639 1671 1698 plura
1701 1636 1937 1682 Pausanias
1971 1637 2018 1680 in

1166 1706 1371 1753 Corinth.
1394 1721 1452 1750 xx
1471 1724 1482 1757 ;
1508 1706 1640 1748 Eliac.
1663 1717 1785 1757 xvu,
1810 1716 1952 1755 xv1113
1975 1711 2022 1746 et

1164 1774 1356 1819 Ovidius
1380 1772 1467 1822 IX,
1494 1772 1679 1814 Metam.
1702 1770 1783 1822 400
1799 1802 1810 1822 ‚
1833 1785 1926 1825 sqq.

1217 1843 1312 1898 457.
1332 1843 1393 1883 Et
1407 1841 1534 1882 Paris
1556 1838 1743 1879 OEnoncn
1759 1851 1942 1878 summos
1960 1841 2021 1877 le-

1161 1911 1326 1951 nuisse!
1349 1910 1395 1949 in
1429 1921 1576 1949 annos.
1613 1902 1791 1947 Rectius
1821 1902 1985 1958 Regius
2004 1934 2016 1955 ‚

1160 1975 1292 2016 Parin
1324 1972 1486 2013 OE'none
1504 1985 1518 2013 .·
1544 1968 1661 2011 idem
1684 1970 1748 2010 ad
1762 1982 1897 2009 armos
1916 1981 2020 2009 cum

1162 2038 1255 2082 aliis
1270 2037 1501 2096 plerisque.
1522 2035 1689 2077 Hnms.
1715 2033 1850 2076 Recte
1872 2031 2020 2074 Hein-

1159 2107 1246 2151 sius
1265 2112 1427 2166 :Ipnerc
1443 2103 1563 2146 enim
1587 2100 1762 2159 proprie
1782 2099 1943 2142 mulier
1957 2098 2018 2142 di·

1160 2170 1274 2214 citur
1292 2169 1453 2211 virum.
1475 2165 1589 2208 Vide
1613 2181 1709 2221 quae
1731 2164 1900 2207 notavit
1918 2162 2020 2206 Gu-

1161 2235 1257 2279 dius
1280 2234 1332 2277 ad
1356 2232 1530 2278 Phaedr.
1563 2232 1634 2274 lib.
1659 2232 1702 2274 ΙΙ
1720 2263 1731 2285 ,
1754 2230 1837 2273 sab.
1865 2247 1911 2272 12
1931 2247 1943 2281 ς
1974 2237 2021 2271 et

1160 2317 1242 2345 nos
1276 2300 1329 2344 ad
1363 2298 1557 2356 Quintil.
1589 2296 1713 2340 Decl.
1749 2309 1852 2350 xw,
1885 2295 1910 2338 3
1925 2327 1939 2349 ,
1976 2304 2022 2338 et

1162 2379 1358 2410 ccccvn.
1390 2366 1555 2408 Bunm.

1216 2432 1311 2487 463.
1346 2433 1528 2473 Patrius
1543 2445 1568 2472 e
1583 2431 1726 2471 multis
1744 2433 1879 2470 malet
1895 2429 2019 2469 desi-

1160 2501 1282 2541 dem!
1289 2514 1429 2541 unum.
1444 2496 1610 2553 Regius
1621 2493 2017 2552 praestantissimus,

1160 2565 1328 2605 Foritus
1349 2578 1362 2605 .·
1382 2561 1477 2619 lege
1494 2594 1506 2615 ‚
1530 2562 1707 2603 Fortius.
1735 2561 1895 2608 Fortis,
1919 2573 2018 2614 quae

1161 2629 1303 2673 dolori
1320 2628 1579 2672 moderatur
1597 2635 1641 2670 et
1658 2625 1897 2669 adfectibus
1916 2643 1926 2675 ;
1950 2623 2017 2667 id-

1161 2713 1246 2753 que
1286 2713 1337 2739 ex
1374 2695 1533 2753 placito
1571 2693 1824 2737 Stoicorum
1848 2725 1859 2746 ,
1900 2690 2016 2747 apud

1161 2777 1270 2818 quos
1287 2759 1500 2804 fortitudo
1518 2760 1563 2802 in
1582 2759 1740 2801 robore
1762 2757 1898 2799 animi
1915 2772 2016 2799 con-

1157 2829 1267 2872 sistit
1286 2829 1430 2886 potius
1444 2861 1456 2882 ,
1481 2843 1614 2884 quam
1631 2827 1676 2869 in
1694 2825 1889 2882 corporis
1906 2825 2015 2868 viri—

1157 2895 1252 2938 bus.
1271 2918 1327 2926 —
1343 2894 1512 2937 Firmat
1539 2891 1830 2935 Heinsianam
1846 2907 2013 2934 correc-

1159 2961 1330 3005 tionem
1358 2959 1514 3003 Senec.
1545 2955 1627 3014 Ep.
1649 2958 1702 3001 88
1728 2973 1738 3000 :
1765 2975 1787 2994 «
1812 2955 2018 3013 Cogitavi

1159 3027 1303 3080 enim,
1333 3040 1426 3067 non
1454 3039 1587 3080 quam
1595 3021 1772 3076 forlz'ler
1793 3038 1875 3080 ego
1897 3023 2015 3065 mori

1159 3107 1354 3149 possem;
1375 3088 1453 3132 sed
1472 3104 1605 3145 quam
1622 3088 1692 3131 ille
1701 3087 1880 3142 sortiter
1895 3088 2013 3132 desi-

1159 3157 1313 3200 derare
1333 3171 1406 3198 me
1427 3154 1569 3211 possit.
1585 3173 1606 3192 »
1619 3152 1687 3197 Ut
1705 3162 1823 3198 recte
1841 3154 2012 3197 hlum-

1158 3233 1228 3268 tus
1248 3222 1365 3281 legit.

1213 3287 1308 3343 464.
1340 3288 1476 3341 Quam
1495 3288 1709 3343 quoeflens
1726 3289 1895 3329 clamat.
1918 3287 2013 3329 Re-

1159 3352 1253 3410 gius
1269 3385 1281 3407 ‚
1302 3351 1514 3394 mendose
1530 3367 1541 3394 :
1570 3352 1699 3405 Quem
1717 3353 2014 3407 quoqucflens.

1157 3417 1443 3461 Sarravianus
1456 3449 1467 3470 ,
1485 3417 1685 3472 qut'flens.
1705 3415 1821 3472 Lege
1837 3430 1851 3458 τ
1869 3417 2008 3471 Quam

1157 3485 1348 3539 cuiflens
1369 3485 1537 3527 clamat.
1561 3482 1730 3526 HEINS.
