2268 3776
370 324 467 394 143

823 327 886 378 P.
930 326 1223 382 OVIDII
1265 326 1648 383 NASONIS

357 442 449 502 Sic
477 441 575 501 ubi
605 456 848 514 vexarat,
880 441 1210 525 tepidosque
1239 443 1508 504 refoverat
1537 445 1691 522 ignes
1708 492 1724 517 ‚
2079 466 2126 505 Is)

436 541 654 599 Rursus
685 554 799 598 erat
826 539 970 600 votis
997 540 1168 600 comis
1193 554 1250 600 et
1277 555 1404 622 apta
1428 541 1580 602 meis.

356 638 511 716 Quas
541 635 679 695 mihi
705 635 1032 710 blanditias,
1066 660 1230 719 quam
1260 636 1441 698 dulcia
1468 639 1636 698 verba
1664 638 1919 721 parabat!

417 730 672 802 *Oscula‚
702 732 778 790 Di
804 733 1016 811 magni!
1051 730 1233 814 qualia
1263 747 1509 815 quotque
1540 733 1740 794 dabat!

353 830 442 887 Tu
473 851 724 910 quoque,
757 851 877 910 quae
905 843 1126 888 nostros
1154 829 1390 911 rapuisti
1417 853 1598 912 nuper
1627 830 1862 903 οεεΠοε,

435 931 590 1012 Saepe
618 930 732 990 face
762 930 1022 1003 insidias3
1055 955 1196 1014 saepe
1221 946 1437 1010 rogata,
1461 956 1634 1011 nega:
2073 966 2125 993 ιω

352 1035 427 1092 Et
457 1033 573 1092 sine
603 1056 714 1104 me,
750 1047 875 1093 ante
906 1048 1033 1093 tuos
1058 1034 1369 1117 projectum
1396 1035 1455 1093 in
1483 1033 1672 1116 limine
1694 1049 1883 1118 postes
1902 1081 1916 1106 ‚

430 1137 624 1213 Longa
652 1136 917 1218 pruinosa
944 1135 1155 1214 frigora
1181 1151 1346 1197 nocte
1374 1135 1508 1219 pati.

351 1237 440 1297 Sic
463 1236 600 1296 mihi
631 1235 792 1296 durat
819 1260 998 1309 amor,
1029 1236 1341 1320 longosque
1371 1237 1637 1299 adolescit
1664 1239 1725 1297 in
1753 1262 1887 1305 usus
1910 1262 1923 1296 :

399 1368 401 1370 ·
431 1340 557 1398 Hoc
583 1338 765 1420 juvat3
787 1339 903 1399 haec
933 1339 1101 1399 animi
1129 1354 1262 1399 sunt
1290 1338 1547 1400 alimenta
1573 1340 1697 1400 mei.

351 1442 583 1520 Pinguis
613 1465 789 1513 amor,
821 1441 1165 1524 nimiumque
1194 1457 1390 1525 patens
1408 1489 1423 1515 ‚
1454 1442 1514 1501 in
1544 1442 1704 1502 taedia
1731 1442 1898 1502 nobis
2072 1460 2124 1500 25

428 1544 708 1615 Vertitur3
742 1558 797 1604 et
826 1544 1142 1616 stomacho,
1177 1543 1356 1604 dulcis
1385 1558 1450 1603 ut
1479 1567 1625 1616 esca,
1656 1558 1836 1604 nocet.

349 1648 408 1706 Si
436 1671 723 1729 nunquam
751 1647 980 1707 DanaEn
1007 1646 1295 1707 habuisset
1321 1646 1526 1707 ahenea
1554 1647 1748 1719 turriS‚

403 1845 418 1870 1
429 1830 466 1870 5.
496 1828 567 1870 Sic
579 1829 656 1870 ubi
663 1832 852 1869 vexarat.
873 1827 1007 1870 Forte
1021 1859 1033 1881 ‚
1048 1842 1195 1869 versa-

345 1899 438 1946 rat,·
460 1891 545 1935 vid.
566 1908 682 1948 supr.
715 1891 836 1948 Eleg.
856 1905 894 1933 11
908 1924 920 1945 ,
944 1908 1008 1950 29.
1030 1894 1193 1935 Resol-

345 1962 477 2006 uerat,
501 1955 636 1999 Palat.
656 1964 701 1999 et
721 1956 996 1999 Francosurt.
1014 1972 1195 1999 remove-

343 2027 413 2065 rat
430 2021 676 2065 Sarravian.
693 2029 737 2064 et
755 2019 961 2063 undecim
978 2020 1064 2073 alii;
1076 2037 1192 2064 revo-

344 2092 460 2130 veral
473 2085 679 2129 Politiani
694 2101 704 2128 2
721 2089 956 2141 signaverat,
973 2094 1018 2128 et
1037 2102 1195 2129 emen-

342 2151 497 2194 datum
517 2157 752 2202 renova-rat,
776 2150 945 2194 Moreti
965 2167 1092 2194 unus.

401 2233 417 2258 1
426 2233 461 2272 7.
485 2218 603 2270 Quas
614 2217 960 2259 mt'hc'blanddias
972 2223 1052 2258 etc.
1064 2215 1193 2259 Subit

346 2280 504 2326 Catull.
524 2296 657 2324 carm.
679 2294 733 2336 v,
759 2296 800 2324 v.
824 2297 863 2336 7,
885 2279 940 2323 ad
962 2280 1191 2324 Lesbiam:

380 2358 432 2387 Da
445 2356 491 2386 mi
507 2355 598 2386 basia
613 2355 703 2385 mille
720 2378 730 2395 ,
747 2355 863 2386 deinde
877 2361 1009 2386 eentum
1021 2379 1034 2395 ‚

381 2416 468 2447 Dein
482 2417 573 2447 mille
594 2417 694 2447 altera
710 2440 721 2456 ‚
743 2416 819 2447 dein
837 2417 978 2448 secunda
989 2423 1132 2448 centum.

344 2476 448 2533 Qua
469 2477 523 2520 de
542 2494 591 2520 re
605 2477 847 2534 Martialis,
862 2491 912 2522 vl
923 2510 935 2533 ‚
955 2477 1102 2536 Epigr.
1117 2478 1196 2533 34,-

341 2559 380 2585 v.
401 2560 441 2600 7,
462 2557 557 2587 non
577 2542 762 2586 infacete
782 2559 793 2585 z

337 2618 425 2650 Nolo
439 2624 519 2659 quot
535 2623 650 2658 arguto
663 2617 753 2648 dedit
767 2624 898 2648 exorata
910 2618 1037 2649 Catullo

378 2679 497 2710 Lesbia
512 2689 520 2710 :
537 2688 640 2720 pauca
654 2677 764 2718 eupit,
777 2677 834 2718 qui
850 2689 1026 2709 numerare
1035 2685 1152 2719 potest.

338 2763 394 2774 ·-
419 2742 551 2795 Quam
570 2741 725 2782 dulcia.
745 2737 954 2781 Francius
969 2739 1181 2795 malebat,

335 2821 430 2862 quae
437 2807 594 2854 dulcia,
605 2811 655 2846 ut
669 2810 762 2845 erat
778 2802 823 2844 in
842 2803 1008 2846 Moreti
1026 2803 1180 2859 primo.

393 2885 460 2911 20.
489 2867 721 2924 Soepesace
737 2869 930 2910 insidias.
955 2870 1070 2910 Time
1090 2868 1183 2911 Pu-

337 2944 517 2979 teaneus
535 2967 547 2989 ,
566 2942 610 2976 et
629 2932 775 2990 plures
794 2949 844 2975 ex
861 2933 1182 2989 praestantiori-

336 3000 416 3042 bus
429 2998 499 3041 alii
511 3016 522 3051 3
537 3008 673 3042 recte:
687 3003 785 3041 time
794 3013 866 3040 me
883 2998 959 3040 tibi
972 2997 1180 3053 insidiari,

337 3080 421 3107 nec
438 3064 550 3106 serio
573 3079 733 3107 amare.
749 3065 902 3107 Posset
923 3072 966 3106 et
983 3080 1082 3106 cave
1101 3081 1182 3120 pro

325 3129 432 3184 face
451 3128 546 3184 legi.
567 3129 733 3172 HEINs.
756 3128 851 3186 Ego
869 3143 974 3171 vero
991 3129 1181 3185 explica-

337 3210 436 3237 rem
456 3193 561 3237 illud
591 3199 713 3244 time,
737 3194 894 3238 scilicet
922 3195 1089 3249 mariti,
1113 3194 1182 3237 vel

336 3257 523 3302 custodis
552 3258 615 3301 tui
634 3258 807 3302 insidias
823 3292 833 3312 ,
856 3275 912 3302 ne
941 3269 982 3302 te
1015 3259 1180 3316 depre-

338 3322 537 3366 hendant
559 3339 568 3366 :
588 3322 704 3380 finge
727 3332 767 3366 te
791 3323 835 3365 id
856 3333 1066 3367 metuere.
1088 3325 1139 3367 B.

395 3405 459 3430 22.
488 3391 675 3443 Fmgrora.
705 3390 930 3444 Tempora,
955 3390 1152 3434 Francos.
1166 3422 1178 3444 ,

339 3462 381 3496 et
403 3453 567 3497 Moreti
589 3457 764 3511 primus.

1328 1826 1396 1869 23.
1424 1827 1496 1869 Sic
1506 1828 1758 1869 mibidural.
1779 1826 1902 1870 Malo
1914 1859 1926 1881 ,
1943 1829 2065 1870 duret
2078 1838 2122 1872 et
2178 1868 2182 1874 f

1274 1894 1520 1935 adolescat:
1528 1892 1654 1947 juvet
1670 1891 1813 1938 ,etiam
1842 1900 1886 1934 et
1912 1896 2018 1943 sint,
2043 1909 2122 1936 se·-

1276 1956 1431 2012 quenti
1462 1972 1603 1999 versu.
1639 1954 1773 1999 Certe
1807 1961 1897 1999 sint
1930 1965 2044 1999 extat
2074 1957 2119 1999 in

1273 2020 1564 2077 Neapolitano
1585 2020 1732 2064 codice
1748 2037 1758 2063 ε
1777 2020 1935 2063 deinde
1950 2054 1961 2076 ,
1976 2025 2122 2077 longos

1273 2091 1318 2129 in
1337 2101 1458 2137 usus,
1482 2101 1574 2128 non
1600 2101 1737 2128 annos
1767 2085 1957 2141 optimus
1985 2086 2121 2129 Pala-

1274 2150 1391 2194 tinus
1411 2142 1456 2194 el
1474 2149 1564 2192 duo
1585 2150 1667 2192 alii.
1689 2150 1857 2193 Hnms.

1328 2217 1394 2269 24.
1423 2216 1582 2258 Animi.
1608 2214 1769 2257 Animo
1787 2231 1878 2257 meo
1896 2214 2118 2259 Palatinus

1273 2279 1404 2332 alter;
1423 2287 1467 2322 et
1485 2279 1544 2322 ita
1566 2279 1776 2322 Francius
1796 2289 2053 2323 correxerat.

1326 2347 1392 2387 25.
1422 2347 1602 2399 Pinguis
1620 2360 1749 2386 amor.
1776 2343 1970 2396 Tardus,
1984 2361 2119 2400 quem

1271 2408 1380 2452 nihil
1400 2425 1424 2452 e
1440 2424 1598 2452 somno
1617 2408 1750 2465 possit
1770 2409 1953 2452 excitare
1971 2428 1981 2462 ;
1998 2410 2116 2453 unde

1270 2474 1323 2518 fit
1343 2484 1392 2518 ut
1424 2475 1564 2519 aditus
1592 2475 1647 2518 ad
1675 2490 1780 2519 eum
1807 2475 2002 2532 undique
2023 2494 2115 2533 pa·-

1270 2544 1396 2582 teant.
1418 2539 1576 2596 Inepte
1600 2540 1733 2597 igitur
1747 2573 1759 2595 ,
1782 2542 1856 2597 qui
1869 2547 2022 2596 polens
2041 2552 2115 2584 aut

1267 2606 1425 2654 latens,
1443 2620 1523 2660 pro
1534 2611 1712 2659 patens,
1729 2605 1799 2648 hic
1817 2615 2113 2662 reposuerant.

1270 2668 1376 2723 Quo
1387 2669 1571 2712 diximus
1582 2686 1711 2712 sensu
1725 2702 1736 2724 ‚
1756 2670 1848 2713 Glis
1862 2671 1976 2727 apud
1986 2672 2111 2714 Mar-

1266 2734 1412 2778 tialem
1429 2767 1441 2789 ,
1468 2748 1582 2790 x111,
1606 2735 1752 2793 Epigr.
1775 2739 1852 2779 58:
1928 2780 1931 2783 .

1715 2833 1752 2841 ...
1768 2811 1924 2851 Pinguior
1936 2812 1992 2842 illo

1305 2870 1465 2911 Tempore
1479 2881 1551 2901 sum
1559 2895 1571 2910 ‚
1585 2882 1652 2912 quo
1663 2882 1714 2902 me
1729 2872 1790 2910 nil,
1798 2872 1863 2903 nisi
1879 2883 2025 2911 somnus,
2038 2872 2108 2904 'alin

1266 2952 1320 2963 —-
1341 2932 1602 2987 Nimiumque
1623 2938 1790 2986 patens.
1810 2934 1969 2975 Latens
1982 2967 1992 2983 ‚
2017 2934 2109 2976 Pu-

1265 3002 1469 3047 teaneus;
1505 3004 1548 3039 et
1568 2995 1853 3039 emendatum
1879 3013 2015 3039 manu
2041 3015 2110 3041 se-

1264 3059 1422 3114 cunda,
1430 3066 1584 3115 palens
1598 3078 1610 3104 ,’
1624 3061 1848 3118 quomodo
1862 3071 1905 3105 et
1921 3063 2110 3119 optimus

1265 3123 1488 3168 Palatinus
1511 3134 1554 3167 et
1573 3126 1765 3181 quinque
1785 3126 1879 3168 alii:
1901 3135 1950 3168 ut
1954 3133 2108 3182 palens

1262 3204 1382 3230 amor
1397 3188 1452 3231 sit
1471 3190 1710 3246 expositus,
1732 3190 1786 3233 ad
1809 3207 1941 3247 quem
1967 3191 2106 3235 aditus

1263 3272 1355 3298 non
1393 3256 1698 3301 intercluditur
1722 3274 1731 3301 :
1750 3258 1810 3301 sic
1821 3264 1975 3313 patens
1994 3274 2105 3301 cam-

1262 3337 1365 3377 pus,
1389 3330 1433 3364 et
1453 3338 1549 3378 quae
1571 3323 1750 3367 similia:
1771 3323 1829 3366 ita
1858 3339 2030 3379 quoque
2050 3323 2103 3366 de

1263 3386 1429 3428 Amore
1452 3387 1650 3444 Propert.
1673 3388 1692 3430 I
1711 3421 1722 3442 ,
1747 3387 1865 3443 Eleg.
1888 3401 1936 3430 lx
1951 3420 1962 3442 ,
1986 3403 2064 3446 29:
2124 3441 2126 3444 v

1261 3460 1327 3500 Qui
1343 3472 1407 3492 non
1425 3468 1497 3493 ante
1509 3470 1604 3504 patet
1613 3486 1625 3502 ,
1651 3461 1750 3493 donec
1767 3472 1880 3493 manus
1897 3462 2004 3502 attigit
2018 3473 2099 3493 ossa.
