2268 3776
275 291 378 346 272

729 275 791 327 Ρ.
850 276 1154 333 oviou
1199 244 1586 339 NASONIS

348 387 435 446 Tu
462 402 621 469 pete;
651 387 891 472 dumque
921 409 1100 476 petes,
1133 395 1206 455 sit
1235 396 1339 456 tibi
1370 412 1511 458 tacta
1540 423 1748 462 manus.

271 519 412 579 SINT
443 520 605 580 etiam
636 536 729 582 tua
758 539 885 584 vota
915 526 1032 586 viro
1066 526 1336 609 placuisse
1366 525 1595 612 puellae:

348 614 554 675 Utilior
582 618 726 677 votis
755 618 934 680 factus
965 622 1170 681 amicus
1201 623 1320 682 erit.

1962 650 2043 692 580

266 710 440 784 Huic,
475 713 521 771 si
552 728 700 774 sorte
722 715 914 789 bibes,
947 733 1151 777 sortem
1183 719 1421 780 concede
1451 723 1728 804 priorem:

346 808 493 867 Huic
522 808 683 868 detur
711 812 876 893 capiti
908 813 1129 896 dempta
1158 839 1365 876 corona
1388 832 1504 877 tuo,

265 903 388 963 Sive
421 904 493 963 sit
522 904 779 979 inferior,
812 931 908 968 seu
937 933 1062 991 par,
1096 911 1254 992 prior
1285 914 1469 974 omnia
1492 931 1704 976 sumat:

344 1001 467 1059 Neu
499 1000 722 1063 dubites
752 1001 834 1062 illi
864 1003 1031 1065 verba
1061 1008 1299 1068 secunda
1329 1008 1503 1093 loqui.

262 1100 408 1158 Tuta
425 1099 795 1184 frequensque
818 1103 903 1162 via
922 1117 1005 1162 est
1033 1127 1134 1185 per
1161 1105 1395 1166 amicum
1422 1106 1608 1167 fallere
1639 1112 1874 1169 nomen!
1959 1129 2041 1172 585

344 1197 490 1256 Tuta
517 1197 887 1281 frequensque
918 1199 1047 1260 licet
1075 1200 1149 1260 sit
1177 1201 1262 1260 via
1280 1249 1295 1275 ‚
1326 1202 1532 1263 crimen
1560 1204 1747 1265 habet.

260 1291 396 1353 Inde
423 1311 755 1376 procurator
785 1297 1021 1356 nimium
1052 1322 1276 1381 quoque
1305 1299 1480 1361 multa
1508 1317 1795 1384 procurat,

260 1461 304 1497 et
318 1453 347 1495 J
351 1454 463 1496 ureti
473 1453 607 1497 codex
617 1470 719 1498 cum
731 1454 991 1510 quibusdam
1001 1447 1106 1510 aliis,

258 1525 302 1562 lu
311 1526 589 1576 quoqueparle
597 1523 739 1563 bibas:
751 1529 800 1563 ut
810 1520 890 1577 Ep.
903 1534 1016 1574 XVII,
1032 1536 1083 1578 79
1097 1536 1107 1563 z

462 1618 501 1628 ...
524 1597 627 1628 Modo
644 1597 760 1637 pocula
776 1596 923 1638 proxima
934 1597 1028 1627 nobis

258 1639 386 1695 Sumis,
402 1669 531 1700 quaque
548 1657 614 1688 bibi
624 1681 635 1697 ,
658 1664 695 1688 tu
710 1669 841 1699 quoqne
850 1665 955 1701 parte
970 1657 1065 1688 bibis.

315 1719 406 1775 578.
421 1721 487 1762 Sit
496 1722 579 1761 libi
592 1724 708 1762 lucia
721 1712 882 1762 mauus.
894 1719 1111 1773 Tibullus,

258 1783 370 1828 libro
392 1783 413 1826 I
431 1816 443 1838 ,
469 1783 592 1840 Eleg.
610 1798 660 1828 VI
679 1816 691 1839 ,
714 1787 766 1827 25
786 1801 796 1827 ε

258 1861 346 1900 saepe
359 1859 450 1890 velut
463 1869 604 1899 gemmas
621 1860 693 1900 ejus
710 1859 880 1899 signumve
895 1860 1064 1901 probarem
1079 1883 1091 1899 ,

298 1921 360 1951 Per
372 1931 502 1950 causam
516 1919 648 1950 memini
666 1930 716 1950 me
738 1920 878 1962 tetigisse
892 1932 1035 1951 manum.

317 1982 410 2023 580.
444 1983 604 2023 Utilior
628 1985 751 2024 volis.
789 1984 918 2025 Vobis
949 1983 1111 2040 Regius

261 2046 416 2102 aliique
432 2046 576 2099 multi;
596 2046 671 2090 sed
687 2063 824 2103 quum
837 2048 984 2091 omnia
999 2064 1114 2104 prae-

261 2111 462 2154 cedentia
491 2120 535 2154 et
557 2111 785 2167 sequentia
805 2113 983 2155 tertiam
1001 2129 1111 2169 per-

259 2194 414 2221 sonam
429 2178 655 2234 singularis
669 2178 845 2220 numeri
862 2178 1109 2233 exhibeant,

258 2243 329 2286 hic
348 2259 439 2285 non
460 2243 559 2286 satis
582 2243 803 2299 eleganter
832 2246 951 2286 vobis
979 2244 1113 2286 inter-

258 2309 405 2363 jicitur
427 2325 437 2352 ε
461 2313 570 2351 volis
590 2324 695 2351 vero
716 2309 939 2365 eleganter
955 2310 1111 2366 repeti-

257 2377 485 2416 turzverbis
496 2374 659 2430 Regius
669 2373 922 2429 codex3quae
932 2374 966 2416 si
976 2390 1110 2430 quem

259 2437 487 2480 offendant
500 2471 511 2492 ,
527 2438 670 2495 legere
685 2446 829 2494 posset
843 2471 854 2493 ,
866 2438 1112 2493 uliliorfitr-

256 2506 326 2545 lis.
358 2503 425 2544 Ita
447 2501 571 2556 fitrlu
601 2512 646 2545 et
680 2508 780 2545 vola
813 2503 1111 2547 confuderunt

258 2584 369 2624 saepe
390 2567 551 2610 scribae.
583 2569 749 2612 Hssms.
772 2577 815 2611 et
835 2569 999 2612 Bumvi.

314 2633 408 2675 581.
434 2633 548 2674 Huic
574 2631 741 2685 sz'forle
767 2635 899 2675 bibas.
927 2635 978 2676 Si
1002 2641 1111 2677 sorte

261 2696 450 2740 Puteani
471 2704 514 2739 et
531 2695 736 2753 Scaligeri
750 2705 968 2752 excerpta:
981 2713 1082 2741 vere
1098 2715 1108 2742 :

258 2769 419 2803 notum
439 2759 545 2802 illud
557 2793 569 2813 ,
585 2762 675 2803 Nec
694 2776 822 2814 regna
840 2765 1112 2804 viuisorlz‘ere

259 2829 360 2868 talz‘s
377 2842 389 2868 .·
407 2834 504 2868 tum
526 2834 570 2868 et
589 2825 674 2868 hoc
691 2857 702 2879 ,
726 2827 857 2880 Quem
882 2828 1019 2869 Venus
1038 2844 1111 2868 ur—

258 2896 409 2935 bilrum
437 2896 550 2935 dicet
566 2894 741 2934 bibendi.
763 2882 832 2934 De
854 2891 946 2949 lege
969 2892 1109 2935 Tala—

258 2958 324 3000 ria
345 2958 646 3001 conviviorum
664 2991 675 3011 ,
699 2957 790 3013 jam
816 2957 987 3000 abunde
1013 2957 1108 3000 dis-

258 3033 492 3068 seruerunt
513 3025 713 3067 homines
730 3024 900 3067 eruditi.
922 3024 1086 3067 HEINS.

327 3091 419 3132 582.
464 3092 609 3145 Capiti
637 3093 803 3145 dempta
839 3105 993 3132 corona
1022 3095 1106 3132 luo.

261 3152 416 3196 Douza
424 3154 791 3204 retinebatmt'ssa,
805 3163 848 3196 et
859 3154 1104 3210 explicabat,

262 3234 471 3261 coronam
481 3228 557 3261 tuo
567 3220 692 3275 capiti
703 3227 913 3276 paratam,
925 3218 1107 3262 destina-

262 3293 438 3342 tamque
450 3286 722 3342 illi,impone,
735 3296 943 3342 tanquam
954 3285 1108 3328 melio-

254 3366 360 3394 srem
374 3368 422 3394 ac
435 3351 680 3408 digniorem
689 3351 905 3394 demereri
915 3367 1106 3408 cuperes.

327 3415 419 3458 583.
456 3418 580 3459 Prior
607 3422 746 3460 omnia
771 3422 920 3460 sumat.
957 3419 1108 3460 Omina

1190 1455 1406 1515 Scaliger3
1426 1459 1566 1515 cujus,
1590 1468 1639 1503 ut
1659 1469 1703 1503 et
1722 1461 1753 1503 J
1757 1461 1884 1515 ureti,
1906 1463 2042 1506 codex

1188 1523 1387 1578 sequenti
1401 1540 1544 1579 versu,
1556 1526 1648 1568 Neu
1659 1527 1834 1568 dubz'les.
1854 1527 1942 1570 Pro
1955 1533 2042 1571 εἰμι·

1186 1591 1268 1629 erz'l
1279 1587 1461 1642 zhfhrior,
1484 1589 1648 1647 Regius
1660 1589 1870 1635 mendose
1883 1625 1894 1646 ,
1911 1596 1958 1635 si
1966 1610 2041 1634 vc-

1190 1656 1252 1694 lit.
1276 1650 1391 1711 Lege
1407 1687 1419 1708 ,
1440 1659 1528 1698 sive
1543 1659 1604 1697 sil
1621 1672 1633 1698 .’
1654 1664 1783 1713 atque
1803 1655 1863 1699 ita
1885 1657 2038 1701 decem

1191 1720 1351 1776 scripti.
1374 1721 1542 1766 HEINS.

1247 1785 1338 1842 584.
1363 1787 1498 1828 Verba
1508 1788 1693 1829 secunda
1702 1790 1826 1843 loqui.
1840 1790 2041 1830 Proxima

1191 1852 1318 1891 verba
1353 1851 1575 1896 Palatinus
1597 1886 1608 1907 ,
1639 1853 1752 1895 male
1781 1869 1790 1895 ε
1820 1862 1883 1896 est
1919 1852 2039 1894 idem

1191 1914 1730 1972 quodTerentius,Heaut.
1742 1918 1824 1971 IV,
1837 1931 1902 1971 vl,
1916 1934 1982 1968 223
1995 1925 2040 1959 ct

1191 1978 1379 2036 Adelph.
1397 1983 1532 2036 V,1x,
1547 1982 1596 2038 37
1612 1981 1739 2024 :dixit
1757 1984 2040 2024 obsecundare

1190 2046 1235 2084 in
1253 2047 1347 2087 loco
1360 2079 1371 2096 ‚
1401 2061 1484 2089 nec
1502 2046 1826 2102 contradicere,
1848 2063 1932 2089 nec
1953 2046 2039 2089 ad-

1190 2110 1351 2152 versari
1370 2128 1380 2162 ;
1402 2110 1478 2152 sed
1511 2111 1710 2153 assentiri
1740 2120 1784 2154 et
1815 2113 1908 2167 ejus
1929 2128 2040 2155 sen-

1192 2174 1341 2216 tentiae
1360 2173 1565 2218 accedere
1586 2191 1596 2218 :
1625 2175 1744 2231 quod
1770 2176 1908 2218 scriba
1935 2176 2005 2219 ille
2026 2210 2037 2230 ‚

1191 2239 1264 2293 qui
1289 2243 1486 2293 proxima
1515 2240 1740 2296 supposuit
1761 2273 1772 2294 ,
1811 2240 2040 2297 ignoravit.

1190 2303 1309 2346 Male
1324 2304 1456 2346 etiam
1468 2304 1677 2348 Francius
1694 2306 2041 2360 tentabat,verba

1189 2372 1376 2411 minora:
1397 2385 1493 2425 quae
1513 2368 1599 2412 huc
1618 2369 1727 2412 nihil
1747 2371 1923 2414 faciunt.
1944 2372 1996 2415 Β.

1246 2437 1340 2479 585.
1378 2438 1487 2479 Tuta
1500 2437 1779 2494 frequensque
1796 2443 1868 2481 viu
1884 2445 1951 2481 est
1964 2455 2043 2493 per

1189 2506 1322 2544 amioe'
1352 2501 1511 2556 fallere
1557 2519 1715 2546 nomen.
1754 2503 1857 2546 Fuit
1901 2519 2039 2559 quum

1198 2570 1317 2611 Trita
1332 2567 1612 2624 frequensque
1641 2572 1715 2611 via
1743 2574 1810 2610 est
1834 2569 2037 2624 opinarer

1188 2632 1426 2689 legendum
1447 2649 1457 2676 :
1478 2649 1600 2676 nunc
1633 2633 1742 2676 nihil
1771 2641 1922 2684 muto;
1953 2633 2037 2675 nisi

1190 2698 1308 2753 quod
1337 2702 1516 2740 amttam
1541 2713 1686 2740 nomen
1702 2731 1713 2748 ,
1752 2714 1854 2740 cum
1888 2697 2033 2740 codice

1189 2764 1367 2807 Patricii
1403 2764 1434 2806 J
1439 2764 1529 2806 unii
1570 2773 1615 2806 et
1650 2778 1741 2806 uno
1783 2764 1996 2806 Vaticano
2021 2796 2034 2818 ,

1190 2830 1440 2886 amplector.
1462 2822 1630 2872 HEINS.

1245 2894 1337 2949 587.
1366 2895 1471 2935 Inde
1482 2898 1730 2948 procurator
1746 2896 1916 2935 nimium
1934 2909 2037 2949 quo-

1188 2973 1265 3012 que
1290 2961 1420 2999 mulla
1447 2963 1656 3011 procurat.
1688 2956 1740 2999 Id
1761 2958 2036 3013 persequitur

1191 3022 1376 3066 Ovidius
1386 3057 1396 3073 ‚
1412 3022 1528 3078 quod
1550 3022 1756 3079 proximis
1767 3022 2035 3082 *carminibus

1189 3096 1400 3144 coeperat3
1424 3103 1472 3130 ac
1493 3087 1547 3130 de
1566 3087 1615 3130 iis
1635 3087 1848 3143 loquitur,
1865 3087 1939 3143 qui
1955 3088 2033 3129 sub

1190 3152 1316 3194 amici
1337 3152 1519 3194 nomine
1540 3152 1800 3207 obrepentes
1814 3183 1825 3204 ,
1856 3150 2033 3193 maritos

1187 3218 1363 3271 fallunt,
1388 3226 1540 3274 atque,
1560 3217 1639 3260 illis
1658 3217 1919 3270 absentibus,
1931 3232 2034 3272 pro-

1188 3290 1398 3327 curalores
1411 3283 1550 3326 relicti
1564 3282 1698 3339 (quod
1717 3297 1904 3338 persaepe
1918 3281 2031 3322 inter

1190 3350 1349 3392 amicos
1369 3365 1418 3391 ac
1444 3349 1674 3391 familiares
1703 3345 1870 3401 evenit)
1890 3343 2029 3386 uxoris

1190 3416 1322 3460 etiam
1338 3432 1489 3459 curam
1505 3415 1715 3459 hahentes
1732 3414 1855 3470 plura
1869 3415 2026 3460 curcul,
