2268 3776
295 293 399 347 382

763 290 826 342 P.
872 290 1159 345 OVIDII
1200 287 1573 347 NASONIS

294 410 575 488 QUESTUS
608 429 778 479 eram,
804 407 1061 480 memini,
1084 408 1410 468 metuendos
1440 433 1555 469 esse
1587 410 1834 471 sodales:

370 507 499 566 Non
530 504 706 581 tangit
736 503 886 564 solos
915 504 1021 564 ista
1048 504 1268 587 querela
1295 506 1459 566 viros.

1974 529 2056 569 660

291 599 527 662 Credula
558 600 606 659 si
631 599 828 672 fueris,
860 600 976 661 aliae
1011 615 1106 662 tua
1136 599 1333 678 gaudia
1359 617 1613 684 carpent;
1661 630 1663 632 ·

369 698 444 755 Et
471 694 627 778 lepus
656 694 747 754 hic
778 694 897 755 aliis
924 694 1281 773 exagitandus
1312 695 1431 754 erit.

291 794 420 853 Haec
452 816 704 875 quoque.
726 816 844 875 quae
871 793 1081 874 praebet
1107 791 1309 851 lectum
1338 791 1588 852 studiosa
1612 793 1904 876 locumque
1922 841 1934 865 ‚

372 889 545 949 Crede
571 888 741 960 mihi,
766 913 978 950 mecum
1005 912 1123 947 non
1153 886 1320 947 semel
1350 886 1445 946 illa
1470 886 1592 946 fuit.

289 994 404 1052 Nec
427 990 658 1050 nimium
683 990 844 1050 vobis
873 990 1114 1050 formosa
1140 989 1338 1050 ancilla
1364 989 1673 1049 ministret:

1977 1009 2059 1055 665

371 1094 523 1176 Saepe
553 1093 725 1155 vicem
752 1093 987 1154 dominae
1015 1094 1274 1176 praestitit
1302 1092 1397 1154 illa
1418 1093 1575 1153 mihi.

290 1197 420 1276 Quo
448 1195 596 1256 feror
624 1196 887 1256 insanus?
913 1195 1048 1279 quid
1076 1210 1266 1279 aperto
1298 1210 1519 1279 pectore
1550 1196 1609 1255 in
1640 1197 1859 1255 hostem

371 1298 596 1370 Mittor,
620 1313 675 1359 et
700 1298 906 1358 indicio
938 1299 1150 1381 prodor
1180 1299 1248 1359 ab
1280 1299 1399 1381 ipse
1427 1321 1551 1358 meo
1574 1299 1598 1357 Ρ

287 1404 418 1462 Nou
445 1402 557 1462 avis
588 1402 897 1485 aucupibus
926 1417 1229 1475 monstrat,
1257 1426 1364 1485 qua
1394 1416 1550 1485 parte
1577 1415 1798 1485 petatur
1821 1427 1833 1461 ε

365 1506 496 1564 Non
526 1503 687 1564 docet
715 1504 943 1564 infestas
969 1528 1184 1565 currere
1215 1527 1371 1564 cerva
1401 1526 1577 1565 canes·

1979 1521 2062 1579 670

288 1605 504 1666 Viderit
531 1604 773 1678 utilitas3
804 1621 1076 1689 praecepta
1100 1606 1338 1666 fideliter
1366 1606 1564 1667 edam}

369 1708 645 1768 Lemniasi
674 1707 889 1785 gladios
914 1709 975 1768 in
1002 1733 1123 1770 mea
1149 1708 1260 1769 fata
1289 1708 1452 1768 dabo.

289 1808 531 1881 Efficite,
560 1824 615 1869 et
640 1809 797 1870 facile
825 1825 939 1883 est,
962 1825 1028 1870 ut
1052 1835 1156 1871 nos
1188 1810 1469 1871 credamus
1499 1809 1668 1870 amari
1693 1834 1704 1868 :

287 1986 461 2043 seripti3
494 2002 578 2042 qua
598 1986 784 2030 lectione
805 1986 991 2030 evitatur
1016 1987 1135 2030 idem

288 2069 419 2096 sonus
444 2085 456 2106 ,
489 2053 536 2096 in
555 2069 718 2096 munere
735 2062 779 2096 et
798 2059 947 2097 mutus.
989 2056 1135 2098 Victus

287 2121 388 2168 erit,
422 2116 607 2160 Palatin.

341 2181 435 2224 662.
466 2182 764 2236 Exaguandus
787 2185 877 2224 erit.
908 2180 1136 2225 Proverbii

286 2245 474 2303 speciem
500 2244 644 2288 habet.
696 2245 762 2288 Ita
783 2245 1016 2288 Petronius
1041 2261 1134 2301 cap.

287 2324 439 2355 CXXXI.
454 2330 477 2350 «
490 2311 626 2355 Vides
642 2311 807 2368 inquit,
833 2311 991 2371 Chrysi
1011 2328 1132 2366 mea,

286 2378 406 2422 vides
422 2411 434 2434 ,
458 2378 575 2435 quod
589 2378 679 2422 aliis
697 2378 891 2435 leporem
907 2378 1095 2422 excitavi.
1111 2396 1133 2416 »

289 2444 365 2487 ubi
382 2444 480 2488 vide
500 2460 596 2501 quae
615 2443 697 2486 viri
717 2443 832 2488 docti
846 2443 1135 2487 adnotarunt:

285 2513 500 2564 exagitare
533 2525 638 2552 vero
659 2509 885 2566 proprium
911 2509 959 2552 in
978 2508 1060 2552 hac
1086 2526 1135 2552 re

288 2573 485 2616 verbum.
518 2573 548 2615 J
551 2574 605 2616 ul.
642 2572 803 2631 Obseq.
825 2577 878 2617 de
897 2576 1132 2628 Prodigiis,

288 2655 380 2695 cap.
408 2652 547 2681 Lxxn.
570 2656 592 2676 «
612 2638 725 2695 Lupi
747 2640 952 2696 Exquiliis
967 2672 979 2694 ,
1015 2648 1059 2683 et
1087 2640 1135 2682 in

290 2702 623 2759 colleQuirinali
632 2703 814 2747 meridie
823 2713 1132 2761 apparuerunt,

284 2772 566 2823 exagilalique
582 2767 773 2810 suerunt.
787 2785 808 2804 »
833 2767 995 2811 BURM.

343 2833 437 2875 663.
466 2835 566 2886 Quoe
586 2836 751 2888 ‚prabet
775 2836 924 2875 lectum
944 2835 1136 2875 studiosa

287 2901 507 2952 locumque.
526 2897 595 2941 De
610 2897 747 2940 amica
766 2897 980 2953 intelligit,
1001 2913 1134 2952 quam

291 2962 499 3004 morbum
538 2961 818 3005 simulantem
848 2960 928 3003 alia
959 2960 1103 3003 invisit
1119 2992 1132 3014 ,

289 3031 423 3070 locum
448 3028 500 3070 ab
521 3044 570 3070 ea
591 3037 636 3070 et
654 3029 796 3084 ipsum
816 3031 963 3071 lectum
983 3028 1134 3084 saepius

292 3091 495 3147 petitura.

345 3158 438 3201 666.
459 3160 544 3201 Illa
563 3162 675 3202 mihi.
692 3161 777 3202 Illa
796 3175 880 3201 sua·
900 3156 1133 3201 Bernensis

291 3233 335 3267 et
352 3234 437 3268 tres
457 3225 525 3268 alii
541 3230 736 3280 :proebuil
744 3226 876 3273 etiam
893 3224 1020 3267 multi
1033 3222 1134 3266 :sed

291 3298 563 3344 praecesserat
578 3289 711 3332 modo
724 3294 888 3345 pra-bel.

345 3354 438 3410 667.
462 3357 579 3409 Quid
590 3361 728 3410 aperto
737 3361 902 3410 pectore
919 3360 963 3398 ia
977 3358 1133 3398 hostem

291 3421 448 3464 M’ltor.
469 3424 593 3466 Nitor
621 3421 977 3466 Cavalcantianus
991 3454 1003 3476 ,
1032 3437 1133 3466 cum

1214 1987 1383 2030 duobus
1395 1987 1618 2031 Vaticanis
1636 2004 1648 2039 ;
1672 1986 1789 2044 quod
1810 1987 1983 2030 arridet.
1999 1989 2059 2031 H.

1268 2053 1320 2110 67
1330 2071 1363 2096 1.
1392 2055 1555 2096 Viderit
1565 2057 1740 2098 amnas.
1755 2053 1859 2107 Res,
1870 2062 2058 2111 tempus,

1213 2118 1385 2161 locusve
1398 2118 1644 2162 suadebunt
1657 2118 1775 2176 quod
1788 2119 2060 2176 potissimum

1217 2201 1241 2228 e
1262 2185 1485 2242 praeceptis
1505 2185 1612 2229 meis
1633 2185 1907 2242 sequendum
1919 2185 2060 2242 eligas.

1271 2250 1365 2306 672.
1389 2251 1611 2293 Lemniasi
1620 2253 1787 2306 gladios
1801 2254 1845 2294 in
1860 2268 1951 2294 mea
1956 2250 2062 2306 fala

1216 2315 1341 2356 dabo.
1372 2313 1557 2371 Egregie
1587 2314 1694 2358 Stat.
1715 2315 1855 2358 Theb.
1881 2317 1947 2369 V,
1976 2320 2028 2359 50
2046 2350 2058 2371 ‚

1216 2393 1333 2434 seqq.
1356 2377 1650 2421 Lemniadum
1675 2378 1842 2422 crimen
1862 2387 1906 2422 et
1928 2380 2060 2422 surias

1217 2442 1422 2486 describit
1438 2461 1449 2496 ;
1483 2453 1528 2487 et
1558 2459 1611 2487 eo
1643 2443 1856 2501 pathetice
1892 2445 2027 2502 magis
2046 2479 2058 2500 ‚

1217 2507 1335 2564 quod
1355 2518 1610 2552 narrantem
1629 2510 1766 2566 ipsam
1787 2510 2059 2569 Hypsipylen

1215 2571 1446 2616 induxerit.
1481 2572 1621 2616 Locus
1647 2582 1712 2617 est
1737 2591 1787 2617 ex
1810 2574 2060 2632 insigniori-

1215 2635 1308 2679 bus.
1327 2658 1382 2669 —-
1402 2638 1674 2680 Lemmbdum
1690 2641 1857 2693 gladios
1874 2647 1953 2682 etc.
1972 2639 2061 2682 Re-

1216 2699 1309 2756 gius
1323 2733 1336 2754 ,
1353 2701 1552 2745 Lemnias
1567 2708 1621 2745 et.
1639 2703 1888 2745 Famesian.
1902 2735 1914 2757 ‚
1932 2704 2058 2744 Zem-

1214 2767 1308 2805 nios
1325 2771 1379 2806 el.
1405 2765 1618 2821 Quinque
1640 2767 1891 2809 Lemniades
1909 2780 1921 2806 :
1943 2775 2029 2810 tres
2046 2801 2058 2822 ‚

1215 2830 1457 2872 Lemnzladir
1476 2846 1490 2872 ι
1509 2829 1598 2872 duo
1610 2864 1622 2882 ,
1644 2831 1892 2884 Lemn1‘adi5
1917 2848 2030 2876 unus
2043 2866 2056 2887 ,

1215 2893 1477 2936 Lemniades.

1269 2957 1363 3013 673.
1382 2959 1566 3016 Efficite.
1583 2959 1710 3004 Alter
1729 2961 2027 3005 Mentelianus
2046 2995 2057 3016 ,

1210 3020 1373 3076 efficere
1393 3029 1437 3064 el
1440 3023 1580 3079 facile
1604 3031 1672 3067 est
1689 3039 1700 3062 -’
1728 3027 1840 3069 sorte
1858 3059 1869 3081 ,
1893 3026 2060 3083 efficere

1213 3091 1405 3145 insacili
1416 3097 1481 3133 est
1496 3108 1510 3133 t
1530 3101 1579 3135 ut
1597 3081 1712 3150 supr.
1727 3092 1798 3136 lib.
1821 3107 1838 3135 1
1853 3127 1865 3148 ,
1890 3094 1966 3137 562
1983 3095 2059 3136 :In

1201 3156 1342 3212 sacili
1357 3163 1422 3199 est
1442 3163 1582 3209 omnia
1602 3175 1729 3214 posse
1750 3162 1857 3202 Deo.
1890 3160 2057 3202 HEINS.

1213 3224 1277 3265 Et
1298 3223 1570 3267 commodius
1589 3224 1637 3267 in
1663 3241 1718 3267 ex·
1740 3224 1945 3267 transiret
1962 3256 1973 3277 ,
2010 3232 2060 3265 ut

1213 3287 1382 3344 legatur
1393 3288 1593 3343 exsacilt'.
1606 3313 1662 3321 -
1677 3292 1900 3332 Credamus
1912 3292 2057 3331 amari.

1219 3355 1442 3396 Credantur
1458 3354 1598 3411 prima
1617 3354 1751 3398 editio
1767 3365 1812 3398 et
1831 3369 1944 3396 unus
1965 3354 2056 3395 Va·-

1214 3421 1406 3475 ticanus-;
1431 3431 1473 3464 et
1488 3422 1546 3464 ita
1567 3439 1680 3465 unus
1701 3421 1945 3465 Bemensis.
