2268 3776
306 319 373 353 20

768 297 835 349 P.
887 295 1183 352 OVIDII
1235 295 1610 351 NASONIS

381 412 676 491 Pugnabat
703 412 891 472 tunica
919 410 1015 472 sed
1045 425 1228 471 tamen
1254 410 1349 472 illa
1378 412 1506 491 tegi.

299 515 597 594 Quumque
627 511 703 570 ita
729 524 1031 592 pugnaret,
1065 522 1343 591 tamquam
1370 533 1491 592 quae
1511 509 1727 571 vincere
1748 508 1950 584 nollet,
2017 530 2065 571 15

376 610 538 668 Victa
566 621 649 667 est
673 630 790 665 non
813 629 955 684 aegre
981 605 1298 688 proditione
1324 629 1437 666 sua.

294 711 372 768 Ut
398 707 552 767 stetit
579 719 702 765 ante
733 702 925 764 oculos
951 702 1139 787 posito
1166 701 1431 764 velamine
1460 717 1713 780 nostrOS,

367 805 436 862 In
467 815 587 860 toto
616 823 889 881 nusquam
919 823 1153 882 corpore
1183 799 1384 859 menda
1410 799 1534 860 fuit.

288 900 452 979 Quos
479 898 739 956 humeros
756 941 771 967 ‚
807 894 996 978 quales
1024 895 1137 956 vidi
1168 895 1435 978 tetigique
1463 894 1726 958 lacertos!

363 997 560 1055 Forma
585 991 916 1075 papillarum
947 1016 1112 1074 quam
1140 992 1249 1052 fuit
1279 1007 1410 1075 apta
1437 994 1644 1075 premi!
2009 1030 2063 1058 20

283 1092 469 1171 Quam
498 1089 762 1167 castigato
791 1086 993 1171 planus
1024 1088 1130 1149 sub
1162 1103 1385 1171 pectore
1414 1091 1636 1150 venter!

363 1191 650 1268 Quantum
679 1200 734 1246 et
765 1183 926 1267 quale
954 1183 1127 1244 latus!
1163 1209 1329 1267 quam
1355 1186 1598 1267 juvenile
1629 1187 1838 1249 femur!

280 1285 509 1364 Singula
533 1284 669 1367 quid
697 1282 970 1342 referam?
997 1280 1079 1341 nil
1106 1306 1223 1342 non
1252 1281 1530 1344 laudabile
1557 1284 1698 1358 vidi;

357 1384 433 1442 Et
458 1381 665 1441 nudam
693 1378 871 1461 pressi
902 1402 1107 1460 corpus
1138 1377 1206 1437 ad
1232 1402 1411 1461 usque
1440 1403 1641 1441 meum.

278 1480 470 1540 Cetera
500 1476 625 1560 quis
654 1475 867 1535 nescit?
896 1472 1028 1533 lassi
1056 1473 1429 1554 requievimus
1456 1476 1640 1536 ambo.
2007 1502 2059 1542 25

275 1627 600 1687 bombycinam,
618 1640 780 1680 nempe
795 1621 954 1677 Coam,
979 1630 1054 1665 aut
1071 1638 1134 1665 se-

274 1695 431 1737 ricam:
447 1701 494 1734 ut
507 1689 620 1748 apud
637 1690 794 1731 Horat.
810 1690 908 1731 Cois
924 1691 1128 1742 tibz'paene

275 1763 418 1804 videre
437 1764 527 1809 est,
560 1762 608 1799 ut
626 1757 794 1798 nudam.
821 1753 935 1795 Plin.
954 1753 1028 1795 lib.
1048 1766 1098 1793 VI
1114 1783 1127 1806 ,

275 1842 365 1882 cap.
380 1838 479 1867 xvu
495 1856 506 1876 ‚
531 1821 585 1864 de
599 1819 736 1863 serico
753 1834 763 1862 ε
792 1819 896 1861 Tam
907 1819 1138 1871 multiplici

277 1907 410 1946 opere,
432 1894 518 1930 lam
533 1890 755 1940 longinquo
773 1885 871 1925 orbe
878 1885 1061 1937 petitur,
1085 1885 1135 1922 ut

274 1961 319 1998 in
333 1957 506 2010 publico
526 1954 728 1995 Matrona
760 1947 981 1991 traluceat.
1012 1945 1132 2002 Qui—

274 2021 356 2064 bus
386 2018 541 2063 similia
563 2015 678 2074 apud
699 2013 894 2058 eundem
913 2011 1047 2054 habes
1075 2009 1130 2053 de

276 2094 393 2129 veste.
411 2083 587 2142 Assyria
598 2082 670 2124 lib.
692 2094 740 2123 XI
759 2113 771 2134 ,
793 2095 884 2135 cap.
905 2096 944 2121 2.
962 2078 1132 2133 Perpe-

275 2165 373 2192 ram
395 2157 542 2190 autem
564 2144 740 2202 quidam
759 2144 1001 2199 interpres,
1023 2143 1134 2183 mul-

276 2220 365 2257 lum
383 2229 485 2256 cum
500 2228 597 2254 rara
613 2208 828 2254 construit
843 2241 855 2262 ‚
878 2223 1016 2263 quum
1028 2222 1131 2249 cum

274 2281 459 2322 nocebat
470 2311 480 2323 ,
500 2275 669 2319 debeat.
684 2276 806 2316 Rara
821 2281 969 2315 autem
984 2270 1132 2315 tunica

276 2353 342 2388 est
363 2342 518 2386 eadem
536 2374 547 2396 ,
570 2340 618 2383 ni
636 2339 781 2390 fallor,
808 2353 941 2394 quam
957 2339 1131 2379 Ballam

276 2416 463 2453 tunicam
472 2416 597 2450 vocat
607 2406 789 2449 Plautus
799 2439 809 2455 ,
823 2403 951 2461 Epid.
961 2402 1058 2458 Act.
1066 2416 1103 2445 11
1117 2436 1128 2458 ,

278 2477 348 2520 Sc.
358 2489 411 2529 11,
428 2491 538 2517 vers.
551 2475 603 2526 45
619 2487 630 2514 t
645 2471 719 2514 ubi
735 2469 973 2527 opponitur
984 2473 1132 2532 spissa·

277 2544 440 2584 tunica.
453 2536 632 2581 ἴΗΕΙΝΒ.

336 2607 399 2660 14.
415 2605 646 2659 Pugnabat
661 2602 806 2642 tunica
825 2606 905 2641 etc.
928 2598 1131 2654 Propert.

276 2669 388 2714 libro
412 2682 473 2724 11,
500 2668 621 2724 Eleg.
643 2678 736 2720 ΧΗ,
761 2679 870 2707 vers.
890 2664 937 2717 4:

318 2740 490 2771 Interdum
509 2737 619 2769 tunica
634 2736 730 2767 duxit
746 2741 857 2775 operta
870 2743 1005 2764 moram.

277 2825 333 2834 --
352 2802 405 2843 Se
435 2805 575 2842 lamen
602 2801 681 2841 illa
712 2800 807 2851 legi.
847 2795 936 2836 Sed
959 2799 1099 2836 lamen
1114 2827 1125 2845 ‚

279 2866 493 2910 meliores.
518 2864 591 2907 Sic
610 2871 655 2905 et
676 2861 773 2904 Art.
790 2859 935 2903 Amat.
954 2873 972 2900 1
988 2891 1011 2923 ,a
1022 2858 1129 2901 666:

319 2933 495 2973 Pugnando
513 2931 602 2962 vinci
616 2930 671 2961 sed
686 2936 793 2959 tamen
807 2930 864 2959 illa
877 2929 976 2959 volet.

279 2996 346 3038 Ut
368 3002 412 3036 et
435 2993 495 3036 ibi
526 2991 622 3034 libri
649 2989 854 3033 nonnulli
873 3001 883 3029 z
905 2986 1128 3045 quomodo

278 3060 398 3102 idem
420 3074 521 3100 mox
537 3073 560 3107 :b

318 3131 381 3160 Sed
398 3128 503 3161 voluit
520 3125 609 3156 vinci
626 3125 751 3157 viribus
766 3125 821 3155 illa
834 3131 954 3155 tamen.
969 3123 1103 3155 Hssnls.

337 3207 352 3232 1
362 3192 398 3231 5.
420 3191 520 3241 Qua:
533 3203 652 3243 quum
664 3190 729 3227 ila
737 3191 956 3240 pugnaret.
978 3186 1127 3239 Quum-

276 3271 354 3311 que
383 3259 446 3296 ila
466 3288 474 3302 ‚
510 3252 669 3294 rectius
692 3268 762 3294 sex
785 3250 892 3292 libri.
915 3251 1051 3292 IDEM.
1072 3273 1127 3283 —

282 3323 387 3373 Quoe
403 3323 565 3361 vincere
583 3321 724 3359 nollet.
746 3317 798 3358 Se
811 3320 976 3358 vincere
993 3315 1126 3358 Fran-

276 3384 430 3427 cosurt.
452 3381 583 3425 credo
600 3383 710 3438 pro,
733 3382 779 3423 &1'
794 3382 969 3423 vincere.

335 3466 350 3492 1
360 3466 397 3507 9.
407 3451 520 3502 Quos
527 3449 729 3499 humeros,
742 3449 888 3502 quales
896 3456 975 3490 etc.
987 3447 1122 3490 Recte

1215 1631 1261 1666 et
1280 1622 1504 1681 eleganter
1524 1626 1726 1684 Propert.
1746 1627 1868 1686 Eleg.
1885 1612 1960 1673 cit:
1981 1647 2028 1674 12
2052 1642 2063 1669 τ

1436 1715 1476 1725 ...
1493 1695 1592 1726 Oculi
1608 1702 1684 1727 sunt
1698 1697 1732 1729 in
1744 1709 1852 1729 amore
1867 1698 1979 1730 duces.

1264 1769 1330 1795 21.
1364 1754 1498 1807 Quam
1518 1760 1742 1812 castigato.
1763 1756 1910 1803 Caesar
1923 1773 1962 1803 11
1974 1793 1986 1815 ,
2006 1759 2061 1803 de

1209 1815 1318 1859 Bell.
1342 1816 1452 1861 Gall.
1474 1821 1539 1862 Et
1554 1823 1600 1863 in
1607 1821 1758 1883 sepulc
1773 1826 1923 1867 leviter
1936 1827 2062 1866 casti-

1207 1886 1351 1937 gatus,
1361 1890 1411 1925 ut
1423 1882 1527 1940 legit
1539 1883 1748 1930 Faernus.
1759 1887 1944 1932 BEnsm.
1957 1888 2062 1932 Non

1213 1955 1410 1989 accurate
1429 1947 1528 1991 satis
1544 1980 1557 2002 ,
1578 1957 1628 1992 ut
1641 1965 1724 1994 nec
1739 1960 1857 1995 recte
1872 1951 2063 2008 aliquan-

1212 2009 1357 2052 tulum
1377 2010 1553 2056 dimisso
1570 2046 1582 2068 ‚
1614 2014 1930 2072 interpretatur
1950 2017 2062 2060 Ma-

1212 2074 1322 2118 rius:
1336 2072 1497 2120 melius
1506 2076 1670 2122 dixera‘t
1685 2089 1812 2124 antea
1825 2114 1836 2135 ‚
1861 2085 2063 2125 emenda-

1213 2145 1257 2184 to
1270 2176 1280 2192 ,
1304 2147 1509 2195 correcto,
1536 2143 1751 2188 nimirum
1771 2163 1850 2203 per
1861 2148 2033 2192 fasciam
2049 2182 2061 2204 ,

1215 2222 1300 2262 qua
1319 2216 1610 2254 tumescentes
1630 2219 1676 2255 et
1688 2212 1972 2257 exuberantes
1990 2213 2064 2256 ni·-

1199 2271 1296 2315 —mis
1316 2273 1491 2330 papillas
1508 2274 1705 2319 solebant
1718 2293 1934 2321 coercere.

1268 2337 1336 2396 23:
1364 2339 1447 2381 Nil
1468 2355 1552 2382 non
1577 2343 1793 2385 laudabile
1815 2345 1919 2388 vidi.
1945 2344 2072 2388 Nihil

1211 2404 1462 2450 illaudabile
1496 2403 1632 2447 codex
1667 2406 1979 2464 Neapolitanus
2021 2417 2065 2453 et

1213 2466 1244 2509 J
1247 2467 1446 2511 unianus.
1465 2468 1633 2514 Hams.

1231 2533 1234 2537 ’
1268 2534 1335 2575 25.
1367 2535 1520 2576 Cetera
1543 2539 1636 2589 quis
1663 2541 1803 2579 nescit
1822 2537 1848 2579 ?
1891 2536 2066 2580 Reticet

1213 2595 1434 2653 pudenter
1445 2597 1654 2643 ulteriora
1665 2632 1677 2654 ,
1694 2615 1790 2655 quae
1802 2608 1950 2642 tamen
1964 2600 2063 2643 satis

1211 2660 1375 2704 indicat
1389 2693 1401 2715 ,
1433 2677 1571 2717 quum
1592 2661 1712 2706 addit
1728 2695 1748 2718 ,‚
1774 2666 1890 2705 lassi
1900 2669 2063 2720 reqm'e-

1213 2729 1345 2769 vimus
1365 2729 1500 2769 ambo.
1517 2726 1605 2770 Sed
1626 2726 1673 2769 in
1693 2726 1777 2770 hoc
1798 2744 1851 2770 eo
1868 2727 2061 2771 laudan-

1214 2790 1293 2834 dus
1315 2791 1474 2848 magis,
1499 2808 1587 2848 quo
1607 2791 1686 2835 sibi
1705 2792 1870 2836 facilius
1887 2792 1932 2835 in
1955 2793 2061 2836 tali-

1210 2855 1291 2899 bus
1306 2857 1563 2901 enarrandis
1580 2865 1748 2900 veteres
1763 2856 2061 2914 indulgebant.

1211 2945 1267 2953 —
1289 2920 1601 2966 conferendus
1625 2939 1727 2966 cum
1755 2923 1917 2967 Nostro
1947 2924 2062 2966 Pro-

1211 2995 1320 3043 pert.
1350 2987 1424 3043 qui
1453 2987 1564 3030 libro
1587 3002 1651 3044 11,
1675 2988 1796 3045 Eleg.
1819 3002 1867 3031 x1
1889 2996 1933 3031 et
1952 3001 2021 3031 ΧΠ
2045 3020 2057 3042 ,

1210 3051 1330 3094 idem
1350 3051 1434 3095 hoc
1455 3062 1765 3109 argumentum
1790 3053 1910 3109 prior
1937 3061 2060 3096 trac-—

1209 3125 1375 3159 taverat
1390 3149 1401 3170 ,
1421 3125 1464 3159 et
1480 3117 1642 3160 ovidio
1657 3119 1767 3160 sorte
1780 3122 2059 3170 recitaverat,-

1208 3197 1330 3236 nam,
1343 3190 1393 3224 ut
1404 3181 1579 3238 aitipse,
1597 3182 1730 3226 Trist.
1746 3196 1810 3237 lv,
1826 3181 1893 3224 El.
1912 3195 1956 3234 x,
1977 3183 2029 3235 45
2050 3198 2058 3222 ;

1207 3254 1296 3293 soepe
1314 3263 1390 3284 snos
1406 3254 1522 3283 solitus
1539 3254 1671 3284 recitare
1684 3252 1870 3295 Propertius
1893 3252 1982 3292 ignes
1999 3263 2008 3291 3

1208 3313 1281 3356 ubi
1301 3313 1495 3357 notanda
1525 3330 1626 3358 sane
1649 3313 1819 3371 egregia
1837 3311 1957 3355 verbi
1986 3327 2059 3355 ac·-

1208 3379 1377 3435 ceptioe,
1413 3395 1509 3435 quae
1538 3384 1657 3434 egnes
1678 3387 1802 3422 vocet
1830 3377 2025 3422 carmina
2043 3410 2054 3430 ,

1208 3445 1363 3501 quibus
1385 3445 1573 3489 fideliter
1594 3444 1702 3488 adeo
1731 3446 1949 3487 commissi
1968 3442 2057 3498 spi-
