2268 3776
520 309 909 366 AMORUM
955 310 1080 363 111.
1122 309 1378 366 ELEG.
1437 312 1634 367 XIII.

1871 333 1980 367 212

197 428 458 512 Juppiter
486 441 581 487 aut
607 426 665 485 in
693 448 843 498 aveS,
870 438 964 485 aut
993 448 1049 486 se
1082 426 1438 488 transformat
1466 429 1523 487 in
1548 452 1738 489 aurum
1763 453 1775 500 ;

278 525 396 585 Aut
425 537 570 585 secat
598 521 856 605 imposita
885 522 1099 601 virgine
1129 537 1321 584 taurus
1352 549 1539 608 aquas,

200 622 399 682 Protea
430 619 563 703 quid
591 619 847 692 reseram,
879 619 1257 704 Thebanaque
1288 622 1524 694 semina,
1552 623 1785 684 dentes?
1930 642 1983 684 3.

283 717 398 797 Qui
427 731 710 778 vomerent
736 716 980 779 flammas
1010 742 1136 791 ore,
1165 716 1336 779 fuisse
1363 718 1535 780 boves
1558 721 1581 780 Ξ)

201 813 354 875 Flere
385 814 539 892 genis
567 813 765 875 electra
797 830 946 888 tuas,
970 816 1211 896 Auriga,
1238 817 1503 877 sorores?

283 911 532 994 Quaeque
563 926 709 998 rates
737 911 969 986 suerint,
997 937 1148 975 nunc
1178 914 1345 975 maris
1375 937 1493 975 esse
1521 915 1714 975 Deas?

202 1010 582 1093 Aversumque
615 1009 759 1071 diem
787 1011 995 1072 mensis
1022 1010 1317 1074 furialibus
1347 1012 1547 1072 Atrei?

286 1107 550 1190 Duraque
579 1131 896 1191 percussam
927 1124 1270 1171 saxa·secuta
1298 1108 1471 1193 lyram
1494 1111 1518 1170 ?
1942 1125 1995 1180 4ο

204 1202 336 1263 Exit
363 1203 421 1264 in
451 1204 777 1266 immensum
802 1204 1038 1267 fecunda
1066 1205 1288 1268 licentia
1318 1222 1502 1267 vatum
1527 1233 1538 1267 :

287 1299 522 1380 Obligat
549 1302 816 1364 historica
844 1327 946 1366 nec
978 1327 1077 1366 sua
1102 1304 1270 1367 verba
1298 1303 1423 1365 fide.

205 1399 280 1458 Et
307 1421 425 1459 mea
460 1398 725 1461 debuerat
749 1400 889 1462 falso
920 1400 1141 1463 laudata
1167 1402 1341 1463 videri

288 1497 538 1558 Femina!
567 1498 881 1560 Credulitas
909 1523 1059 1561 nunc
1085 1500 1223 1561 mihi
1254 1514 1434 1561 vestra
1461 1512 1640 1558 nocet.

211 1664 318 1713 puto
335 1690 346 1712 ,
369 1657 571 1702 Deorum
593 1674 748 1703 arcana
766 1676 868 1703 cum
886 1669 1064 1704 morta—

211 1722 322 1767 libus
333 1725 696 1769 communicasset
710 1725 859 1782 :idque
873 1726 1064 1770 ostendit

214 1788 462 1848 Euripides,
478 1789 604 1863 initio
620 1789 791 1835 Orestis
806 1824 818 1847 ,
836 1791 909 1834 ubi
925 1791 999 1847 sic,
1015 1792 1064 1835 8:

482 1866 558 1902 Οτι
575 1863 667 1905 θεοῖς
683 1888 694 1909 ,
723 1858 908 1918 ἅνθρωπος
928 1860 978 1900 ὥν
995 1889 1007 1911 ,

213 1925 355 1969 Kome
374 1922 560 1983 τραπέζης
577 1919 721 1977 ἀξίωμ’
741 1924 839 1977 ἔχων
859 1927 940 1965 ἰ’σον
954 1953 966 1975 ,

215 1973 411 2039 Ᾰκόλαςον
433 1989 525 2042 ἴσχε
539 1991 730 2042 γλῶσσαν,
743 1990 939 2042 αἶσχίςην
951 1990 1068 2031 vinu.

215 2050 318 2094 Vid.
340 2058 385 2095 et
406 2051 574 2112 Hygin.
594 2052 698 2096 Fab.
722 2066 860 2097 Lxxn.

269 2118 338 2173 40.
350 2118 597 2162 percussam
608 2121 754 2179 lyram.
764 2121 992 2163 Percussus
1003 2122 1068 2179 ly-

214 2201 286 2229 ras
298 2185 500 2230 Francos.
515 2185 650 2229 Bern.
670 2185 859 2230 Sarravii
877 2194 921 2229 et
938 2185 1070 2229 multi

214 2249 297 2294 alii.
338 2248 510 2308 Orphei
543 2258 586 2294 et
617 2248 881 2308 Amphionis
906 2249 1069 2293 fabulas

218 2312 403 2372 respicit.

1202 1662 1267 1715 4¹.
1297 1661 1407 1703 Est?
1424 1663 1469 1702 in
1489 1663 1730 1701 immensum
1738 1655 1931 1713 ficunda
1949 1657 2007 1695 ΙΙ·-

1146 1731 1285 1770 centia
1295 1733 1450 1770 vatum.
1461 1726 1566 1769 Duo
1579 1726 1679 1768 Mas
1678 1724 1806 1768 seian.
1811 1724 2006 1778 jucunda

1146 1793 1317 1834 licentia
1331 1796 1485 1834 valum.
1503 1792 1707 1833 Facunda
1727 1787 2004 1834 francofurt.

1148 1856 1371 1911 Scriverii‚
1384 1855 1473 1900 duo
1487 1856 1691 1911 Palatini,
1709 1855 1947 1900 Bernensis
1964 1863 2010 1897 et

1148 1931 1246 1966 octo
1269 1921 1339 1965 alii
1361 1921 1576 1976 :jocunda
1597 1919 1862 1978 quindecim.

1204 1988 1269 2042 44.
1299 1989 1459 2030 Vestra.
1490 1985 1669 2030 Rectius
1688 1986 1748 2030 sic
1771 1985 1816 2028 in
1838 2000 2007 2029 manu-

1147 2053 1314 2111 scriptis
1332 2052 1648 2111 exemplaribus
1667 2052 1826 2110 legitur
1843 2070 1853 2104 ;
1877 2067 2008 2095 men-

1149 2118 1251 2162 dose
1267 2117 1312 2162 in
1325 2117 1416 2162 aliis
1430 2124 1586 2162 nostra.
1606 2116 1874 2174 Adloquitur
1888 2116 2008 2159 enim

1150 2182 1305 2226 rivales
1335 2198 1435 2228 suos
1466 2191 1596 2241 poeta
1619 2200 1628 2227 :
1660 2181 1776 2240 quod
1790 2214 1802 2236 ,
1835 2181 2007 2238 inquit,

1150 2247 1261 2291 meis
1268 2248 1535 2292 carminibus
1546 2249 1738 2291 nimium
1747 2246 2012 2291 credule'suis·

1152 2312 1207 2355 tis
1221 2344 1234 2367 ,
1258 2310 1301 2355 id
1324 2311 1433 2355 mihi
1453 2319 1586 2356 nocet.
1607 2311 1740 2355 MAR-

767 2595 1171 2666 ELEGIA
1231 2596 1467 2665 XIII.

924 2895 1131 2928 Juuoma
1159 2878 1320 2927 sA'an.

239 2998 481 3103 QUUM
503 3028 648 3088 mihi
675 3029 958 3112 pomiferis
987 3031 1190 3112 conjux
1218 3028 1366 3088 foret
1396 3040 1517 3086 orta
1541 3023 1808 3098 Faliscis;

295 3210 330 3236 ι.
346 3192 511 3248 conjux
519 3197 612 3236 orta
619 3195 814 3236 Faliscis.
827 3192 941 3235 Eam
953 3193 1084 3237 Etru-

237 3259 312 3303 riae
334 3267 506 3316 partem
536 3257 783 3302 incolebant
803 3258 984 3314 Falisci,
1007 3260 1083 3316 qui

239 3325 423 3369 omnino
441 3324 595 3368 diversi
618 3340 642 3367 a
654 3325 694 3367 T
697 3324 897 3384 yrrhenis
914 3357 925 3379 ,
947 3326 1087 3369 mori-

239 3391 319 3435 bus
339 3399 383 3434 et
397 3391 491 3447 ipso
504 3405 707 3434 sermone
723 3422 734 3444 ‚
756 3402 887 3446 quam
907 3389 1085 3433 interio—

241 3471 338 3500 rem
357 3455 558 3500 dicebant
576 3487 588 3511 ‚
610 3455 679 3499 vel
698 3453 1085 3499 Mediterraneam.

1170 3192 1361 3237 Celebre
1384 3190 1499 3249 apud
1520 3191 1616 3235 illos
1633 3191 1828 3240 sunonis
1848 3191 2024 3250 Argiva

1166 3257 1383 3314 templum
1400 3274 1411 3309 ;
1444 3265 1489 3300 et
1509 3257 1612 3300 urbs
1629 3258 1832 3314 princeps
1853 3258 1891 3301 F
1892 3258 2022 3300 aleri-

1167 3339 1278 3366 num
1307 3332 1380 3366 aut
1411 3323 1628 3367 Faliscum
1645 3357 1657 3379 ,
1699 3340 1804 3367 nam
1833 3332 2021 3381 utroque

1168 3388 1351 3432 nomine
1372 3404 1397 3431 a
1418 3388 1634 3432 Strabone
1656 3403 1686 3432 v
1701 3422 1713 3444 ,
1736 3390 1784 3444 8,
1809 3389 2019 3447 designa-

1168 3464 1265 3511 tur3
1285 3454 1404 3511 quod
1425 3455 1538 3499 male
1554 3455 1865 3512 interpretatus
1883 3456 2029 3500 Solin-
