2268 3776
319 269 419 322 168

774 267 838 319 Ρ.
895 267 1192 323 OVIDII
1237 267 1624 325 NASONIS

301 383 524 466 Jupiter
552 382 679 460 igne
709 404 810 441 suo
842 380 999 442 lucos
1025 381 1297 463 jaculatur
1326 398 1380 444 et
1406 408 1589 457 arces;
2036 408 2089 448 35

364 475 668 561 'Missaque
694 477 941 561 perjuras
972 474 1078 540 tela
1101 479 1261 539 ferire
1290 495 1454 541 vetat.

301 579 413 638 Tot
438 601 683 650 meruere
704 576 855 659 peti:
881 576 1090 638 Semele
1113 576 1443 639 miserabilis
1474 580 1639 640 arsit:

385 673 587 734 Officio
614 688 698 733 est
725 672 807 732 illi
834 696 998 756 poena
1026 688 1243 756 reperta
1271 697 1393 734 sun.

302 772 380 831 At
407 772 454 831 si
483 785 718 831 venturo
752 794 808 831 se
838 765 1192 831 subduxisset
1224 771 1459 843 amanti,

379 868 511 928 Non
541 882 696 949 pater
718 868 776 926 in
799 868 1019 928 Baccho
1046 868 1238 928 matris
1268 867 1500 928 haberet
1529 891 1687 928 onus.
2034 888 2088 943 40

299 966 456 1045 Quid
488 989 717 1047 queror,
744 979 800 1025 et
830 965 936 1026 toti
962 965 1104 1026 facio
1139 965 1387 1026 convicia
1414 963 1597 1026 coelo?
1652 1037 1655 1039 4

376 1062 453 1120 Di
484 1085 706 1143 quoque
735 1060 946 1121 habent
973 1061 1199 1133 oeulos;
1230 1061 1306 1120 Di
1337 1085 1561 1144 quoque
1591 1075 1784 1143 pectus
1813 1060 2038 1123 habent.

299 1157 358 1217 Si
386 1158 540 1218 Deus
569 1159 687 1241 ipse
717 1157 893 1218 forem
912 1205 927 1230 ,
954 1182 1159 1218 numen
1190 1157 1308 1218 sine
1338 1157 1530 1219 fraude
1554 1157 1744 1219 liceret

379 1263 605 1322 Femina
633 1263 882 1323 mendaci
911 1261 1124 1323 falleret
1154 1286 1249 1323 ore
1273 1286 1475 1323 meum.

296 1367 423 1448 Ipse
455 1389 557 1444 ego
586 1365 823 1447 jurarem
852 1379 1041 1425 verum
1070 1365 1254 1446 jurare
1281 1364 1527 1448 puellas3
2032 1383 2091 1439 45

375 1469 451 1526 Et
476 1490 593 1526 non
625 1465 689 1526 de
719 1466 926 1526 tetricis
955 1466 1162 1527 dicerer
1188 1491 1304 1528 esse
1334 1468 1505 1527 Deus.

296 1571 385 1628 Tu
413 1584 594 1629 tamen
622 1567 847 1628 illorum
874 1568 1212 1630 moderatius
1240 1584 1395 1631 utere
1426 1569 1578 1630 dono
1602 1593 1616 1629 :

375 1667 493 1725 Aut
524 1664 699 1725 oculis
729 1682 872 1726 certe
903 1690 1096 1749 parce,
1128 1666 1316 1750 puella
1335 1714 1350 1741 ‚
1381 1667 1533 1743 meis,

349 1807 416 1851 35.
445 1790 614 1863 Jussffer
635 1813 731 1863 igne
751 1824 829 1850 suo
850 1815 929 1851 etc.
961 1809 1119 1865 Ignem
1137 1841 1149 1862 ,

292 1887 373 1927 pro
394 1871 578 1914 fulmine
595 1906 604 1920 ,
628 1872 733 1927 poni
755 1873 894 1928 poetis
911 1873 1145 1916 utitatissi-

297 1954 438 1980 mum.
461 1937 612 1994 Virgil.
636 1938 740 1980 AEu.
762 1952 803 1992 1,
828 1940 879 1993 42
906 1950 916 1976 :

292 2009 388 2048 Ipsa,
404 2008 495 2038 Jovis
512 2009 663 2048 rapidum
678 2009 819 2049 jaculata
834 2020 851 2039 e
865 2008 1008 2039 nubibus
1023 2009 1145 2049 ignem.

292 2090 348 2102 -·
375 2071 514 2112 Lucos
522 2070 747 2123 jaculatur
763 2075 808 2112 el
824 2086 958 2113 arces.
987 2069 1147 2129 Usita-

293 2144 390 2177 tum
410 2135 886 2188 minusjaculariarces
900 2169 911 2186 ‚
933 2151 1013 2192 pro
1029 2150 1147 2177 arces

298 2200 482 2243 fulmine
516 2207 666 2256 petere
697 2233 708 2254 ,
750 2199 880 2242 ferire
900 2217 910 2250 ;
950 2199 1026 2243 sed
1060 2200 1153 2241 sre-

298 2281 436 2322 quens
451 2264 565 2321 apud
581 2265 738 2307 Horat.
751 2263 821 2307 lib.
834 2278 868 2319 1,
883 2263 971 2308 Od.
982 2282 1004 2306 2
1021 2263 1153 2307 :«Sa-

300 2347 392 2374 cras
401 2331 628 2386 jaculatus
646 2346 776 2373 arces.
800 2349 821 2368 >›
844 2343 881 2372 11
902 2363 914 2385 ,
953 2328 1042 2373 Od.
1069 2329 1118 2372 16
1138 2339 1150 2367 2

303 2414 324 2432 «
351 2396 475 2451 Quid
498 2395 621 2438 brevi
641 2396 775 2438 sortes
790 2395 1042 2451 jaculamur
1059 2409 1151 2438 aevo

267 2462 269 2464 ’
294 2460 464 2503 multa?
491 2479 511 2497 »
534 2474 590 2502 111
609 2493 620 2514 ‚
647 2460 735 2504 Od.
765 2478 811 2502 12
836 2476 846 2503 ε
870 2478 891 2497 «
911 2459 1150 2516 Fugientes

299 2526 459 2583 agitato
482 2541 610 2582 grege
633 2541 784 2568 cervos
793 2525 998 2580 jaculari.
1022 2543 1043 2562 »

347 2591 414 2647 37.
446 2591 528 2632 Tot
554 2605 732 2631 meruere
745 2594 849 2644 peti.
870 2589 1149 2633 Fulminibus

293 2655 380 2700 scil.
402 2655 519 2699 Naso
540 2653 587 2696 in
612 2652 800 2696 Remed.
826 2654 907 2711 370
929 2669 940 2696 ι

333 2727 465 2756 Summa
472 2730 596 2766 petunt
606 2723 719 2753 dextra
730 2721 870 2753 fulmina
884 2722 981 2751 missa
999 2721 1104 2752 Jovis.

296 2786 350 2829 ln
366 2783 590 2828 nonnullis
602 2792 749 2826 tamen
765 2782 1080 2838 exemplaribus
1090 2782 1148 2825 le·

294 2851 410 2908 gitur
426 2882 437 2904 ,
460 2854 589 2903 pati:
611 2864 707 2905 quae
720 2848 848 2894 lectio
864 2848 1009 2891 Mario
1022 2848 1146 2891 valde

294 2916 491 2971 placebat
504 2948 516 2969 ‚
536 2923 579 2958 et
597 2914 656 2957 sie
669 2913 1145 2971 interpretaturMicyl.

232 3013 241 3019 χ
298 2980 456 3035 Quum
471 2988 537 3023 tot
551 2979 642 3022 aliae
658 2978 904 3021 meruerint
915 2982 1031 3033 pati,
1053 2978 1143 3020 sola

291 3046 467 3089 Semele
493 3045 678 3088 fulmine
700 3043 994 3101 conflagravit.
1024 3043 1144 3086 Male

287 3120 475 3167 uterque
498 3144 508 3166 ,
542 3120 586 3154 et
608 3120 760 3156 contra
783 3110 906 3167 prisc.
927 3108 1025 3152 edd.
1048 3125 1144 3166 quae

295 3178 437 3221 multo
476 3177 612 3234 magis
650 3176 868 3234 poeticam
906 3174 1142 3218 lectionem

283 3248 398 3300 peti,
421 3243 547 3288 nobis
568 3242 916 3286 transmiserunt.

1289 1812 1356 1864 4ο.
1381 1811 1478 1853 Non
1486 1815 1612 1864 paler
1619 1812 1664 1851 in
1682 1809 1860 1852 Baccho
1879 1816 1960 1852 etc.
1979 1808 2082 1853 Non

1233 1883 1406 1917 coactus
1425 1875 1575 1918 suisset
1592 1874 1769 1930 Jupiter
1782 1882 1831 1916 ut
1852 1883 2082 1930 exceptum

1231 1940 1399 1982 semore
1434 1938 1659 1982 Bacchum
1691 1947 1906 1996 gestaret,
1940 1938 2084 1981 donec

1230 2004 1359 2061 justi,
1391 2005 1546 2060 quibus
1566 2004 1611 2046 in
1633 2004 1778 2050 lucem
1799 2004 1942 2047 infans
1969 2020 2084 2061 pro-

1231 2067 1372 2123 diret,
1407 2069 1541 2112 exacti
1566 2071 1740 2112 menses
1771 2069 2082 2126 implerentur;

1232 2142 1304 2188 et,
1328 2134 1446 2192 quod
1469 2135 1599 2178 matri
1623 2134 1797 2178 Semele
1819 2134 2055 2178 serendum
2073 2169 2084 2191 ,

1236 2215 1343 2242 onus
1365 2199 1454 2256 ipse
1477 2200 1724 2256 susciperet.

1287 2267 1352 2320 41.
1380 2267 1498 2320 Quid
1511 2282 1657 2322 queror
1675 2275 1754 2310 etc.
1780 2266 1974 2325 Corrigit
1988 2284 2084 2326 quae

1232 2347 1334 2374 mox
1348 2332 1393 2374 in
1414 2332 1549 2387 Deos,
1567 2341 1611 2375 et
1632 2333 1793 2376 fatetur
1812 2334 1912 2390 ipsis
1936 2335 2086 2391 ignos-

1232 2397 1426 2441 cendum
1441 2431 1452 2452 ,
1476 2398 1577 2455 quia
1593 2402 1737 2441 oculos
1755 2402 1914 2441 habent
1930 2408 1974 2443 et
1996 2400 2084 2442 ani-

1233 2479 1359 2506 mum
1382 2464 1582 2519 (pectus),
1610 2464 1685 2520 qui
1702 2464 1823 2507 facile
1842 2481 1865 2507 a
1881 2464 2083 2508 formosis

1233 2529 1387 2585 puellis
1407 2529 1647 2586 capiantur.

1285 2594 1352 2648 43.
1373 2595 1471 2637 Sine
1476 2594 1650 2649 fraude.
1677 2594 1901 2638 Inoffenso
1922 2595 2082 2639 scilicet

1230 2674 1333 2700 meo
1348 2659 1548 2702 numine.
1562 2658 1736 2702 Eodem
1747 2675 1877 2702 sensu
1893 2661 2004 2703 Hor.
2017 2674 2054 2703 11
2066 2693 2077 2714 ,

1232 2722 1319 2766 Od.
1347 2740 1419 2782 19,
1444 2740 1482 2765 v,
1509 2740 1583 2782 19,
1607 2723 1661 2767 ad
1682 2723 1935 2768 Bacchum:

1350 2796 1449 2828 Nudo
1461 2808 1587 2828 coerces
1608 2797 1755 2839 viperino

1350 2858 1558 2890 Bistonidum
1567 2882 1578 2897 ,
1593 2859 1794 2903 :inest-aude
1802 2884 1815 2900 ,
1828 2861 1944 2891 crines.

1282 2922 1347 2979 47.
1385 2922 1449 2965 Tu
1467 2928 1607 2966 lamen
1627 2926 1793 2967 illorum
1821 2933 1901 2968 etc.
1935 2925 2079 2969 Puel—

1222 2986 1314 3028 lam
1327 2996 1446 3030 recte
1461 2996 1616 3031 monet
1628 3021 1639 3042 ‚
1660 2997 1709 3032 ut
1723 2988 1925 3032 Deorum
1944 2993 2054 3034 dono
2064 3025 2075 3043 ‚

1226 3049 1270 3091 id
1293 3059 1357 3094 est
1375 3051 1650 3110 indulgentia
1662 3087 1673 3108 ,
1689 3053 1888 3098 modeste
1904 3063 2078 3100 utatur:

1225 3131 1330 3157 nam
1348 3148 1359 3171 ,
1382 3117 1415 3159 si
1441 3117 1675 3175 Propertio
1696 3118 1805 3162 fides
1822 3152 1834 3173 ‚

1223 3191 1299 3222 Non
1312 3203 1436 3234 semper
1451 3194 1598 3235 placidus
1610 3195 1758 3236 perjuros
1770 3195 1855 3225 ridet
1871 3201 2014 3226 amantes

1263 3253 1406 3295 Jupiter.
1599 3257 1676 3296 (11,
1694 3256 1784 3298 Eleg.
1800 3265 1897 3297 xnl,
1911 3256 1990 3298 47.)

986 3355 1379 3376 σ--Φ-
