2268 3776
260 308 370 367 266

738 313 800 364 P.
847 313 1150 370 OVIDII
1190 315 1563 373 NASONIS

255 430 403 487 Neve
435 426 632 508 aliquis
663 428 844 488 verbis
877 429 1097 492 odiosas
1128 432 1335 494 adferat
1365 457 1548 507 aureS,

339 525 523 603 Quam
553 538 738 605 poteS,
772 527 1048 606 ambiguis
1079 528 1310 590 callidus
1339 530 1481 592 abde
1511 532 1677 592 notis.

1953 553 2034 611 490

263 621 369 680 Seu
399 620 638 702 pedibus
667 624 850 684 vacuis
879 624 961 684 illi
992 626 1236 708 spatiosa
1263 641 1468 688 teretur

342 717 597 778 Porticus
615 766 629 792 ,
656 720 745 782 hie
774 723 952 783 socias
984 738 1041 783 tu
1069 748 1288 806 quoque
1315 726 1485 806 junge
1513 750 1709 787 moraS.

256 814 333 871 Et
361 815 527 874 modo
557 819 830 899 praecedas
858 819 1054 893 facit03
1081 822 1250 882 modo
1283 837 1437 902 terga
1466 825 1712 907 sequaris
1738 850 1750 884 ε

339 911 414 970 Et
442 911 610 971 modo
640 913 891 989 festines,
925 932 978 977 et
1003 917 1169 978 modo
1198 917 1381 978 lentus
1411 942 1516 979 eas.

258 1008 370 1067 Nec
396 1008 500 1067 tibi
532 1009 599 1070 de
628 1011 822 1072 mediis
855 1012 1067 1096 aliquot
1098 1015 1327 1076 transire
1358 1014 1641 1076 columnas

1954 1030 2037 1089 495

339 1105 425 1164 Sit
452 1106 658 1188 pudor,
690 1124 785 1169 aut
813 1109 969 1170 lateri
999 1112 1348 1172 continuasse
1374 1110 1536 1172 latus,

256 1205 370 1264 Nec
398 1205 516 1266 sine
547 1221 599 1266 te
631 1231 797 1268 curvo
829 1208 1013 1288 sedeat
1041 1210 1292 1293 speciosa
1318 1209 1535 1271 theatro
1564 1235 1574 1269 t

341 1304 515 1384 Quod
544 1321 782 1388 spectes,
814 1308 1058 1368 humeris
1090 1307 1298 1367 adferet
1325 1306 1421 1367 illa
1447 1308 1577 1367 suis.

256 1400 414 1461 Illam
440 1403 726 1485 respicias,
756 1403 907 1463 illam
940 1405 1141 1464 mirere
1173 1403 1391 1474 licebit3

338 1497 521 1558 Multa
549 1498 872 1592 supercilio3
901 1498 1076 1559 multa
1102 1498 1330 1581 loquare
1360 1499 1528 1561 notis.
1959 1517 2038 1558 500

257 1596 333 1654 Et
360 1593 590 1677 plaudas
607 1640 621 1667 ,
656 1594 896 1678 aliquam
924 1596 1095 1656 mimo
1123 1595 1354 1658 saltante
1383 1595 1651 1680 puellam3

308 1684 412 1751 ‘Et
440 1692 617 1752 faveas
648 1692 756 1765 illi,
792 1693 1048 1776 quisquis
1079 1709 1274 1772 agatur
1304 1684 1510 1755 amans,

259 1790 450 1868 Quum
477 1790 680 1868 surgit,
714 1814 936 1869 surgas3
971 1791 1149 1851 donec
1180 1791 1334 1852 sedet
1363 1790 1484 1864 illa,
1512 1790 1745 1850 sedebis,

336 1891 589 1951 Arbitrio
620 1893 856 1953 dominae
884 1908 1131 1976 tempora
1157 1894 1326 1976 perde
1358 1908 1480 1954 tuae.

314 2073 407 2131 489.
437 2073 632 2129 Adferat.
680 2074 853 2129 Osse-ra!
879 2074 1043 2133 Regius
1064 2084 1109 2119 et

259 2138 522 2182 Oxoniensis
550 2155 651 2182 cum
686 2154 778 2181 uno
798 2139 1027 2183 Vaticano.
1047 2140 1108 2183 H.

258 2228 313 2236 —-·
327 2205 429 2248 Non
465 2204 587 2248 facile
623 2205 770 2248 statim
807 2205 1108 2261 arripiendum

258 2270 443 2312 verbum
477 2270 671 2313 vicinum
708 2279 815 2327 puto
833 2304 844 2325 ,
877 2271 951 2314 ubi
986 2288 1108 2328 aeque

258 2335 404 2377 sensui
426 2343 470 2378 et
493 2334 717 2391 elegantiae
739 2337 939 2379 satisfacit
958 2337 1111 2394 vulga-

262 2408 372 2442 tum.
388 2400 447 2442 Et
461 2401 517 2442 ita
532 2400 603 2444 hic
616 2410 788 2444 rectum
802 2411 910 2458 puto
921 2436 933 2458 ,
948 2403 1115 2459 aufferre

260 2481 406 2516 aures,
432 2467 533 2522 quia
565 2469 736 2510 odiosas
766 2467 962 2523 additur,
985 2477 1035 2511 ut
1054 2469 1113 2511 ita

261 2532 402 2573 odium
412 2532 579 2586 adferre
596 2530 737 2575 Cicer.
750 2549 831 2589 pro
842 2532 963 2576 Sulla
976 2550 1067 2591 cap.
1077 2548 1111 2586 1;

263 2604 308 2639 et
330 2595 429 2638 alibi
451 2595 568 2638 dixit.
588 2596 807 2652 Agitvero
823 2598 877 2640 de
892 2599 1114 2643 ausculta-

261 2670 359 2705 tore
380 2660 564 2703 molesto
578 2693 589 2714 ‚
618 2660 796 2716 quinon
811 2662 941 2718 offi’n‘
962 2679 1110 2717 aures,

262 2726 339 2770 sed
359 2727 501 2782 adfi’rl
519 2725 700 2769 odiosas.

319 2794 414 2852 492.
443 2793 531 2834 Hic
554 2796 709 2835 socias.
736 2793 850 2835 Huic
868 2792 1049 2834 Junian.
1070 2800 1115 2834 et

265 2859 459 2916 quinque
478 2858 547 2902 alii
566 2875 575 2902 :
592 2863 734 2902 socias
747 2875 897 2902 manus
916 2860 1115 2902 Vossian.

265 2931 311 2967 lu
330 2927 452 2968 modo
473 2924 668 2981 quinque
686 2924 866 2969 codices.

321 2994 415 3051 495.
444 2994 536 3037 Nec
565 2995 648 3035 tibi
669 2994 721 3034 de
751 2994 900 3034 mediis
929 2994 1114 3048 aliquam

264 3060 445 3099 transire
478 3059 694 3099 columnis.
726 3057 770 3099 A
773 3059 906 3113 liquot
938 3062 1116 3099 transire

266 3125 484 3166 columnas
503 3120 766 3167 Oxoniensis
786 3132 830 3166 et
847 3122 1000 3167 decem
1017 3122 1112 3166 alii:

267 3203 363 3243 quae
390 3203 493 3231 vera
519 3187 661 3231 lectio.
681 3187 874 3244 Aliquod
898 3190 1115 3230 columnas

267 3251 431 3309 Regius
448 3267 458 3295 ε
480 3252 657 3309 quidam
674 3285 684 3306 ,
706 3256 869 3309 aliquot
883 3255 1115 3306 columnis,·

268 3334 376 3373 quos
390 3318 506 3362 inter
518 3318 845 3371 Arundelianus
856 3335 865 3362 ε
876 3320 1008 3362 etiam
1022 3334 1114 3362 non

268 3384 395 3428 male.
424 3385 608 3442 Lapides
638 3395 782 3430 autem
813 3386 1015 3431 milliares
1035 3386 1115 3430 in-

269 3448 430 3506 telligit.
454 3451 618 3494 Hrms.

1237 2076 1330 2135 498.
1339 2075 1529 2131 Adfcrcl.
1543 2075 1597 2118 In
1610 2072 1840 2131 Aprosian.
1851 2080 1896 2115 et
1907 2069 2038 2115 Com-

1189 2141 1338 2184 melin.
1356 2141 1528 2197 auferat
1545 2157 1557 2183 ‚-
1572 2141 1617 2183 in
1635 2155 1722 2196 quo
1735 2139 1867 2182 etiam
1881 2138 2014 2195 glossa
2028 2157 2036 2189 ς

1189 2206 1233 2250 id
1257 2215 1322 2250 est
1334 2240 1345 2261 ‚
1370 2209 1550 2249 humeris
1565 2210 1655 2249 suis
1668 2206 1859 2260 pulchra·
1875 2205 2044 2260 aufhral

1190 2275 1273 2315 tibi
1285 2274 1568 2327 spectaculum
1607 2273 1791 2314 Theatri.
1824 2270 1879 2313 In
1915 2271 2038 2312 Vos-

1191 2338 1313 2381 siano
1334 2345 1427 2381 erat
1442 2369 1454 2391 ,
1476 2337 1612 2380 oculis
1630 2336 1791 2392 afferat
1817 2338 1896 2378 illa
1922 2340 2011 2378 suth·
2029 2351 2040 2376 :

1193 2419 1275 2461 ego
1304 2404 1497 2461 legerem
1514 2436 1526 2457 ,
1556 2405 1670 2459 quod
1694 2407 1857 2457 specics
1878 2403 2014 2444 oculis
2028 2434 2037 2451 ,

1193 2469 1356 2525 asserat
1373 2471 1454 2511 illa
1469 2502 1479 2519 ‚
1508 2472 1594 2510 luis
1612 2485 1624 2510 ,¹
1647 2484 1703 2510 ne
1724 2466 1821 2509 vide
1844 2482 1893 2509 ea
1912 2499 1923 2520 ,
1946 2482 2041 2522 quae

1194 2535 1241 2578 in
1263 2533 1435 2577 theatro
1456 2532 1649 2577 exhiberi
1665 2565 1677 2587 ‚
1695 2541 1740 2576 et
1758 2531 1861 2574 alios
1881 2540 2041 2587 specta-

1195 2607 1313 2644 tores
1346 2599 1540 2643 intentos
1572 2597 1732 2641 habere
1765 2597 1907 2640 solent
1924 2614 1934 2646 ;
1963 2594 2039 2637 sed

1196 2664 1363 2708 adserat
1382 2664 1452 2707 illa
1467 2696 1478 2718 ,
1494 2678 1590 2720 quae
1603 2671 1768 2720 spectes
1784 2661 1918 2704 oculis
1937 2660 2042 2702 tuis:

1196 2744 1294 2771 eam
1305 2727 1441 2771 solam
1456 2736 1601 2784 specta
1613 2759 1626 2781 ,
1639 2727 1757 2769 illam
1769 2725 1945 2779 mirere,
1958 2732 2039 2774 etc.

1251 2796 1345 2837 501.
1367 2795 1430 2836 Et
1430 2794 1636 2848 plaudas,
1653 2794 1794 2847 aliquo
1809 2794 1932 2833 mimo
1949 2792 2042 2831 sal-

1195 2863 1324 2908 tante,
1335 2860 1499 2912 puclloe.
1511 2857 1713 2912 Aliquam
1724 2860 1848 2898 mimo
1860 2857 2044 2896 saltante

1189 2925 1373 2977 puellam
1385 2957 1394 2972 ‚
1413 2922 1577 2979 optime
1600 2921 1805 2979 Scaligeri
1825 2928 2038 2976 excerpta,

1196 3003 1298 3030 cum
1308 2986 1454 3030 codice
1467 2986 1759 3043 Omnmeque
1771 2986 1895 3029 aliter
1905 2994 2043 3027 veter-

1195 3053 1333 3095 rimus
1347 3052 1525 3110 Regius,
1539 3069 1562 3096 a
1572 3068 1707 3095 manu
1717 3052 1869 3108 prima.
1884 3051 2042 3093 Reme-

1198 3116 1270 3159 dio
1292 3117 1467 3161 Amoris
1483 3120 1576 3176 755,
1589 3117 1663 3160 ubi
1681 3117 1767 3173 agit
1779 3115 1833 3159 de
1843 3114 2042 3158 theatris:

1237 3186 1311 3218 Illic
1325 3187 1453 3218 assidue
1467 3187 1534 3218 ficti
1547 3186 1715 3219 saltantur
1724 3192 1879 3216 amantes.

1200 3247 1336 3303 Quod
1357 3253 1513 3292 moveri
1527 3247 1631 3290 dixit
1647 3247 1859 3290 Horatius
1871 3279 1882 3301 ,
1898 3241 2038 3295 lib.'11,

1200 3313 1335 3370 Epist.
1359 3314 1413 3356 ad
1436 3314 1616 3359 Florum
1635 3346 1647 3368 ,
1674 3315 1776 3366 124:

1798 3389 1847 3419 Ut
1862 3386 1919 3427 qui

1197 3453 1295 3486 Nune
1304 3455 1559 3496 Satyrummunc
1567 3459 1721 3495 agrestem
1731 3450 1872 3493 Cyclopa
1880 3453 2037 3480 movetur.
