2268 3776
547 326 935 387 AMORUM
983 322 1065 380 11.

1120 324 1363 380 ELEG.
1423 325 1581 380 XII.

751 623 1155 696 ELEGIA
1208 623 1393 694 XII.

526 979 528 981 ·
602 961 841 1003 Exut'rA'r,
879 959 1089 994 commu
1116 958 1311 1001 'nunna
1343 960 1551 992 Porl'rus.

191 1077 325 1167 ΙΤΕ
355 1103 716 1188 triumphales
747 1103 954 1165 circum
979 1128 1098 1167 mea
1125 1118 1375 1188 tempora
1396 1101 1563 1174 lauri;

271 1202 550 1264 Vicimus!
576 1202 636 1263 in
663 1215 858 1263 nostro
888 1217 973 1263 est
998 1226 1120 1263 ecce
1146 1201 1394 1263 Corinna
1421 1199 1564 1260 sinu.

193 1297 376 1379 Quam
404 1299 517 1373 vir,
552 1323 716 1384 quam
747 1314 966 1372 custoS‚
1001 1324 1165 1383 quam
1192 1298 1359 1382 janua
1386 1296 1567 1370 firma,
1602 1310 1688 1356 tot
1715 1294 1936 1366 hostes»,

272 1397 603 1473 Servabant‚
632 1423 701 1460 ne
732 1422 842 1481 qua
868 1412 1060 1482 posset
1088 1397 1158 1458 ab
1190 1410 1304 1457 arte
1335 1395 1473 1479 capi.

192 1493 325 1554 Haec
355 1509 440 1555 est
465 1496 745 1579 praecipuo
774 1495 1005 1556 victoria
1034 1494 1201 1574 digna
1230 1493 1516 1577 triumpho
1536 1539 1551 1565 ‚
1607 1543 1615 1553 ,
1954 1505 1981 1546 ι’»

274 1592 343 1650 In
374 1612 511 1674 qua,
547 1615 904 1675 quaecumque
934 1607 1042 1666 est,
1076 1592 1343 1671 sanguine
1372 1590 1557 1675 praeda
1585 1602 1745 1651 caret.

192 1687 324 1748 Non
353 1686 589 1748 humiles
618 1688 792 1761 muri,
823 1712 941 1748 non
971 1689 1156 1772 parvis
1187 1687 1395 1772 oppida
1423 1686 1591 1746 fossis

251 1845 632 1901 1.Itetr1'umphales
643 1852 723 1888 etc.
739 1845 892 1895 Pax—to.
907 1861 1041 1902 quem

191 1917 417 1968 tantopere
439 1911 689 1969 exoptabat,
711 1911 936 1969 triumpho
953 1945 964 1967 ,
994 1912 1040 1956 in

188 1982 314 2019 voces
332 1977 524 2034 erumpit
541 1976 731 2021 victoriae
750 1977 880 2020 simul
896 1985 940 2020 et
955 1977 1039 2021 lae-

188 2040 292 2085 titiae
310 2040 488 2087 indices.
504 2044 713 2087 —Laurel
729 2045 894 2087 laurus
907 2078 918 2096 ‚
936 2044 1040 2088 Pu-

185 2111 380 2150 teaneus.

241 2169 281 2213 3.
302 2173 438 2225 Quam
448 2175 526 2222 vir,
542 2187 664 2228 quam
681 2177 823 2215 castos
837 2180 919 2215 etc.
932 2170 1040 2228 Quo

186 2234 411 2280 victoriam
429 2238 566 2296 magis
581 2237 795 2289 nobilitet,
815 2254 911 2295 quae.
930 2239 1039 2281 vin-

186 2299 326 2343 cenda
352 2302 651 2359 occurrerint,
684 2319 777 2347 non
799 2305 892 2347 sine
926 2320 1038 2362 qua-

187 2362 290 2409 dam
309 2365 546 2410 ambitione
569 2377 814 2411 enumerat.
837 2367 910 2412 Sic
927 2369 1034 2412 Ho—

188 2437 268 2473 rat.
295 2443 352 2473 111
365 2464 378 2486 ,
402 2430 490 2476 od.
521 2446 601 2477 xvr
613 2466 625 2488 ,
656 2442 743 2490 quo
763 2433 1038 2477 demonstret

187 2495 362 2552 certius,
378 2497 552 2543 nullum
566 2499 832 2556 esse‘locum,
851 2515 938 2556 quo
952 2499 1038 2543 adi·

160 2559 169 2568 “
187 2569 256 2606 tus
269 2579 372 2606 auro
389 2580 480 2608 non
495 2573 641 2622 pateat
658 2599 669 2621 ,
693 2564 870 2610 Danaes
889 2581 1040 2609 exem-

188 2626 310 2683 plum
331 2627 472 2673 adfert
490 2663 502 2686 ,
529 2646 663 2687 quam

443 2708 559 2740 Tomis
574 2708 697 2740 ahenea

246 2767 465 2811 Robuataeque
479 2768 564 2801 sores
578 2794 589 2810 ‚
614 2776 648 2801 et
662 2770 803 2812 vigilum
817 2781 934 2802 canum

246 2829 372 2861 Tristes
385 2829 531 2862 excubias
540 2854 551 2870 ‚
571 2830 756 2863 munierunt
774 2832 852 2863 satis

318 2897 503 2932 Nocturnis*
516 2898 558 2929 ab
572 2899 731 2930 adulteris
747 2911 755 2931 ε

247 2957 280 2989 Si
297 2969 362 2989 non
375 2956 545 2990 Acrisium
564 2966 627 2992 etc.

185 3044 239 3055 -
266 3022 350 3064 Tot
375 3023 528 3082 hostes.
567 3025 680 3078 Quot
714 3026 882 3070 hostes!
920 3026 1034 3071 Me-

186 3085 332 3129 diceus
366 3102 491 3130 unus.
521 3088 644 3132 Bene
666 3123 679 3144 ‚
711 3090 857 3146 inquit
887 3091 1035 3135 Hein—

183 3150 273 3194 sius
296 3167 306 3194 :
332 3151 488 3195 melius
507 3169 612 3196 vero
631 3154 916 3200 Burmannus
931 3190 944 3211 ‚
973 3164 1038 3201 lot

183 3218 324 3258 hostes
353 3231 446 3259 non
479 3233 733 3271 moverem3
765 3219 842 3263 sed
877 3235 1034 3277 parum

182 3279 357 3323 videtur
371 3281 627 3327 intellexisse
640 3299 824 3328 summae
838 3286 905 3328 vir
919 3303 1032 3330 eru-

186 3344 362 3390 ditionis
378 3380 390 3403 ,
412 3363 497 3390 nec
516 3348 680 3392 caeteris
700 3350 885 3406 praebuit
902 3351 1035 3395 intel-

185 3410 412 3468 ligendum
430 3444 442 3467 ,
472 3429 550 3456 cur
569 3413 684 3457 hanc
710 3413 771 3457 illi
799 3415 1033 3460 lectionem

188 3485 474 3533 praeponeret.
497 3477 666 3523 Excidit
687 3479 863 3538 quippe,
885 3480 953 3526 vel
970 3481 1034 3526 in-

1123 1845 1212 1890 vito
1228 1854 1383 1904 poetae,
1400 1860 1524 1889 suam
1540 1843 1618 1887 sibi
1634 1840 1861 1885 victoriam
1880 1855 1975 1897 gra-

1123 1913 1279 1957 tulanti
1296 1946 1308 1968 ,
1324 1913 1578 1957 exclamatio
1599 1911 1706 1964 haec,
1728 1915 1794 1952 lo!
1808 1911 1950 1952 hostes
1963 1923 1976 1948 .-

1123 1994 1255 2037 quam
1275 1978 1309 2022 si
1331 1977 1580 2036 parenthesi
1597 1975 1828 2021 incluseris
1847 1976 1980 2032 (quot

1120 2043 1262 2088 hosths
1277 2044 1289 2087 Ι
1303 2043 1340 2101 )’,
1363 2044 1473 2088 nihil
1487 2042 1602 2087 aliud
1618 2050 1699 2095 est,
1713 2055 1845 2098 quam
1867 2055 1978 2096 pue·
2039 2091 2045 2097 ἶ

1120 2110 1210 2154 rilis
1230 2118 1275 2154 et
1304 2108 1459 2166 frigida
1493 2106 1735 2151 admodum
1765 2106 1940 2162 jactatio
1960 2137 1973 2158 ,

1121 2185 1167 2219 et
1182 2160 1436 2225 stolide’sibi
1463 2170 1819 2230 adstupescentis.
1855 2170 1971 2212 Leve

1121 2231 1304 2296 quidmst
1330 2232 1421 2283 esse
1451 2237 1685 2281 discrimen
1716 2250 1810 2278 non
1845 2232 1972 2276 diffi-

1120 2313 1242 2356 teor3
1272 2298 1347 2348 sed
1369 2293 1453 2346 h³oc
1472 2303 1565 2360 ipso
1586 2299 1836 2345 notandum
1865 2314 1971 2341 ma·-

1118 2370 1180 2428 gis
1196 2403 1207 2423 ,
1230 2363 1319 2426 quo
1338 2368 1486 2412 levius.

1175 2435 1213 2478 5'.
1245 2432 1351 2477 Haec
1368 2440 1437 2477 est
1443 2436 1655 2489 precipuo
1687 2439 1768 2475 etc.
1805 2430 1970 2474 Victo-

1119 2499 1230 2542 riam
1252 2512 1377 2543 suam
1404 2496 1620 2556 praecipue
1649 2495 1934 2540 commendat
1957 2529 1969 2549 ,

1122 2563 1241 2621 quod
1263 2567 1409 2621 pra-da
1438 2567 1643 2619 sanguine
1673 2568 1843 2613 camah·
1877 2577 1974 2617 quae

1121 2639 1270 2673 tamen
1290 2645 1384 2674 non
1404 2627 1688 2687 aspernanda.
1701 2629 1805 2672 Non
1823 2628 1943 2671 enim
1958 2660 1969 2679 ‚

1118 2705 1197 2739 Non
1209 2705 1350 2737 humiles
1366 2705 1472 2745 muri,
1491 2716 1555 2736 non
1573 2704 1683 2746 parvis
1699 2704 1819 2746 oppida
1837 2703 1931 2733 fossis

1159 2767 1295 2808 Cinct23
1313 2768 1369 2799 sed
1383 2774 1432 2798 est
1448 2767 1551 2798 ductu
1566 2772 1661 2807 capta
1681 2765 1789 2807 puella
1802 2776 1885 2795 meo.

1118 2828 1294 2887 Duplex
1312 2829 1446 2887 igitur
1466 2836 1607 2885 poetae
1629 2826 1720 2869 laus
1737 2860 1749 2881 ‚
1780 2825 1854 2882 qui
1873 2842 1972 2868 ma—

1119 2911 1205 2952 gna
1232 2895 1356 2943 vicit,
1389 2894 1646 2949 majoraque
1676 2892 1817 2935 victor
1847 2891 1970 2934 obti-

1117 2959 1215 3002 nuit
1233 2992 1244 3013 ,
1263 2961 1451 3014 puellam
1475 2972 1612 3000 suam.

1171 3024 1210 3067 6.
1227 3025 1380 3067 Proeda
1397 3028 1524 3065 carel.
1544 3021 1754 3072 Francius
1767 3021 1970 3077 malebat,

1109 3105 1277 3144 pugna,
1301 3088 1369 3131 vel
1377 3090 1527 3142 palma
1546 3103 1558 3129 .·
1574 3086 1759 3130 minime
1777 3102 1885 3130 vero
1901 3087 1972 3129 ali·

1119 3154 1223 3212 quid
1256 3153 1521 3197 mutandum
1539 3171 1551 3205 ;
1582 3162 1648 3197 est
1681 3154 1803 3196 enim
1824 3156 1971 3209 preda

1114 3225 1205 3263 sine
1225 3221 1431 3275 sa'nguz'ne
1445 3219 1601 3263 eadem
1618 3252 1630 3273 ‚
1664 3235 1760 3276 quae
1773 3225 1934 3275 parata
1950 3234 1967 3270 ‚-

1117 3286 1318 3330 similiter
1330 3286 1422 3328 sere
1439 3284 1554 3342 apud
1571 3285 1764 3339 Livium,
1779 3297 1887 3338 vnr,
1898 3284 1972 3326 38:

1122 3354 1241 3396 Cede
1254 3355 1444 3402 inermes,
1459 3356 1748 3406 cruentamque
1767 3353 1858 3393 illis
1869 3367 1973 3405 pra·-

1115 3418 1214 3458 dam
1243 3417 1379 3458 redde.
1414 3415 1556 3472 Quasi
1591 3415 1704 3461 dicat
1726 3448 1737 3471 ,
1778 3415 1974 3473 ipsorum

1115 3481 1326 3538 sanguine
1361 3481 1573 3527 venalem.
