2268 3776
628 328 1035 385 AMORUM
1084 331 1134 384 1.
1182 313 1429 384 ELEGL
1477 329 1591 386 1v.
1927 355 1989 411 17

215 448 451 529 Agmine
477 469 564 508 me
595 445 868 518 invenies,
899 458 996 507 aut
1023 444 1317 507 invenieris
1347 443 1405 503 in
1440 441 1557 503 illo.

299 541 594 627 Quidquid
622 542 704 603 ibi
730 541 943 626 poteris
970 556 1222 621 tangere,
1254 556 1416 620 tange
1445 540 1569 601 mei.

218 642 313 702 Me
340 638 624 700 miserum!
655 661 858 722 paucas
884 637 1079 699 monui
1111 635 1264 721 quod
1293 635 1475 720 prosit
1505 635 1564 694 in
1593 634 1787 697 horas!

297 736 538 821 Separor
561 759 592 796 a
622 734 870 808 domina,
903 749 1068 796 nocte
1089 733 1344 816 jubente,
1377 755 1514 811 mea.
1939 757 1996 797 60

215 833 394 895 Nocte
421 832 506 893 vir
527 828 775 894 includet
797 855 811 893 ε
836 830 1075 893 lacrimis
1104 852 1209 909 ego
1238 842 1469 889 moestus
1500 827 1715 889 obortis
1732 875 1748 901 ‚

300 929 429 1011 Qua
460 927 615 1004 licet,
646 927 717 991 ad
746 952 912 990 saevas
939 949 1248 1013 prosequar
1276 948 1455 1008 usque
1484 923 1647 986 sores.

219 1023 427 1088 Oscula
451 1024 562 1107 jam
591 1038 771 1086 sumet
796 1048 808 1085 ε
834 1024 945 1106 jam
973 1048 1092 1085 non
1122 1036 1335 1084 tantum
1364 1019 1554 1082 oscula
1583 1037 1776 1084 sumet.

299 1121 470 1204 Quod
498 1120 636 1182 mihi
667 1120 766 1182 das
792 1120 1011 1194 furtim,
1045 1120 1165 1202 jure
1195 1133 1387 1180 coacta
1418 1116 1595 1178 dabis.

217 1221 425 1283 Verum
454 1219 626 1281 invita
655 1219 817 1292 dato,
846 1233 1008 1304 potes
1037 1218 1172 1291 hoc,
1206 1215 1515 1300 similisque
1546 1230 1785 1278 coactae:
1947 1237 2003 1279 623

296 1316 590 1380 Blanditiae
619 1331 862 1390 taceant;
895 1317 1078 1402 sitque
1107 1314 1349 1395 maligna
1373 1317 1583 1376 VenuS.

216 1415 279 1477 Si
304 1438 426 1477 mea
452 1429 581 1475 vota
610 1413 819 1488 valent,
851 1413 1010 1475 illum
1040 1437 1266 1498 quoque
1296 1411 1377 1473 nil
1404 1413 1587 1494 juvet,
1622 1427 1760 1497 opto
1786 1437 1799 1474 :

301 1510 404 1572 Sin
431 1510 646 1582 minuS‚
679 1524 736 1571 at
765 1525 911 1573 certe
944 1525 997 1572 te
1022 1511 1176 1593 juvet
1206 1510 1335 1571 inde
1362 1509 1520 1571 nihil.

219 1606 332 1671 Sed
360 1630 717 1691 quaecumque
747 1621 930 1668 tamen
958 1622 1177 1669 noctem
1209 1597 1433 1669 fortuna
1459 1622 1756 1691 sequatur,

305 1703 442 1764 Cras
469 1700 607 1764 mihi
637 1702 914 1764 constanti
942 1727 1075 1765 voce
1107 1704 1324 1766 dedisse
1357 1728 1515 1783 nega.
1954 1741 2008 1782 7⁰

226 1873 319 1919 Ubi
328 1872 399 1918 illa
412 1906 426 1930 ,
444 1874 607 1930 gaude&
616 1877 770 1929 mpte'm
785 1875 968 1925 donata,
987 1882 1053 1918 est
1066 1907 1078 1930 ,

214 1943 443 1996 pmpemta
463 1937 614 1983 Nostri
633 1941 843 1995 voluptas.
871 1938 1036 1982 Bunm.

277 2006 346 2065 59.
371 2005 543 2048 Paucas
571 2006 687 2060 quod
698 2009 840 2059 prosit
866 2009 912 2048 in
937 2006 1080 2050 horas.

221 2071 394 2114 Paucas
411 2084 568 2127 quoqne
581 2074 722 2126 prosit
741 2073 787 2113 in
804 2071 932 2113 hams
945 2103 956 2121 ,
993 2070 1080 2114 Pu-

221 2145 417 2181 teaneus.
447 2135 565 2193 Lege
586 2169 599 2187 ‚
633 2152 714 2193 quo
733 2140 882 2192 pmsit.
910 2136 1078 2181 Hnms.

221 2205 384 2248 Paucis
403 2206 449 2246 e‘ae
467 2203 584 2246 hon}
603 2202 882 2247 Francosurt.
900 2235 911 2258 ,
950 2201 981 2245 J
984 2201 1079 2245 unii

222 2274 268 2311 et
287 2275 460 2325 septem
476 2266 561 2310 alii.

146 2331 150 2335 ”
275 2331 345 2376 6ι.
373 2334 512 2377 Nocte
528 2336 600 2375 w'r
611 2335 810 2376 includet.
841 2331 992 2376 Veluti
999 2331 1080 2388 se-

223 2410 315 2440 mm
329 2429 340 2447 ‚
362 2396 508 2454 inquit
528 2397 712 2441 Marius.
734 2397 795 2440 Et
814 2403 927 2441 recle
939 2396 1082 2440 excla-

225 2469 320 2504 mat
339 2461 616 2514 Burmann.;
653 2471 699 2505 et
725 2462 873 2505 locum
901 2462 1030 2504 affert
1054 2476 1080 2504 e

226 2524 392 2571 Donat.
426 2526 482 2570 ad
513 2527 780 2571 Terentium
793 2559 805 2581 ,
839 2526 914 2584 qui
945 2525 1081 2569 Marii

227 2590 494 2634 sententiam
505 2593 772 2635 corroboret.
782 2592 922 2635 Locus
931 2599 1080 2634 autem

228 2670 255 2699 e
274 2653 459 2700 Phorm.
486 2653 654 2711 Act.v,
685 2655 754 2700 Sc.
777 2670 817 2710 1,
855 2673 965 2700 vers.
1001 2673 1078 2715 17,

227 2720 288 2765 sic
306 2737 352 2764 se
373 2720 529 2765 habet:

269 2789 468 2823 anamma
483 2791 537 2823 hic
549 2791 653 2824 habeo
671 2804 807 2825 uxorem
820 2804 952 2826 soemm.

231 2849 303 2894 Aa
322 2850 415 2897 haec
438 2868 545 2898 vero
565 2853 769 2899 Donatus
790 2867 800 2895 :
829 2873 851 2893 α
877 2854 1080 2900 lllaturus

227 2929 381 2960 sema
395 2949 410 2972 ,
445 2917 560 2963 bene
587 2922 831 2964 conclusam
859 2920 1079 2978 praetulit;

397 3542 478 3596 II

1162 1883 1213 1919 ut
1230 1875 1264 1919 si
1286 1874 1452 1920 diceret
1461 1876 1619 1933 seram.
1640 1896 1661 1915 ιο
1691 1876 1779 1922 Sed
1804 1894 1894 1935 quo
1914 1896 2013 1923 rec-

1161 1945 1249 1984 tius
1268 1939 1337 1983 hic
1353 1974 1364 1991 ‚
1396 1957 1451 1984 eo
1477 1942 1624 1985 minus
1646 1942 1699 1985 ad
1722 1942 1851 1987 ovid.
1872 1946 2012 1989 msere

1160 2002 1307 2048 locum
1332 2004 1450 2049 hunc
1478 2005 1735 2060 judicabunt
1756 2039 1769 2060 ,
1801 2008 1884 2064 'qui
1914 2025 2011 2052 rem

1160 2077 1327 2113 attente
1351 2070 1482 2127 paulo
1501 2071 1829 2129 perpenderint.

1213 2135 1281 2179 62.
1311 2138 1551 2193 Persequar
1564 2153 1694 2194 usque
1701 2138 1837 2193 sams.
1860 2142 2014 2183 Prose-

1158 2216 1287 2257 quor,
1320 2201 1525 2244 meliores
1546 2215 1557 2242 z
1585 2217 1690 2258 pro,
1714 2205 1778 2244 ad
1790 2204 2014 2260 saevasso-

1158 2281 1247 2314 tes,
1266 2264 1607 2319 Arundelianus‚
1620 2267 1685 2308 ad
1694 2282 1847 2309 oersas.
1862 2269 2011 2324 Forte,

1159 2332 1224 2373 ad
1231 2332 1383 2373 surdas
1401 2343 1415 2370 .·
1435 2330 1490 2373 de
1510 2345 1598 2386 quo
1612 2330 1740 2387 paulo
1759 2342 1871 2389 post,
1891 2333 2012 2392 Eleg.

1159 2408 1231 2450 vl,
1255 2395 1321 2438 62.
1350 2395 1518 2439 Hssms.
1541 2418 1598 2428 —
1621 2399 1862 2453 Pmsequaer
1871 2408 2012 2443 recte:

1160 2458 1341 2503 honoris
1360 2459 1481 2503 enim
1508 2468 1554 2503 et
1572 2460 1702 2504 officii
1718 2463 1903 2507 verbum
1918 2474 1982 2508 est
2000 2496 2013 2519 ,

1162 2541 1301 2584 quum
1321 2524 1586 2583 coutitamur
1606 2527 1810 2583 aliquem.

1214 2590 1283 2634 63.
1308 2593 1412 2634 Jaem
1430 2607 1528 2635 non.
1555 2591 1766 2637 Francius
1787 2610 1798 2636 :
1817 2595 2013 2648 nee-jur.

1213 2657 1283 2700 66.
1309 2658 1453 2713 Sitque
1472 2660 1664 2713 maligna
1695 2661 1848 2702 Venus.
1879 2659 2013 2702 Diffi-

1159 2721 1262 2766 cilis.
1294 2720 1463 2766 Contra
1488 2721 1647 2766 Catull.
1683 2723 1737 2766 ad
1761 2724 1979 2767 Manlium
1998 2755 2011 2775 ‚

1160 2804 1197 2832 c.
1220 2802 1318 2842 ιιι,
1342 2788 1422 2831 203
1439 2791 1591 2831 :Bona
1611 2797 1653 2831 te
1665 2789 1819 2832 Venus
1838 2788 2011 2844 juverit.

1209 2870 1275 2910 7⁰·
1287 2855 1474 2897 Dedose
1484 2871 1605 2910 nega.
1615 2854 1866 2908 Delicatius,
1878 2869 2012 2911 quam

1162 2919 1280 2978 quod
1302 2921 1423 2965 istius
1443 2919 1565 2963 modi
1585 2935 1731 2962 mores
1750 2918 1914 2963 deceat.
