2268 3776
300 314 404 368 186
747 314 812 366 P.
859 314 1160 370 OVIDII
1203 313 1580 370 NASONIS

363 431 400 489 J
403 444 605 490 actasse
635 428 869 508 indigno
900 431 1126 492 nomina
1154 446 1309 492 tanta
1333 431 1524 515 pudet.

283 527 482 587 Nescio
517 526 653 609 quid
684 542 966 611 spectans,
1000 527 1291 590 Acheloon
1319 544 1376 590 et
1405 530 1655 590 Inachon
1684 553 1899 602 amneS‚

364 624 440 682 Et
471 625 631 706 potui
655 649 889 699 nomen,
915 625 1040 687 Nile
1059 673 1074 699 ‚
1106 625 1308 687 referre
1338 641 1514 687 tuum.

282 719 362 779 At
390 720 492 780 tibi
522 745 627 804 pro
654 723 865 784 meritis
896 738 1034 807 opto
1051 770 1066 796 ,
1092 747 1209 783 non
1237 723 1468 784 candide
1492 738 1710 784 torrens
1728 770 1743 795 ‚
2002 742 2076 783 105

365 818 494 881 Sint
521 820 703 902 rapidi
733 819 878 881 soles
895 867 910 894 ‚
941 820 1195 903 siccaque
1220 843 1437 904 semper
1463 820 1657 882 hiems,

282 981 406 1025 lib.v.
425 1001 489 1038 12,
505 984 714 1028 Noctium
727 983 993 1040 Atticarum)
1004 986 1141 1029 inter-

285 1046 394 1090 dum
413 1058 566 1106 auget,
584 1050 812 1094 interdum
827 1051 990 1095 minuit
1008 1065 1017 1091 ε
1035 1052 1139 1095 inde

283 1116 514 1157 who-mens
527 1148 537 1164 ‚
568 1120 807 1171 voegrande,
847 1133 1040 1159 voesanos
1054 1151 1063 1168 ,
1096 1126 1141 1161 et

282 1183 490 1223 voecordes
503 1179 698 1224 dicimus.
712 1181 766 1224 In
783 1181 975 1238 quodam
990 1182 1139 1226 codice

282 1245 442 1302 legitur
457 1280 469 1301 ‚
498 1249 618 1291 Nunc
634 1250 832 1302 demens,·
852 1248 898 1290 in
924 1248 1013 1292 aliis
1034 1265 1140 1291 ma-

284 1312 515 1369 nuscriptis
530 1345 542 1367 ,
569 1315 650 1357 Na*
666 1316 833 1356 demens
853 1326 865 1351 :
893 1329 988 1369 quae
1012 1314 1141 1357 lectio

284 1377 319 1419 si
344 1377 422 1420 tihi
445 1377 614 1433 placet,
648 1394 815 1435 expone
837 1381 947 1422 :Noe
965 1413 976 1430 ‚
1003 1378 1048 1420 id
1076 1387 1140 1422 est

284 1450 400 1484 certe
417 1458 426 1484 :
444 1451 492 1484 ut
511 1442 622 1499 apud
641 1443 824 1485 Terent.
840 1445 917 1487 Noe
929 1459 1004 1498 ego
1018 1445 1140 1486 homo

284 1507 438 1561 infelix
459 1523 564 1550 sum.
587 1508 719 1550 MAR.

343 1588 432 1614 102.
453 1574 655 1615 Jactasse
670 1575 842 1628 indigno
859 1581 939 1616 etc.
965 1575 1142 1616 Jaclare

283 1635 354 1679 hic
378 1645 441 1679 est
461 1637 651 1681 inaniter
668 1637 787 1694 loqui
805 1670 816 1692 ,
850 1647 899 1682 ut
924 1638 1140 1695 Virgilia—

285 1718 368 1745 nus
406 1701 618 1761 Corydon
637 1736 648 1758 ,
677 1703 769 1747 Ecl.
793 1717 855 1756 11,
885 1706 937 1758 5,
963 1703 1041 1760 qui
1073 1712 1141 1747 tot

286 1776 496 1823 tantaque
513 1800 525 1820 ‚

284 1836 457 1867 Montibus
474 1843 506 1866 et
521 1836 614 1867 silvis
628 1836 738 1868 studio
747 1836 906 1878 jactabat
918 1836 1019 1867 inani.

344 1915 359 1940 1
369 1898 434 1940 03.
451 1900 608 1943 Nescio
621 1900 726 1954 quid
735 1904 943 1953 spectans.
960 1897 1140 1940 Rectius

282 1967 462 2010 sortasse
498 1967 545 2009 in
585 1967 722 2012 MSS.
755 1967 914 2025 legitur
928 1999 940 2021 ,
984 1968 1141 2011 Nescio

1221 1003 1338 1044 quem
1359 1000 1373 1026 .·
1392 985 1436 1029 id
1456 994 1520 1030 est
1533 1018 1547 1041 ,
1566 984 1827 1029 vilissimum
1847 992 1892 1028 et
1911 985 2077 1043 ignobi-

1222 1051 1311 1095 lem
1332 1051 1570 1110 quemdam
1583 1059 1834 1094 torrentem
1857 1051 2080 1107 aspiciens.

1222 1118 1519 1162 Scribendum
1529 1117 1662 1161 etiam
1673 1116 1858 1159 omnino
1869 1125 1935 1159 est
1946 1118 2081 1159 Ache-

1219 1187 1318 1228 loon
1339 1197 1352 1223 :
1381 1184 1526 1228 Latini
1549 1183 1672 1226 enim
1697 1190 1878 1225 vertunt
1903 1201 1932 1224 ω
1953 1197 2080 1238 mega

1223 1249 1431 1293 Graecum
1463 1249 1511 1291 in
1548 1264 1575 1290 o
1604 1247 1788 1305 longum
1807 1279 1819 1301 ,
1852 1255 1897 1289 et
1916 1245 2081 1289 Graecae

1219 1314 1358 1358 literae
1386 1314 1575 1372 figuram
1604 1328 1699 1355 non
1730 1311 1999 1366 admittunt,
2032 1320 2082 1354 ut

1222 1381 1424 1422 Inachon.
1455 1377 1630 1424 Omnes
1657 1377 1704 1420 hi
1729 1377 1958 1420 accusativi
1978 1385 2082 1420 sunt

1222 1443 1367 1487 Graeci
1379 1459 1389 1486 :
1402 1443 1565 1486 idcirco
1575 1459 1656 1500 per
1666 1459 1692 1485 n
1700 1441 1953 1486 scribuntur
1965 1475 1976 1495 ,
1986 1458 2079 1484 non

1222 1524 1302 1564 per
1313 1524 1353 1550 m
1367 1519 1380 1547 :
1392 1507 1513 1550 nulla
1523 1507 1646 1551 enim
1658 1505 1792 1550 dictio
1809 1507 1925 1564 apud
1944 1506 2079 1550 Grae-

1224 1591 1296 1619 cos
1321 1575 1482 1619 desinit
1502 1575 1550 1617 in
1568 1591 1621 1617 m.
1646 1574 1779 1617 ΜΔΕ.

1283 1640 1372 1683 106.
1397 1641 1566 1694 Rapidi
1577 1641 1702 1682 soles.
1729 1640 1915 1688 Rabidi,
1952 1638 2081 1682 Nea-

1222 1705 1419 1762 politan.;
1429 1703 1506 1748 sed
1516 1713 1560 1747 et
1571 1706 1746 1759 rapidus
1752 1707 1823 1746 sol
1826 1712 1969 1760 potest
1979 1702 2079 1756 dici,

1224 1770 1326 1826 quia
1343 1769 1486 1813 calore
1507 1783 1587 1812 suo
1611 1767 1765 1811 omnia
1788 1768 1901 1826 rapit
1917 1800 1929 1822 ‚
1954 1776 2004 1811 ut
2021 1768 2080 1810 ita

1223 1833 1379 1892 Virgil.
1397 1847 1447 1876 lv
1460 1866 1472 1888 ‚
1489 1831 1652 1891 Georg.
1674 1835 1754 1888 425
1777 1846 1787 1873 τ
1806 1826 1995 1889 rapidunt
2015 1835 2080 1876 Si-

1221 1902 1327 1942 rium
1354 1897 1461 1940 dixit
1475 1929 1488 1952 ,
1524 1905 1569 1940 et
1589 1899 1748 1952 rapida·
1757 1899 1964 1953 flamme,
2008 1914 2082 1940 ra-

1215 1969 1347 2022 pidus
1355 1969 1469 2020 ignis
1477 1965 1635 2022 passim
1650 1973 1904 2008 occurrunt.
1918 1964 1955 2008 B
1961 1977 2080 2009 URM.

857 2260 1274 2331 ELEGIA
1319 2260 1509 2330 VII.

1071 2405 1312 2415 ----

539 2600 591 2629 IN
619 2600 672 2630 SE
700 2600 845 2631 IPSUM
863 2619 875 2642 ,
907 2601 1034 2642 QUOD
1063 2601 1154 2632 SIBI
1185 2599 1309 2631 APUD
1339 2598 1534 2630 AMICAM
1565 2598 1818 2630 DEFUERIT.

288 2708 400 2794 AT
427 2757 545 2794 non
572 2732 817 2800 formosa
846 2747 954 2806 est,
986 2748 1043 2793 at
1068 2757 1187 2793 non
1211 2734 1356 2793 bene
1387 2729 1536 2790 culta
1565 2728 1789 2812 pnella3

366 2830 473 2905 At,
503 2846 645 2914 puto
665 2879 681 2904 ,
709 2855 828 2892 non
851 2830 996 2891 votis
1027 2854 1168 2914 saepe
1202 2829 1378 2913 petita
1400 2826 1537 2887 meis
1561 2826 1573 2885 !

347 3011 383 3037 1.
407 2996 474 3038 At
482 2995 770 3051 nonformosa
784 3001 853 3039 esl
863 3029 874 3047 ‚
895 3001 946 3038 at
957 3011 1039 3038 non
1058 3003 1149 3042 etc(

288 3060 461 3104 Ironice
497 3061 692 3118 loquitur
717 3094 729 3116 ,
775 3070 820 3105 et
851 3070 915 3105 est
945 3076 1095 3105 sensus
1129 3076 1142 3104 x

289 3126 434 3183 puella
452 3127 527 3170 illa
541 3160 554 3182 ,
587 3137 632 3171 et
658 3127 838 3185 pulchra
854 3159 866 3181 ,
892 3136 937 3170 et
956 3135 1109 3170 ornata
1126 3159 1138 3181 ,

289 3201 335 3234 et
355 3208 379 3234 a
398 3208 471 3235 me
491 3209 602 3250 saepe
622 3202 769 3250 optata
789 3193 884 3236 suit.
904 3192 1042 3249 Quod
1062 3208 1141 3235 au-

290 3266 384 3299 tem
406 3256 500 3301 haec
519 3258 661 3314 puella
682 3261 876 3302 formosa
895 3258 1051 3314 suerit,
1073 3274 1141 3301 os-

291 3322 435 3365 tendit
457 3323 639 3367 inferius
655 3357 666 3375 ‚
695 3323 846 3367 dicens
866 3336 876 3363 t

292 3389 341 3420 At
354 3391 484 3431 qualem
501 3392 571 3423 vidi
581 3417 594 3434 ,
615 3392 745 3434 qualem
757 3393 914 3435 tetigique
932 3393 1073 3434 puellam
1088 3393 1099 3424 l

295 3451 490 3509 Moxque
507 3486 520 3509 ,
543 3453 702 3498 eodem
723 3454 859 3499 animi
879 3455 1019 3501 calore
1040 3470 1052 3500 τ

1222 3003 1319 3034 Illius
1332 3001 1375 3033 ad
1387 3008 1513 3032 tactum
1526 2999 1644 3043 Pylius
1661 3000 1872 3041 juvenescere
1888 3003 2010 3040 posset.

1225 3063 1363 3121 Quod
1381 3079 1480 3106 eam
1497 3061 1710 3120 cupiverit
1725 3094 1737 3117 ,
1753 3060 1884 3118 paulo
1896 3058 2081 3104 inferius

1221 3129 1283 3173 ita
1304 3130 1476 3173 indicat
1503 3141 1515 3168 ε

1223 3205 1397 3247 Optabam
1410 3203 1511 3245 recipi
1524 3209 1629 3241 certe,
1648 3213 1723 3233 sum
1735 3211 1852 3242 nempe
1868 3206 2016 3241 receptus
2029 3210 2037 3230 :

1263 3263 1385 3295 Oscula
1399 3263 1502 3302 serre,
1518 3262 1582 3293 tuli
1598 3272 1607 3293 :
1621 3261 1791 3304 proximus
1806 3271 1876 3292 esse
1891 3272 1902 3301 ;
1924 3259 1988 3290 fui.

1222 3326 1327 3370 Non
1343 3324 1479 3381 igitur
1495 3322 1756 3366 affirmative
1771 3320 1878 3363 dixit
1890 3354 1902 3371 ‚
1925 3320 1992 3363 At
1999 3335 2080 3360 non

1212 3391 1408 3447 formosa
1422 3395 1497 3441 est,
1507 3389 1582 3433 sed
1592 3389 1771 3431 ironiae.
1784 3388 1891 3444 Quo
1898 3386 2059 3441 loquen
2067 3408 2078 3413 -

1227 3455 1271 3499 di
1286 3455 1421 3499 modo
1438 3471 1540 3499 usus
1555 3455 1703 3509 etiam,
1719 3454 1903 3498 Metam.
1915 3464 1968 3506 11,
1986 3449 2078 3493 556.

2252 2114 2263 2131 -„
2252 1890 2268 2103 '‘qmt—*mvae2
2256 1829 2268 1878 *st
2255 1755 2268 1817 τηηῑ
2259 1667 2268 1746 kx«.
2244 1638 2268 1654 ,ἶ
2263 1611 2268 1619 .
2246 1555 2261 1567 ⁴„
2247 1522 2268 1535 2
2246 1446 2268 1507 ‘af-‘⁴7
2250 1399 2254 1403 “
2247 1335 2268 1361 ”j
2265 1312 2268 1314 .
2246 1264 2268 1274 s
