2268 3776
291 285 393 354 104

758 288 822 342 P.
867 287 1167 344 OVIDII
1212 290 1588 348 NASONIS

355 400 520 461 Illum
552 426 654 479 ego
686 402 947 462 contendi
977 419 1158 464 mente
1190 425 1368 465 carere
1397 407 1586 467 bona?
2011 444 2060 470 10

275 495 573 558 Thessalus
603 499 811 560 ancillae
835 499 969 560 facie
999 501 1285 562 Briseidos
1313 503 1480 564 arsit:

359 593 524 654 Serva
554 596 836 676 Mycenaeo
868 596 1109 657 Phoebas
1140 612 1318 658 amata
1349 598 1493 659 duci.

276 690 407 749 Non
434 713 537 766 ego
568 690 858 752 Tantalide
887 692 1092 773 major,
1124 715 1225 752 nec
1252 693 1429 774 major
1455 691 1688 755 Achille.

361 785 535 865 Quod
565 785 748 846 decuit
775 811 958 866 regeS‚
992 812 1089 848 cur
1117 787 1255 848 mihi
1286 803 1447 871 turpe
1476 792 1707 873 putem?

280 884 360 941 Ut
390 897 570 943 tamen
593 883 761 944 iratos
792 884 851 944 in
882 899 934 946 te
963 884 1151 945 defixit
1181 884 1416 959 ocellos,
2010 908 2059 949 15

359 979 491 1039 Vidi
522 995 574 1040 te
603 981 738 1040 totis
767 981 1054 1054 erubuisse
1087 982 1258 1061 geniS.

279 1083 358 1142 At
385 1097 625 1164 quanm,
658 1083 705 1143 si
734 1083 878 1144 forte
906 1084 1099 1157 referS‚
1129 1084 1454 1167 praesentior
1478 1084 1630 1168 ipse,

361 1185 470 1245 Per
498 1184 730 1246 Veneris
754 1186 859 1246 feci
887 1187 1116 1247 numina
1144 1211 1341 1266 magna
1362 1186 1559 1247 fidem!

279 1287 396 1359 Tu,
430 1288 575 1361 Dea,
602 1303 668 1349 tu
688 1290 884 1371 jubeas
918 1289 1087 1351 animi
1114 1290 1355 1373 perjuria
1380 1290 1510 1373 puri

271 1481 451 1509 versum
471 1482 649 1510 sensum
670 1466 835 1510 habent
853 1501 864 1522 ,
885 1484 1065 1522 peccare
1081 1473 1128 1512 in

274 1534 477 1574 ancillam
491 1566 501 1583 ‚
529 1540 573 1575 et
591 1536 636 1574 in
657 1536 820 1575 ancilla
843 1549 855 1575 ,¹
875 1533 982 1576 illud
1005 1534 1126 1578 enim

273 1606 339 1640 est
360 1597 520 1654 aliquid
542 1599 818 1642 committere
834 1633 844 1651 ‚
888 1600 1007 1656 quod
1037 1617 1127 1644 an·-

279 1662 386 1705 cillae
404 1662 483 1719 ipsi
505 1672 685 1707 noceat:
703 1663 906 1708 adversus
929 1682 1027 1709 eam
1046 1667 1124 1724 ip-

281 1744 376 1770 sam
390 1726 661 1784 delinquere;
679 1737 728 1772 ut
741 1730 923 1773 Terent.
936 1731 1070 1774 Phor.
1085 1745 1131 1785 v,

282 1806 341 1834 111
355 1826 366 1846 ,
396 1809 445 1835 ιο
461 1809 471 1836 :
494 1796 601 1836 Vide
614 1811 667 1836 ne
677 1799 722 1836 in
734 1801 960 1849 cognatam
963 1812 1133 1852 pecces.

282 1856 341 1900 Et
363 1857 548 1914 Adelph.
571 1871 633 1902 ιν.
658 1873 753 1913 vn,
780 1878 800 1917 7
825 1875 834 1903 :
858 1862 953 1903 Hoc
974 1877 1135 1915 pecca-

281 1928 368 1964 tum
394 1927 439 1964 in
468 1927 669 1978 virginem
699 1928 830 1967 ciuem
861 1931 938 1967 est.
968 1924 1058 1968 Sed
1091 1929 1136 1967 ia

283 1991 445 2030 ancilla
452 2004 653 2042 peccare,
678 1998 741 2032 est
754 2005 976 2045 amorem,
1002 2007 1136 2046 quem

285 2051 465 2095 decebat
474 2053 676 2109 ingenuae
691 2054 961 2111 impendere,
977 2064 1137 2112 praeter

285 2116 496 2160 decorum
518 2122 564 2160 iu
582 2123 785 2162 ancillam
807 2121 1042 2163 transferre
1058 2153 1070 2175 ‚
1093 2129 1138 2164 et

284 2183 344 2238 ita
366 2200 542 2239 peccare
557 2217 569 2238 ,
589 2184 780 2228 amando
797 2201 934 2242 genus
947 2185 1030 2228 vile
1043 2201 1137 2228 mu-

286 2248 445 2291 lierum
463 2283 474 2304 ,
498 2249 614 2306 quod
636 2267 729 2294 non
751 2247 994 2307 opo'rtebat.
1058 2257 1063 2261 ”

346 2330 363 2356 1
375 2331 407 2356 1.
445 2317 676 2358 Thessalus
697 2319 864 2359 ancilloe
884 2325 964 2360 et‘c.
988 2316 1139 2360 Achil-

286 2378 378 2421 lem
411 2388 456 2421 et
487 2380 731 2424 Briseidem
763 2382 988 2439 significat.
1017 2383 1139 2426 Res—

288 2444 450 2500 pexisse
471 2445 733 2489 crediderim
760 2447 813 2490 ad
832 2447 924 2492 haec
945 2448 1137 2503 Horatii,

289 2523 352 2563 Η,
378 2509 465 2552 od.
489 2524 537 2552 1v
555 2543 567 2562 ,
600 2529 623 2554 2
641 2544 652 2565 ,
680 2529 700 2567 7
724 2525 735 2554 z
813 2511 938 2556 Pn'u's
951 2516 1141 2556 insolen-

290 2580 373 2617 tem
393 2577 521 2617 Serva
538 2579 705 2618 Briseis
718 2582 836 2620 niveo
853 2581 991 2621 colore
1006 2579 1145 2621 Mocit

291 2642 518 2684 Achillem.
544 2642 681 2684 Movit
700 2643 885 2698 Ajacem
916 2647 1140 2701 Telamone

289 2711 433 2748 nalum
453 2709 606 2749 Forma
618 2711 792 2762 caplime
803 2711 1011 2750 dominum
1034 2711 1077 2750 T
1068 2725 1142 2751 cc-

294 2788 451 2814 messae.
462 2772 794 2816 ArsffAtreMes
802 2775 939 2816 medio
946 2777 990 2816 in
1003 2777 1141 2816 trium·

286 2840 375 2893 pho
402 2840 569 2892 Virgine
587 2844 722 2893 rapta.

351 2920 368 2945 1
376 2921 413 2945 2.
427 2905 554 2946 Serva
567 2898 788 2962 Mycenieo
799 2907 983 2948 Pboebas
996 2911 1142 2948 amata

292 2970 403 3010 duci.
436 2967 727 3013 Cassandram
747 2970 944 3028 designat
966 3004 977 3026 ,
1000 2987 1096 3028 quae
1117 2988 1141 3014 a

293 3030 463 3074 Phoebo
482 3032 707 3079 divinandi
727 3044 866 3078 artem
895 3045 1139 3092 acceperat;

295 3111 393 3152 qua:
422 3112 559 3152 quum
594 3098 979 3156 Agamemnonem
1001 3100 1140 3158 Argos

293 3170 476 3217 sequuta
493 3172 602 3207 esset
614 3197 626 3218 ,
649 3181 773 3208 causa
786 3166 867 3209 suit
881 3166 1017 3209 curin
1033 3182 1143 3209 con-

291 3227 441 3283 jugem
465 3226 804 3287 Clytemnestra,
823 3231 1036 3290 AEgystho
1050 3232 1140 3275 ins-

292 3291 456 3348 tigante
484 3327 494 3348 ,
544 3295 824 3351 conspiraret.
862 3297 995 3340 Unde
1031 3297 1141 3341 AEs-

293 3355 404 3425 chyl.
425 3358 471 3401 in
495 3359 754 3415 Agamemn
785 3361 910 3404 1383:

286 3410 354 3467 Hv’
373 3425 617 3478 αἰχμάλωτος
638 3431 703 3477 ἣδε
728 3435 793 3473 καὶ
813 3449 847 3472 τ
839 3431 1034 3489 ερασκέτσς
1051 3462 1063 3485 ,

1212 1475 1294 1514 Καὶ
1311 1472 1555 1533 κοινόλεκτρος
1572 1475 1704 1526 τοῦδε,
1731 1473 2003 1529 effractum-703
2019 1504 2032 1527 ,

1214 1542 1321 1588 Πιςὴ
1342 1538 1524 1591 ξρνευνος.

1270 1603 1331 1656 14.
1360 1603 1497 1658 Turpe
1509 1607 1666 1658 putem.
1693 1602 2036 1646 Barberinianus
2052 1635 2063 1656 ,

1210 1668 1296 1707 vile
1316 1682 1328 1708 .·
1350 1682 1443 1710 non
1463 1667 1576 1711 male
1593 1684 1603 1711 ε
1619 1667 1728 1711 nihil
1749 1676 1900 1711 tamen
1921 1675 2063 1710 muto.

1216 1730 1318 1773 Vid.
1338 1731 1409 1775 lih.
1432 1745 1497 1788 11,
1520 1732 1615 1776 Art.
1639 1732 1907 1787 Amatoriae,
1933 1734 2041 1775 215:

1214 1803 1285 1835 Nec
1294 1804 1461 1849 tiib1oturp
1467 1815 1569 1849 puta,
1575 1807 1725 1849 quamvis
1737 1808 1902 1848 seitturp,
1915 1807 1984 1848 plac
1968 1805 2066 1844 cei‚bt

1256 1860 1399 1900 Inegnua
1381 1871 1500 1901 amspe
1490 1861 1580 1891 ulum
1602 1861 1759 1892 siiustnus
1745 1871 1906 1892 semauu
1983 1861 2024 1891 Β.

1275 1922 1742 1978 15.Defix1·t.Dem1·sit
1761 1920 1942 1964 Moreti.
1964 1922 2068 1963 De-

1203 1988 1339 2042 flexil
1356 1988 1491 2043 alius,
1513 1997 1558 2031 et
1577 1988 1744 2031 Douzae
1766 1987 1913 2031 codex.

1277 2052 1338 2095 16.
1359 2054 1504 2096 Sensit
1516 2059 1559 2096 le
1580 2051 1685 2097 {oles
1704 2057 1918 2096 erubuisse
1934 2057 2068 2108 genzlr.

1228 2120 1333 2162 Vidi
1363 2119 1648 2163 scribendum
1693 2135 1797 2163 cum
1847 2118 2071 2161 nonnullis

1218 2184 1408 2241 scriptis,
1427 2185 1510 2228 nisi
1530 2185 1654 2229 malis
1667 2218 1680 2240 ,
1696 2189 1824 2228 sensi.
1846 2183 1962 2228 Nam
1977 2184 2068 2227 duo

1219 2248 1389 2293 codices
1414 2283 1426 2305 ‚
1476 2254 1625 2294 sensit.
1666 2249 1893 2307 Superiori
1936 2249 2071 2292 etiam

1221 2330 1348 2357 versu
1369 2314 1626 2359 concinnius
1649 2314 1787 2373 legas,
1821 2319 1866 2357 in
1894 2330 1960 2357 me
1985 2316 2070 2356 de-

1205 2382 1340 2437 fixit,
1366 2396 1498 2437 quam
1514 2414 1527 2436 ,
1562 2385 1608 2424 in
1635 2386 1689 2424 le.
1710 2382 1880 2424 HEINS.

1282 2463 1299 2488 1
1309 2463 1344 2503 7.
1361 2447 1412 2488 Si
1412 2446 1536 2502 forle
1548 2446 1690 2502 refers.
1705 2447 1757 2489 Si
1767 2451 1906 2489 mente
1919 2445 2069 2501 refers,

1222 2510 1433 2554 Francius
1459 2511 1659 2570 volebat5
1691 2511 1767 2555 sed
1785 2519 1835 2554 ut
1863 2510 2073 2553 Heinsius

1221 2576 1408 2620 correxit
1423 2609 1435 2632 ‚
1475 2577 1566 2634 jam
1597 2578 1752 2621 Douza
1790 2576 2074 2619 adnotaverat

1221 2640 1459 2698 legendum
1473 2674 1486 2696 ‚
1508 2650 1553 2685 et
1574 2641 1808 2698 explicabat
1827 2656 1906 2697 per
1926 2644 2074 2691 memi-

1223 2708 1347 2755 nisti,
1376 2709 1539 2749 recolztc.
1560 2727 1615 2739 —-·
1634 2707 1898 2748 presentior.
1918 2704 2073 2747 Douza

1221 2768 1424 2823 malebat,
1430 2774 1692 2825 prasentia-5,
1697 2770 1785 2814 sive
1795 2773 2074 2813 constantius.

1283 2851 1344 2893 ¹9·
1373 2835 1459 2887 Tu,
1475 2837 1576 2878 Dea
1589 2869 1601 2887 ‚
1621 2840 1667 2878 tu
1673 2834 1834 2890 jubeas
1854 2843 1934 2878 etc.
1957 2834 2073 2878 Ser-

1222 2914 1408 2942 monem
1439 2900 1582 2943 subito
1609 2899 1663 2944 ad
1693 2901 1921 2944 Venerem
1955 2915 2073 2943 con-

1222 2964 1373 3014 vertit,
1398 2973 1441 3007 et
1462 2964 1655 3022 ignoscat
1668 2965 1767 3009 Dea
1785 2974 1910 3023 rogat
1923 2998 1934 3020 ‚
1954 2963 2074 3021 quod

1222 3029 1335 3074 illius
1361 3046 1531 3073 numen
1558 3031 1706 3087 jurare
1737 3039 1783 3074 et
1800 3030 1949 3073 fallere
1979 3045 2073 3072 non

1225 3097 1421 3140 timuerit
1436 3115 1445 3148 ;
1462 3098 1656 3155 petitque
1676 3114 1734 3140 ne
1749 3097 1863 3140 male
1883 3096 1963 3139 sibi
1981 3112 2074 3138 ver-

1224 3172 1320 3207 tant
1338 3162 1476 3206 animi
1493 3165 1683 3220 perjuria
1708 3169 1816 3220 puri.
1851 3163 1925 3207 Sic
1951 3162 2074 3205 enim

1224 3231 1474 3274 Puteaneus
1512 3239 1556 3274 et
1588 3229 1912 3274 Arundelianus
1933 3247 1943 3278 ς
1983 3243 2074 3284 op-

1223 3296 1342 3339 time.
1362 3296 1577 3339 Animum
1587 3313 1736 3351 purum
1757 3303 1802 3338 et
1821 3293 2071 3350 religiosum

1228 3360 1384 3406 Cicero
1405 3362 1635 3418 conjungit
1655 3380 1666 3418 ;
1686 3377 1836 3418 purum
1857 3368 1902 3402 et
1927 3359 2072 3403 inson-

1224 3436 1315 3472 tem
1331 3461 1343 3485 ‚
1369 3428 1593 3472 Horatius.
