2268 3776
242 298 313 351 80
720 294 785 346 P.
838 293 1134 350 OVIDII
1183 291 1564 350 NASONIS

239 407 388 467 Huic
417 404 619 464 furtiva
648 418 746 463 tuo
777 404 1004 465 libertas
1034 429 1258 466 munere
1290 405 1478 477 detur;
1978 425 2025 467 15

325 501 509 581 Quam
541 498 755 561 dederis
785 500 895 574 illi,
930 502 1124 562 reddat
1154 517 1219 562 ut
1242 501 1339 561 illa
1368 502 1490 561 tibi.

243 598 516 659 Conscius
547 620 662 657 esse
692 596 825 657 velis
856 622 868 656 :
899 597 1123 658 domina
1152 612 1236 658 est
1264 598 1509 658 obnoxia
1538 621 1711 659 servo,

322 694 593 755 Conscius
620 717 736 753 esse
760 694 918 754 times
944 718 956 753 :
984 692 1330 753 dissimulare
1353 692 1503 754 licet.

244 792 461 874 Scripta
488 789 633 868 leget
662 814 846 850 secum
877 815 890 851 :
914 805 1146 870 matrem
1173 790 1389 851 misisse
1411 805 1625 873 putato.

320 887 551 948 Venerit
577 887 807 964 ignotus
839 911 852 946 z
877 886 1177 969 postmodo
1203 901 1373 947 notus
1405 902 1506 947 eat.
1734 935 1736 938 >
1973 913 2027 945 20

242 985 360 1046 Ibit
388 984 456 1044 ad
486 982 752 1044 adfectam
771 1030 785 1056 ‚
816 1006 937 1065 quae
962 1006 1080 1042 non
1109 981 1433 1062 languebit,
1467 982 1695 1044 amicam

321 1087 541 1159 Visere;
569 1086 793 1168 judiciis
825 1109 967 1164 aegra
997 1085 1071 1144 sit
1095 1084 1192 1145 illa
1218 1085 1347 1146 tuis.

241 1190 303 1249 Si
329 1189 492 1250 faciet
524 1189 703 1262 tarde,
736 1213 805 1249 ne
831 1203 885 1248 te
915 1212 1075 1247 mora
1103 1186 1274 1267 longa
1294 1188 1523 1267 fatiget,

321 1292 592 1375 Imposita
622 1291 830 1370 gremio
864 1305 1089 1351 stertere
1119 1292 1302 1352 fronte
1331 1306 1510 1374 potes.

242 1397 359 1456 Nec
390 1410 478 1467 tu,
509 1393 800 1472 linigeram
827 1393 947 1454 fieri
979 1393 1115 1476 quid
1143 1394 1325 1476 possit
1354 1393 1423 1453 ad
1452 1392 1601 1465 Isin,
1978 1406 2032 1448 25

326 1496 627 1577 Quaesieris
652 1521 665 1557 ε
688 1520 791 1557 nec
821 1510 883 1557 tu
913 1519 1079 1556 curva
1107 1495 1320 1556 theatra
1348 1494 1495 1555 time.

303 1680 367 1721 15.
395 1679 567 1721 Furtim
593 1679 781 1720 libertas.
812 1675 966 1732 Quam
992 1675 1068 1719 tibi
1085 1708 1097 1730 ,

246 1759 386 1800 quum
403 1742 588 1785 minime
609 1741 847 1799 speraveris
865 1774 876 1796 ,
909 1749 952 1783 et
979 1740 1102 1797 quasi

230 1810 387 1865 furlim
416 1807 608 1850 donabit.
639 1830 696 1853 -,
723 1808 815 1849 Tuo
834 1821 1010 1848 munere.
1045 1805 1100 1847 In

245 1873 378 1917 officii
392 1873 534 1915 vicem
555 1870 673 1928 quod
689 1870 748 1914 illi
767 1871 1016 1927 praestiteris
1032 1903 1044 1925 ,
1065 1871 1102 1913 si

247 1940 351 1997 quid
374 1938 427 1982 de
450 1948 526 1981 tua
543 1937 766 1994 vigilantia
786 1937 1017 1980 remiseris·

301 2023 325 2047 2
334 2022 367 2047 1.
384 2006 473 2046 Ibit
482 2008 532 2045 ut
541 2002 760 2058 affictam
773 2034 785 2053 ,
807 2018 895 2057 qua·
908 2017 991 2043 non
1004 2003 1101 2042 lan-

240 2073 404 2126 guebz‘t,
421 2073 602 2111 amicam
624 2070 750 2111 Visat
759 2081 774 2119 ,·
787 2068 974 2122 sudditis·
992 2083 1102 2122 oegra

246 2141 308 2178 sit
325 2138 399 2177 ille
419 2138 517 2177 tuis.
552 2134 661 2177 Haec
692 2132 816 2176 valde
838 2140 941 2176 sunt
960 2147 1101 2174 men—

249 2203 363 2246 dosa.
385 2202 544 2258 Scripti
565 2200 760 2258 plerique
779 2232 790 2254 ,
823 2201 913 2241 Ibit
934 2201 999 2240 ad
1011 2200 1102 2240 ad-

234 2271 404 2324 flictam
419 2301 429 2318 ,
461 2266 530 2310 vel
547 2299 557 2320 ,
587 2268 651 2308 ad
663 2265 879 2321 adseclam
895 2297 905 2315 ‚
936 2272 979 2306 et
1000 2278 1103 2319 pos-

245 2343 341 2388 tea,
374 2335 500 2376 Vz‘sat
514 2338 560 2374 et
576 2334 759 2374 indicz'zlr.
782 2329 908 2373 Alter
928 2330 1102 2372 Putea-

247 2414 359 2441 neus
371 2430 382 2452 ‚
413 2400 534 2440 Viset
548 2402 594 2439 et
610 2398 795 2439 indzkizlc.
817 2394 1103 2438 Sarravianus

247 2479 351 2506 cum
367 2469 555 2517 quatuor
570 2461 660 2504 aliis
676 2493 688 2514 ,
713 2463 896 2516 Visaque
902 2460 1102 2516 judicil&

247 2527 400 2571 Scribe
417 2560 428 2577 ‚
467 2534 515 2568 ut
536 2525 788 2568 admisimus
810 2542 821 2568 ε

244 2599 314 2630 Ibit
327 2599 368 2629 ad
381 2596 541 2629 adfectam
550 2620 562 2636 ‚
586 2607 659 2638 quae
670 2607 734 2627 non
750 2597 928 2636 languebit,
942 2597 1082 2627 amicam

290 2660 403 2691 Visere
413 2658 431 2689 ?
452 2658 587 2700 judiciis
600 2668 683 2698 oegra
697 2657 739 2687 sit
755 2657 811 2693 illa
825 2657 904 2687 tuis.

245 2724 335 2764 Ibit
352 2725 488 2764 visere
503 2754 514 2772 ‚
550 2728 614 2763 cst
635 2717 897 2770 Graecismus
926 2716 1064 2773 poetis
1088 2749 1101 2771 ,

249 2786 437 2830 maxime
457 2784 692 2841 Propertio
706 2816 718 2838 ,
741 2781 975 2826 familiaris.
998 2782 1058 2824 H.

303 2854 370 2897 23.
399 2852 599 2908 St'sact‘et
617 2853 748 2893 tarde.
770 2851 860 2893 Pro
879 2850 1104 2906 Sacnfica-

247 2921 329 2970 bit,
355 2918 622 2974 explicabant
643 2916 797 2959 Douza
813 2923 857 2957 et
871 2914 1103 2956 Bersman-

246 2998 332 3026 nus
356 3015 367 3037 ,
397 2991 503 3026 nota
530 2982 652 3025 verbi
684 2979 1021 3038 significatione..
1043 2977 1103 3021 Et

247 3048 382 3091 fusius
403 3048 583 3103 explicat
600 3080 612 3102 ,
636 3045 754 3103 quod
774 3044 998 3101 sequitur:

289 3123 359 3154 Nec
374 3130 451 3154 tu...
465 3122 546 3163 fieri
561 3122 644 3164 quid
660 3122 765 3163 possit
777 3121 819 3152 ad
832 3121 923 3161 Isin,

251 3183 441 3224 Quaesieris.

306 3247 372 3287 25.
404 3246 657 3300 Linigerum.
684 3243 803 3300 Quia
824 3244 918 3299 ejus
938 3242 1103 3287 Sacer-

250 3308 374 3352 dotes
394 3309 518 3353 lineis
539 3309 727 3352 vestibus
746 3309 888 3351 induti
909 3309 1103 3358 celebra-

250 3373 357 3416 bant
371 3387 380 3414 t
396 3375 513 3418 unde
526 3375 660 3418 IMart.
673 3375 743 3417 lib.
756 3388 838 3424 XII,
854 3372 933 3430 Ep.
947 3392 1015 3433 29,
1033 3391 1102 3434 19:

248 3446 391 3488 Linigeri
408 3447 540 3488 fugiunt
558 3447 643 3481 calvi
658 3470 668 3487 ‚
692 3447 883 3488 sistrataque
905 3445 1013 3478 turba.

1182 1673 1463 1733 Tranquillus
1477 1671 1609 1718 etiam
1622 1669 1677 1716 de
1690 1668 1873 1716 Othone
1890 1680 1901 1708 ε
1917 1685 1939 1705 «
1951 1667 2031 1711 sa-

1182 1758 1254 1786 cra
1267 1775 1279 1797 ,
1301 1746 1458 1798 inquit,
1484 1741 1617 1783 etiam
1636 1737 1759 1782 Isidis
1778 1752 1889 1793 saepe
1910 1735 1956 1777 in
1975 1737 2034 1776 lc·-

1180 1823 1263 1850 nea
1281 1807 1566 1863 religiosaque
1583 1813 1703 1848 veste
1724 1801 1949 1860 propalam
1966 1815 2033 1842 ce-

1180 1872 1375 1915 lebravit.
1387 1890 1408 1909 »
1432 1872 1487 1914 In
1502 1869 1695 1927 quodam
1714 1877 1865 1910 tamen
1884 1863 2033 1908 codice

1180 1936 1362 1994 legitur,
1381 1938 1622 1990 M'quenam
1636 1950 1649 1977 :
1668 1947 1764 1990 quae
1779 1930 1907 1974 lectio
1924 1927 2035 1971 mihi

1180 2018 1275 2045 non
1308 2002 1503 2059 displicet
1524 2014 1536 2041 z
1562 2017 1668 2044 nam
1694 1999 1795 2043 lieet
1826 1997 1876 2039 Io
1894 2030 1905 2050 ,
1937 2010 2036 2051 quae

1182 2077 1332 2124 postea
1370 2069 1455 2110 Isis
1486 2066 1568 2109 dea
1600 2067 1711 2108 sacta
1745 2072 1839 2118 est,
1883 2060 2036 2104 Inachi

1181 2133 1305 2176 fluvii
1327 2132 1502 2176 Achaiae
1523 2131 1613 2174 filia
1633 2130 1763 2173 suerit
1778 2161 1789 2183 ,
1820 2136 1970 2170 tamen
1991 2133 2036 2168 et

1182 2199 1283 2256 quia
1308 2198 1355 2241 in
1378 2197 1571 2255 AEgypto
1599 2194 1715 2252 apud
1734 2193 1888 2238 Nilum
1914 2190 2035 2247 pris-

1182 2265 1322 2308 tinam
1350 2264 1541 2306 formam
1568 2261 1760 2317 recepit,
1800 2259 1947 2314 ibique
1980 2257 2034 2299 ab

1181 2330 1384 2387 AEgyptis
1401 2328 1637 2382 colebatur,
1652 2325 1757 2369 inde
1779 2324 1924 2382 genita
1937 2338 2037 2365 cre-

1183 2395 1313 2451 ditur.
1347 2395 1622 2451 Quanquam
1647 2401 1692 2435 et
1720 2390 1773 2434 ad
1797 2389 1883 2432 hoc
1907 2387 2034 2430 saciat

1154 2462 1162 2468 ”
1182 2476 1339 2503 eorum
1358 2459 1507 2516 opinio
1520 2492 1531 2514 ,
1551 2458 1626 2514 qui
1644 2456 1848 2500 dixerunt
1870 2451 2033 2496 Isidem

1181 2525 1304 2569 Jovis
1332 2524 1514 2583 AEgypti
1550 2523 1662 2580 regis
1696 2521 1832 2564 filiam
1873 2517 2000 2561 su'isse
2019 2549 2031 2570 ,

1182 2591 1459 2646 eandemque
1498 2605 1600 2632 cum
1638 2586 1804 2630 Cerere
1832 2600 1948 2636 esse,
1983 2591 2034 2624 ut

1181 2655 1405 2698 Diodorus
1418 2654 1576 2698 scribit.
1594 2653 1725 2695 ΜΔΕ.
1745 2649 1896 2693 Codex
1908 2648 2032 2690 Dou-

1181 2736 1241 2763 zae
1254 2753 1265 2773 ,
1286 2723 1520 2774 lanigeram
1533 2751 1545 2769 ‚
1570 2732 1672 2760 cum
1693 2715 1778 2758 hoc
1796 2714 2033 2770 glossema-

1180 2794 1223 2827 te
1247 2796 1257 2822 :
1280 2802 1301 2821 «
1319 2784 1580 2839 Lanigeram
1598 2780 1721 2834 dicit,
1745 2779 1847 2835 quia
1866 2778 2032 2821 Sacer-

1181 2849 1304 2892 dotes
1337 2848 1461 2891 Isidis
1499 2846 1757 2890 deferebant
1800 2842 2033 2886 flosculum

1180 2915 1291 2958 lanae
1310 2930 1442 2971 supra
1466 2921 1595 2970 caput
1615 2927 1744 2955 suum
1761 2943 1773 2965 ‚
1809 2910 1856 2952 in
1878 2908 2031 2951 hono-

1180 2996 1277 3022 rem
1298 2980 1392 3035 ejus
1424 2978 1529 3022 deae.
1554 3001 1609 3009 —-
1630 2979 1752 3019 Fieri
1774 2977 1879 3032 quid
1892 2978 2038 3029 possit

1179 3048 1243 3088 ad
1262 3047 1365 3087 Isia.
1401 3043 1541 3099 Cujus
1561 3042 1689 3086 sacris
1715 3040 1814 3084 ideo
1847 3057 1892 3084 se
1928 3041 2033 3083 Ro-

1180 3127 1323 3154 manae
1359 3109 1617 3153 addicebant
1643 3140 1655 3162 ,
1700 3122 1787 3163 quo
1832 3105 2033 3148 licentius

1181 3179 1305 3222 omni
1337 3187 1592 3234 stuprorum
1623 3175 1773 3233 generi
1798 3207 1809 3228 ,
1850 3174 2033 3217 obtento

1180 3244 1399 3301 religionis
1441 3243 1538 3285 velo
1562 3275 1574 3296 ,
1620 3239 1912 3296 indulgerent.
1959 3237 2031 3279 De

1185 3309 1317 3353 Casto
1366 3308 1489 3351 Isidis
1525 3307 1673 3349 omnia
1702 3306 1792 3362 jam
1829 3304 2000 3360 vulgata
2021 3319 2034 3345 τ

1182 3373 1422 3430 Templum
1441 3381 1589 3415 autem
1603 3405 1614 3427 ,
1635 3372 1683 3415 in
1706 3370 1877 3426 Campo
1897 3367 2030 3410 Mar-

1181 3440 1266 3495 tiO,
1300 3440 1420 3495 juxta
1455 3437 1595 3483 Ovile.
