2268 3776
290 280 400 349 314

742 290 807 341 Ρ.
857 289 1164 346 OVIDII
1217 295 1611 354 NASONIS

368 399 674 481 Impositos
702 419 866 464 vento
895 406 1073 489 panda
1105 411 1284 473 carina
1306 413 1472 474 vehit.
1990 443 2072 499 [βυ

284 497 425 556 Nam
454 497 620 556 modo
644 499 905 562 Threicio
936 505 1112 565 Borea
1133 554 1147 578 ‚
1171 509 1340 569 modo
1374 503 1645 574 currimus
1678 516 1865 578 Euro:

368 592 522 675 Saepe
551 609 765 686 tument
795 600 1049 684 Zephyro
1085 602 1279 677 lintea,
1308 631 1448 690 saepe
1478 611 1647 670 Noto.

285 687 553 771 Adspice,
578 707 642 752 ut
672 694 728 754 in
759 719 925 759 curru
954 700 1125 760 modo
1164 702 1257 762 det
1282 703 1556 768 fluitantia
1583 718 1770 770 rector

362 787 532 860 Lora;
565 791 732 851 modo
763 794 1033 858 admissos
1065 814 1179 860 arte
1206 815 1442 862 retentet
1473 829 1663 888 equos.

283 879 427 942 Sunt
458 885 664 966 quibus
693 889 903 968 ingrate
934 894 1124 955 timida
1145 896 1501 977 ‘indulgentia
1532 903 1729 977 servit,

363 981 464 1054 Et,
493 983 539 1042 si
572 985 722 1048 nulla
754 990 948 1051 subest
970 992 1164 1055 aemula
1182 1042 1197 1068 ,
1224 994 1450 1075 languet
1479 1022 1647 1059 amor.

279 1078 589 1142 Luxuriant
617 1086 783 1147 animi
810 1089 978 1151 rebus
1007 1091 1337 1178 plerumque
1367 1096 1625 1158 secundis
1651 1123 1662 1170 ;

361 1177 475 1237 Nec
504 1179 660 1242 facile
692 1200 774 1244 est
802 1210 956 1270 aequa
987 1192 1276 1252 commoda
1304 1208 1486 1253 mente
1512 1195 1645 1276 pati.

280 1272 360 1330 Ut
388 1271 550 1348 leviS‚
580 1278 850 1343 absumtis
880 1285 1146 1367 paulatim
1172 1289 1421 1361 viribus.,
1451 1290 1599 1368 ignis

359 1372 487 1453 Ipse
517 1372 679 1447 latet,
712 1403 928 1440 summo
957 1384 1153 1445 candet
1181 1386 1238 1444 in
1268 1385 1395 1464 igne
1429 1387 1598 1459 cinis;
1988 1409 2070 1464 440

278 1467 388 1528 Sed
417 1485 597 1532 tamen
627 1476 923 1551 extinctaS,
957 1480 1183 1542 admoto
1217 1482 1456 1556 sulfure,
1479 1483 1722 1545 flammas

355 1573 605 1648 Invenit;
635 1591 688 1636 et
715 1577 931 1655 lumen,
961 1584 1113 1665 quod
1142 1584 1250 1645 fuit
1278 1601 1431 1659 ante,
1461 1587 1638 1647 redit:
1777 1571 1780 1575 ι

275 1673 394 1747 Sic,
419 1675 520 1736 ubi
547 1679 707 1762 pigra
738 1683 878 1756 situ,
912 1709 1211 1771 securaque
1243 1704 1474 1772 pectora
1505 1704 1764 1774 torpent,

301 1797 304 1800 ’
351 1777 592 1841 Acribus
621 1799 702 1843 est
732 1786 970 1848 stimulis
1004 1789 1306 1852 eliciendus
1338 1815 1513 1852 amor.

268 1878 376 1939 Fac
408 1881 595 1943 timeat
624 1885 691 1946 de
722 1902 775 1947 te
792 1935 806 1961 ‚
833 1890 1189 1975 tepidamque
1216 1893 1480 1955 recalface
1507 1876 1747 1978 mentem
1769 1922 1781 1953 :
1982 1913 2065 1967 445

349 1984 559 2048 Palleat
583 1988 790 2051 indicio
824 1993 1068 2055 criminis
1098 1996 1192 2057 illa
1221 1997 1320 2057 tui.

272 2085 324 2145 Ο
356 2103 574 2169 quater,
608 2107 661 2152 et
692 2095 910 2177 quoties
937 2122 1168 2159 numero
1197 2098 1590 2183 comprendere
1620 2123 1743 2159 non
1775 2115 1890 2171 est,

321 2269 416 2324 430.
444 2273 682 2328 Impositos.
715 2275 1033 2323 Ambrosianus
1045 2313 1056 2335 ,
1077 2284 1123 2323 in
1204 2297 1365 2324 summo
1383 2285 1461 2337 qui
1473 2284 1605 2332 calet,
1628 2282 1711 2322 sed
1723 2282 1859 2335 calet,
1876 2295 1971 2323 cum
1990 2295 2066 2322 ca-

259 2342 420 2389 porlus.
457 2338 578 2382 Nihil
617 2351 740 2385 muta
761 2359 771 2386 :
793 2361 873 2401 per
903 2350 1123 2401 impositos
1204 2349 1266 2389 let
1282 2380 1293 2398 ‚
1332 2350 1409 2402 qui
1440 2349 1549 2388 lale!
1560 2379 1572 2396 9
1602 2354 1647 2388 et
1675 2345 1844 2388 Similia·
1880 2344 2030 2388 scribe
2049 2379 2060 2400 ν

266 2401 388 2444 enim
400 2403 603 2462 intelligit
615 2417 826 2465 vectores,
839 2419 883 2454 et
892 2413 1122 2469 proprium
1203 2427 1364 2454 summo
1381 2417 1508 2454 canet
1519 2415 1564 2454 in
1582 2415 1678 2466 tgne
1691 2415 1813 2453 cz‘ntlr.
1828 2410 1948 2454 Hinc
1964 2428 2063 2468 pas-

266 2476 331 2510 est
357 2469 422 2511 rei
447 2472 632 2515 nauticae
662 2475 849 2518 verbum
883 2481 1115 2533 imponere,

266 2549 354 2590 quo
374 2543 563 2580 utuntur
572 2539 842 2597 simpliciter,
857 2559 951 2587 non
969 2543 1118 2588 addito

262 2613 375 2654 saepe
390 2606 502 2652 navi,
516 2603 600 2658 vel,
611 2608 657 2646 in
676 2622 822 2649 navem
836 2623 848 2650 :
862 2608 988 2664 quale
1004 2608 1119 2665 glos-

264 2679 384 2707 sema
399 2665 527 2722 ejecit
538 2685 561 2711 e
580 2667 807 2715 Ciceronis
820 2667 950 2717 Verr.
962 2688 1027 2730 IV,
1049 2691 1115 2729 10,

262 2728 571 2777 celeberrimus
581 2733 779 2779 Graevius
790 2752 799 2780 :
812 2741 1018 2790 Petis-tos,
1027 2756 1119 2795 quoe

262 2799 434 2840 volebat
469 2802 579 2843 clam
611 2801 882 2859 imponenda
904 2837 916 2860 ,
956 2810 1119 2849 occulte

261 2866 523 2916 exportanda
541 2869 727 2910 curabat.
747 2867 912 2911 BURM.

318 2927 413 2981 432.
443 2929 559 2984 Soepe
578 2937 749 2975 tument.
769 2933 873 2977 Non
896 2933 1008 2976 male
1023 2934 1114 2977 Re-

262 2990 354 3047 gius
369 3025 381 3047 ,
410 3009 521 3049 soepe
551 2998 700 3039 damus
718 3013 731 3040 t
749 3006 799 3041 ut
831 3008 884 3059 τῷ
914 3003 1116 3042 currimus

262 3060 510 3103 conveniat.

315 3124 409 3180 437.
440 3128 696 3183 Plerumque.
717 3130 974 3186 Quandoque
991 3129 1113 3172 Linc.

262 3195 308 3230 et
327 3188 545 3233 Mentelii.

314 3254 409 3307 440.
439 3255 605 3299 Summo
625 3260 783 3300 candel
798 3262 844 3300 in
870 3263 966 3315 igne
989 3262 1111 3302 cimzc.

259 3317 309 3361 Si
342 3323 476 3371 cinelr,
503 3322 728 3378 quomodo
761 3327 938 3376 candel,
969 3324 1114 3380 inquit

259 3384 414 3429 Heins.
443 3387 497 3429 In
518 3388 658 3444 Regio
679 3397 723 3431 et
751 3386 843 3432 uno
864 3390 1080 3434 Vaticano
1097 3423 1110 3445 ,

259 3453 386 3502 calet,
421 3461 575 3496 contra
605 3462 800 3497 metrum
830 3471 839 3499 :
869 3455 987 3499 unde
1009 3456 1108 3510 alii,

1204 2477 1289 2519 sim
1310 2477 1427 2534 apud
1443 2485 1594 2534 poetas
1607 2509 1619 2531 ,
1633 2481 1744 2519 cinth·
1758 2492 1912 2527 canus,
1931 2486 1974 2520 et
1977 2478 2062 2533 fa-

1199 2545 1303 2586 vl'lla
1323 2559 1435 2585 cana
1457 2542 1678 2586 dicuntur.
1700 2543 1951 2586 Hnmsws.

1255 2610 1350 2663 441.
1372 2610 1560 2652 Admota
1578 2608 1750 2664 sulfure.
1771 2608 1903 2651 Unus
1926 2609 2058 2651 Pata-

1198 2674 1326 2717 vinus
1354 2708 1367 2727 ‚
1407 2690 1571 2717 carcere
1593 2707 1604 2726 ,
1637 2672 1757 2715 unde
1798 2673 2055 2729 conjiciebat

1200 2739 1306 2781 olim
1336 2739 1547 2782 Heinsius
1568 2755 1579 2790 ;
1611 2743 1753 2780 amolo
1787 2754 1954 2780 carcere
1976 2753 1989 2779 ,’
2006 2746 2056 2779 ut

1198 2820 1347 2847 carcer
1365 2803 1420 2846 sit
1437 2807 1559 2854 σιἰιιίς,
1579 2818 1602 2844 a
1624 2818 1711 2858 quo
1730 2802 1842 2859 ignis
1860 2802 2055 2845 obsessus

1198 2877 1244 2911 et
1263 2868 1453 2911 inclusus
1465 2883 1474 2910 :
1487 2867 1605 2924 quod
1623 2877 1770 2910 tamen
1784 2873 1977 2922 argutum
1991 2867 2055 2909 ni-

1196 2933 1280 2976 mis
1290 2934 1452 2976 fatetur
1464 2933 1473 2975 !
1492 2933 1538 2976 A
1540 2935 1677 2975 dmolo
1676 2935 1860 2988 flamine
1871 2932 2055 2989 Neapol.

1196 3000 1287 3042 Pro
1295 3001 1514 3054 flammas,
1532 3001 1665 3041 loedas
1678 2997 1865 3042 habehat
1883 2997 2053 3054 Argen-

1196 3065 1456 3109 tinensis.—·
1478 3065 1633 3122 Inepte
1655 3065 1803 3107 omnia
1817 3097 1828 3118 ,
1852 3080 1936 3107 nec
1953 3080 2051 3120 quae

1196 3139 1341 3174 tantos
1359 3131 1475 3174 viros
1493 3130 1562 3173 vel
1577 3131 1775 3187 proferre
1796 3129 2021 3172 decuisset.

1250 3198 1345 3251 444.
1373 3198 1632 3239 Eliczendus.
1658 3195 1851 3240 Plurimi
1871 3194 2046 3251 scripti,

1193 3264 1448 3305 ollz'clendus
1466 3278 1479 3303 .-
1498 3260 1574 3304 sed
1593 3260 1760 3304 nonita
1780 3259 1974 3303 feliciter.

1249 3328 1341 3384 447.
1378 3329 1416 3369 0
1432 3332 1633 3383 quantum
1649 3332 1694 3368 el
1705 3329 1867 3381 quoties
1879 3339 2047 3367 numero

1194 3394 1481 3446 comprendere
1491 3407 1575 3433 non
1590 3396 1667 3441 est,
1680 3393 1872 3432 Felicem.
1893 3390 1932 3431 0
1943 3405 2044 3444 quar·

1194 3462 1258 3499 ler
1277 3456 1442 3513 Regius
1461 3472 1563 3500 cum
1581 3464 1770 3510 quatuor
1789 3454 2043 3497 aliiszrectc.
