2268 3776
249 297 316 346 23
703 294 768 346 P.
824 292 1120 350 OVIDII
1165 291 1551 350 NASONIS

803 579 1208 650 ELEGIA
1275 581 1458 651 VII.

561 869 612 899 IN
643 870 694 900 SE
725 870 899 912 Ipsum,
928 871 1053 913 QUOD
1084 870 1275 902 AMICAM
1306 872 1444 904 MANU
1478 875 1696 908 LAESERIT.

248 982 471 1070 ADDE
495 1032 688 1070 manus
716 1008 776 1068 in
804 1009 983 1071 vincla
1009 1033 1184 1086 meaS‚
1214 1036 1461 1074 meruere
1494 1028 1712 1075 catenas
1732 1063 1747 1088 ,

326 1106 476 1165 Dum
502 1105 659 1167 furor
688 1107 868 1168 omnis
897 1107 1046 1180 abit,
1081 1109 1129 1169 si
1161 1110 1286 1193 quis
1313 1111 1521 1171 amicus
1551 1111 1695 1181 ades.

246 1203 386 1261 Nam
409 1202 564 1262 furor
592 1204 650 1264 in
682 1203 960 1265 dominam
991 1207 1277 1269 temeraria
1304 1207 1535 1269 brachia
1562 1208 1750 1270 movit.

324 1298 445 1360 Flet
472 1324 591 1361 mea
611 1325 809 1362 vesana
836 1301 963 1362 laesa
990 1302 1174 1386 puella
1206 1306 1407 1366 manu!

243 1394 401 1454 Tunc
432 1419 534 1474 ego
565 1394 650 1456 vel
679 1419 836 1456 caros
865 1398 1027 1479 potui
1056 1398 1258 1461 violare
1287 1415 1573 1484 parentes3
1997 1419 2023 1459 5

323 1493 473 1553 Saeva
499 1491 583 1553 vel
610 1493 669 1551 in
699 1508 919 1554 sanctos
947 1495 1176 1557 verbera
1202 1496 1344 1558 ferre
1371 1498 1544 1558 Deos.

244 1588 435 1667 Quid?
462 1614 577 1649 non
608 1604 664 1650 et
693 1589 869 1673 clypei
901 1590 1158 1654 dominus
1185 1592 1560 1677 septemplicis
1587 1594 1732 1676 Ajax

323 1685 530 1746 Stravit
559 1686 862 1770 deprensos
892 1687 1002 1750 lata
1030 1714 1132 1774 per
1159 1715 1286 1751 arva
1312 1692 1548 1770 greges?

297 1875 334 1901 2.
369 1860 517 1902 Omnis
539 1861 642 1901 abit.
672 1858 758 1901 Vel
777 1862 872 1902 abit
887 1875 968 1916 pro
988 1862 1100 1903 abiit

242 1923 480 1981 legendum
501 1940 604 1967 cum
624 1923 792 1967 Douzae
812 1923 959 1968 codice
978 1943 989 1978 ς
1027 1926 1097 1969 vel

241 1992 367 2032 abest
395 1998 566 2033 rectum
596 1997 660 2033 est
691 2005 701 2033 ε
735 1989 836 2046 quia
869 1990 904 2032 si
930 1989 1097 2033 rediret

243 2055 393 2106 furor,
418 2054 663 2111 periculum
692 2063 812 2109 erat,
843 2069 901 2096 ne
928 2055 1097 2097 ¹iterum

240 2120 289 2161 in
312 2119 500 2176 puellam
522 2119 724 2163 irrueret.
755 2120 865 2162 Insr.
887 2119 954 2163 El.
976 2133 1005 2163 x
1023 2153 1035 2174 ‚
1056 2137 1095 2180 9.

242 2187 367 2229 Nunc
386 2189 514 2228 timor
528 2190 663 2228 omnis
683 2188 808 2227 abest
826 2200 839 2228 .·
860 2185 936 2228 ubi
962 2185 1096 2228 etiam

241 2249 354 2302 abit,
377 2250 558 2294 codices.
570 2250 734 2294 Bunm.
756 2272 811 2281 —
824 2251 975 2306 Siquis
987 2254 1099 2292 ami-

242 2331 318 2358 cus
337 2319 454 2358 ades.
469 2315 543 2359 Sic
563 2314 749 2358 omnino
768 2314 1008 2372 legendum
1029 2316 1098 2370 (ut

243 2381 291 2423 in
311 2380 572 2424 correctiore
593 2380 740 2424 codice
754 2379 961 2435 vidimus)
977 2397 988 2433 ;
1003 2395 1097 2423 non

243 2449 380 2488 adest.
394 2446 473 2489 Est
487 2454 636 2488 autem
647 2444 782 2488 ordo:
805 2444 848 2489 O
865 2453 914 2488 tu
929 2446 1066 2488 amice
1082 2477 1095 2500 ,

242 2511 278 2554 si
300 2511 395 2568 quis
415 2511 577 2554 amicus
591 2512 718 2561 ades,
742 2509 851 2552 dum
871 2511 1015 2554 omnis
1031 2512 1097 2553 su-

200 2628 201 2637 *
243 2592 321 2620 ror
342 2577 461 2620 abest
475 2608 487 2631 ,
506 2577 617 2618 adde
631 2591 781 2618 manus
801 2583 881 2618 etc.
899 2576 1030 2618 MAR.
1052 2576 1105 2618 St

242 2648 337 2699 quis
355 2647 518 2685 amicus
533 2643 678 2694 adest,
702 2642 862 2684 frustra
881 2642 1010 2684 multi
1029 2657 1096 2685 co-

245 2707 361 2752 dices
382 2721 393 2748 :
421 2708 480 2751 ita
502 2708 660 2750 Horat.
679 2720 738 2750 111
755 2740 767 2761 ,
798 2706 887 2751 od.
909 2724 960 2765 27
980 2740 993 2763 ,
1015 2709 1063 2750 51
1085 2723 1096 2751 :

639 2804 678 2814 ..-
694 2782 726 2813 Ο
738 2784 886 2814 Deorum
897 2806 909 2822 ,

245 2844 280 2875 Si
293 2845 369 2887 quis
389 2843 456 2875 haec
470 2845 576 2875 audis.
819 2845 945 2875 EURI-

300 2907 338 2948 5.
368 2908 487 2948 Tunc
499 2922 576 2961 ego
588 2907 665 2949 vel
670 2922 793 2949 cams
808 2914 888 2949 etc.
910 2905 1094 2949 Nullum

246 2978 311 3013 est
326 2978 417 3012 tam
432 2970 625 3014 immane
647 2972 811 3015 facinus
825 3004 836 3022 ‚
861 2970 980 3027 quod
1001 2986 1094 3014 non

244 3035 314 3078 ille
333 3037 464 3093 possit
486 3036 718 3079 admittere
733 3070 745 3091 ‚
770 3036 846 3094 qui

289 3107 330 3136 In
345 3106 509 3137 dominam
525 3107 694 3137 temeraria
706 3107 837 3138 brachia
848 3107 963 3139 movit.

248 3166 322 3210 Sic
350 3168 548 3224 impietas
566 3167 614 3210 in
642 3176 844 3223 parentes
874 3168 943 3211 vel
966 3166 1099 3211 caris-

249 3232 403 3287 simos,
428 3241 473 3276 et
491 3233 539 3275 in
560 3232 680 3276 Deos
699 3234 970 3290 sacrilegium
983 3266 994 3288 ,
1018 3233 1097 3276 cri-

247 3297 369 3339 mina
388 3297 458 3340 vix
479 3297 581 3340 dicit
595 3330 607 3351 ,
630 3297 663 3340 si
686 3298 824 3339 furori
842 3298 954 3342 illius
973 3313 1097 3340 eom-

251 3362 468 3416 paraveris
482 3395 493 3415 ,
523 3379 657 3417 quem
677 3363 722 3404 in
736 3363 958 3405 imbellem
974 3363 1095 3405 femi-

250 3441 355 3468 nam
367 3459 379 3479 ,
397 3435 443 3469 et
456 3442 553 3469 eam
568 3436 814 3482 amantem,
830 3443 920 3470 non
937 3426 1097 3482 pudeat

1177 1861 1444 1907 debacchari.
1463 1886 1519 1895 —
1531 1863 1834 1906 Potut'violaae.
1849 1861 2028 1919 Neapo-

1175 1926 1335 1972 litanus
1349 1961 1362 1983 ,
1384 1931 1549 1971 laniare
1562 1944 1576 1971 .·
1593 1928 1705 1971 sorte
1726 1935 1842 1971 recte
1860 1944 1872 1979 ;
1899 1943 2029 1970 versu

1178 1993 1300 2036 enim
1320 2005 1384 2036 11:
1405 1995 1567 2036 violare
1585 1993 1801 2051 repetitur
1815 2025 1828 2047 ‚
1849 1991 1924 2035 ubi
1944 2008 2027 2034 ea-

1178 2057 1282 2101 dem
1301 2058 1510 2102 varietas:
1531 2057 1603 2101 hic
1619 2073 1725 2101 vero
1739 2057 1892 2100 malim
1899 2057 2029 2112 jugu-

1177 2127 1277 2167 lare.
1301 2124 1469 2171 Hnms.
1490 2126 1678 2167 Penates
1700 2123 1832 2166 etiam
1856 2122 2031 2165 Putea-

1177 2204 1311 2241 neus3
1334 2188 1410 2233 sed
1427 2188 1537 2232 nihil
1557 2197 1707 2240 muta:
1728 2187 2029 2245 gravissimum

1178 2254 1300 2297 enim
1311 2254 1397 2297 hoc
1409 2253 1578 2298 crimen
1589 2287 1602 2308 ‚
1619 2253 1673 2297 de
1687 2268 1775 2309 quo
1787 2251 1871 2295 vid.
1886 2251 2031 2294 Abra-

1177 2318 1282 2362 ham
1299 2352 1311 2374 ,
1334 2318 1388 2362 ad
1413 2317 1616 2363 Ciceron.
1635 2318 1684 2361 in
1700 2318 1850 2361 vatin.
1871 2333 1961 2373 cap.
1985 2317 2023 2359 5.

1177 2384 1354 2428 Deinde
1377 2416 1390 2439 ‚
1432 2388 1478 2428 iu
1507 2388 1683 2427 sanctos
1711 2397 1831 2425 amm
1869 2396 2032 2424 movere

1177 2451 1299 2492 Deos
1308 2482 1319 2500 ‚
1335 2449 1372 2492 F
1372 2449 1626 2492 amesianus
1638 2456 1684 2491 et
1694 2446 1860 2490 Douzae
1872 2445 2006 2489 codex
2021 2457 2031 2484 :

1177 2515 1337 2558 rectius
1348 2529 1455 2558 vero
1461 2518 1685 2570 parentes,
1709 2527 1841 2569 quam
1849 2515 2030 2566 penates

1180 2579 1274 2637 (qui
1305 2588 1351 2623 et
1375 2579 1458 2637 ipsi
1485 2579 1562 2622 Dii
1587 2575 1713 2633 sunt)
1732 2609 1745 2632 ,
1779 2576 1875 2619 Diis
1908 2574 2029 2632 quasi

1178 2652 1481 2701 opponuntur.
1500 2644 1666 2686 Buam.

1234 2725 1270 2765 7.
1290 2710 1434 2762 Quid?
1453 2723 1538 2750 non
1556 2711 1604 2749 et
1617 2706 1849 2763 clypeietc.
1864 2701 2028 2745 Exem-

1175 2773 1255 2830 plis
1269 2806 1282 2828 ,
1298 2781 1348 2816 ut
1357 2789 1453 2816 mos
1467 2781 1532 2816 est
1543 2805 1554 2826 ,
1577 2778 1719 2815 tentat
1732 2769 1869 2812 lenire
1883 2800 1895 2823 ,
1909 2766 2027 2824 quod

1175 2855 1270 2882 non
1290 2838 1421 2895 possit
1439 2852 1652 2895 purgare3
1686 2844 1730 2879 et
1755 2835 1830 2891 qui
1854 2848 2028 2877 causam

1176 2912 1384 2947 tueantur
1396 2936 1408 2957 ,
1433 2903 1615 2958 Ajacem
1637 2900 1817 2944 advocat
1835 2909 1881 2943 et
1896 2899 2029 2943 Ores-

1174 2978 1252 3011 ten
1275 2984 1285 3011 :
1305 2968 1390 3011 vid.
1413 2966 1617 3024 Sophocl.
1637 2967 1762 3022 Ajax
1777 2964 1963 3022 flagellis.
1985 2972 2030 3007 et

1177 3032 1399 3089 Euripidis
1414 3032 1561 3076 Orest.
1579 3055 1636 3065 —
1652 3033 1873 3086 Quidnon.
1886 3029 2002 3085 Lege
2015 3061 2027 3080 ,

1183 3099 1336 3152 Quid?
1354 3113 1502 3140 nonne.
1524 3096 1598 3140 Sic
1620 3097 1720 3139 infr.
1741 3109 1779 3138 11
1796 3127 1809 3150 ,
1831 3109 1886 3149 x,
1927 3106 2002 3135 12:

1218 3167 1336 3199 Nonne
1349 3173 1419 3197 erat
1438 3167 1474 3197 in
1486 3177 1581 3197 curas
1598 3177 1661 3197 una
1676 3165 1786 3207 puella
1798 3163 1876 3194 satis
1889 3162 1908 3192 Ἰ

1178 3227 1237 3271 Et
1269 3228 1492 3271 Amorum
1534 3227 1647 3271 libro
1680 3239 1737 3268 111
1752 3257 1766 3280 ,
1800 3223 1922 3280 Eleg.
1952 3235 2028 3275 Vt,

1177 3309 1286 3336 vers.
1315 3310 1367 3352 29
1390 3308 1400 3335 :

1143 3358 1146 3361 i
1177 3369 1291 3410 Quid?
1311 3379 1417 3399 nonne
1431 3366 1583 3408 Alpheon
1597 3364 1736 3398 diversis
1752 3373 1881 3394 currere
1893 3362 1987 3392 terris

1219 3430 1363 3470 Virginis
1378 3429 1531 3461 Areadioe
1543 3434 1649 3459 certus
1663 3425 1770 3465 adegit
1785 3423 1901 3455 amm-¹?
