2268 3776
222 321 334 391 446

673 324 738 375 Ρ.
805 322 1110 377 OVIDII
1160 323 1539 382 NASONIS

303 437 458 499 Celet
485 437 668 497 Athos
691 461 703 509 3
731 436 907 499 cultas
937 437 1081 499 altus
1111 440 1345 501 habebit
1370 442 1572 503 Athos.
1955 467 2011 509 30

218 537 322 595 Est
350 535 513 594 etiam
540 533 812 617 placuisse
844 535 954 596 sibi
986 552 1396 620 quotacumque
1426 538 1722 622 voluptas:

298 631 631 710 Virginibus
658 632 812 693 cordi
842 648 1106 717 grataque
1135 634 1313 695 forma
1339 659 1437 696 sua
1460 651 1559 697 est.

217 729 493 792 Laudatas
522 730 741 790 homini
770 729 1010 792 volucris
1038 731 1284 791 Junonia
1312 755 1525 815 pennas

300 825 583 910 Explicat,
611 841 666 888 et
692 827 872 889 forma
893 843 1047 890 muta
1077 830 1336 913 superbit
1366 831 1498 891 avis.

222 924 312 984 Sic
341 924 533 1007 potius
561 947 667 984 nos
696 939 820 985 uret
851 949 1036 997 amor,
1072 951 1238 1009 quam
1266 927 1511 990 fortibus
1539 929 1730 992 herbis
1748 978 1764 1004 ,
1958 951 2011 993 35

302 1022 460 1102 Quas
481 1045 644 1099 maga
674 1021 912 1082 terribili
943 1022 1201 1084 subsecat
1230 1039 1346 1086 arte
1377 1050 1590 1087 manus.

215 1121 330 1180 Nec
360 1141 462 1177 vos
490 1117 863 1195 graminibus,
894 1142 994 1180 nec
1016 1120 1192 1181 mixto
1226 1110 1432 1183 credite
1463 1146 1663 1183 succo:

298 1218 415 1276 Nec
443 1229 651 1276 tentate
681 1239 891 1277 nocens
916 1216 1069 1278 virus
1099 1219 1335 1279 amantis
1367 1238 1539 1303 eq‘uae.

215 1315 331 1374 Nec
359 1310 552 1373 mediae
582 1312 788 1372 Marsis
816 1311 1108 1374 finduntur
1137 1315 1395 1375 cantibus
1426 1339 1634 1395 angues
1659 1340 1671 1389 ;

298 1412 415 1470 Nec
442 1409 589 1470 redit
614 1409 674 1469 in
695 1410 879 1471 fontes
906 1411 1058 1472 unda
1086 1412 1287 1496 supina
1316 1436 1466 1473 suos
1961 1430 2015 1486 40

217 1510 293 1568 Et
322 1508 572 1591 quamvis
602 1506 805 1591 aliquis
834 1509 1111 1570 Temesaea
1141 1510 1437 1570 removerit
1465 1534 1602 1584 aera,

299 1607 601 1689 Nunquam
630 1608 791 1666 Luna
817 1607 934 1667 suis
966 1608 1277 1670 excutietur
1306 1608 1483 1692 equis.

217 1797 299 1838 pro
318 1798 487 1837 ornare;
502 1781 622 1825 unde
635 1813 646 1835 ,
660 1787 840 1836 paratus
854 1797 935 1839 pro
948 1785 1076 1827 cultu.

220 1847 478 1904 Propertius
497 1846 608 1889 libro
631 1846 705 1901 11,
729 1846 851 1904 Eleg.
874 1861 1009 1890 xxw:

259 1917 303 1947 Et
319 1927 352 1947 se
370 1916 444 1957 plus
459 1915 515 1946 uni
532 1916 560 1946 si
574 1927 638 1957 qun
651 1926 765 1957 parare
776 1922 895 1957 potest.

219 1977 289 2020 De
311 1983 465 2020 venatu
483 1980 641 2019 amoris
659 1976 759 2020 alibi
779 1975 961 2020 dictum.
980 1977 1074 2020 Vi—

222 2043 370 2086 derint
389 2043 625 2086 acutiores:
641 2058 724 2100 ego
740 2042 862 2085 enim
878 2042 950 2087 hic
964 2042 1074 2086 mihi

217 2109 287 2152 vix
312 2108 537 2153 satisfacio.
561 2109 729 2152 HEINS.
747 2132 804 2141 —-
822 2108 1040 2166 Legerem
1059 2142 1071 2164 ,

215 2175 360 2232 inquit
381 2175 669 2217 Burmannus
691 2190 701 2216 :
791 2175 795 2179 ’

213 2251 276 2281 Per
291 2261 324 2281 se
339 2261 475 2293 quaeque
488 2257 581 2291 parat
594 2274 605 2289 ,
618 2261 677 2280 nec
694 2262 760 2292 quo
773 2257 912 2281 venetur
927 2259 1053 2280 amores

252 2308 411 2342 Praefert:
427 2310 596 2355 munditiae
609 2311 748 2341 erimina
760 2311 853 2341 nulla
872 2316 1009 2341 merent.

215 2373 316 2416 Hoc
328 2388 459 2416 sensu
471 2405 483 2428 ,
499 2388 776 2429 unaquaeque
797 2372 891 2416 sine
914 2386 996 2429 ope
1014 2371 1072 2415 al-

215 2438 350 2482 terius
373 2446 447 2481 aut
465 2437 646 2481 consilio
666 2438 737 2481 illa
751 2446 898 2495 parat,
917 2438 1075 2494 quibus

213 2521 258 2548 se
281 2503 397 2547 viros
418 2519 573 2560 capere
599 2518 724 2561 posse
747 2512 874 2561 putat
892 2537 904 2558 ,
926 2519 1072 2560 neque

214 2581 365 2615 tamen
381 2570 524 2628 palam
545 2587 635 2627 prae
655 2587 700 2614 se
720 2571 829 2625 sert,
845 2569 1073 2627 quomodo

212 2644 402 2680 venetur
415 2669 427 2690 ,
449 2634 524 2678 sed
539 2635 639 2678 solis
655 2635 886 2678 munditiis
906 2635 951 2678 id
973 2634 1075 2678 effi-

214 2702 296 2755 cit,
321 2701 479 2758 quibus
498 2700 610 2743 nihil
636 2716 816 2757 peccare
841 2701 920 2743 sibi
938 2700 1073 2743 vide—

214 2777 299 2810 tur.
321 2767 423 2810 Hoc
441 2767 534 2824 jam
553 2765 782 2823 sequentia
802 2764 976 2808 docent.

269 2834 293 2875 3
303 2850 335 2875 1.
351 2834 638 2889 Quoecumque.
652 2829 999 2874 commentator
1014 2831 1073 2874 le-

215 2899 299 2955 git,
321 2899 591 2955 Cuicumque,
608 2913 690 2954 pro
701 2931 713 2952 ,
725 2897 931 2940 omnibus
946 2897 1075 2954 puel-

213 2964 287 3007 lis:
303 2979 400 3019 quae
417 2962 670 3006 emendatio
688 2962 819 3020 paulo
838 2961 991 3005 durior
1005 2963 1071 3005 vi-

214 3028 356 3071 detur.
382 3028 478 3085 Ego
498 3043 604 3070 vero
626 3028 800 3078 malim,
823 3029 1073 3081 Quolucum·

215 3111 293 3149 que
314 3110 325 3136 .·
351 3103 401 3136 ut
424 3094 478 3137 sit
497 3110 651 3137 sensus
674 3109 683 3136 :
708 3093 788 3136 Est
814 3093 947 3135 etiam
967 3110 1074 3149 quo-

213 3167 433 3216 lucumque
449 3195 459 3211 ,
486 3161 571 3204 hoc
592 3169 677 3213 est,
697 3159 840 3216 aliqua
856 3159 1072 3216 voluptas,

214 3227 420 3284 placuisse
439 3227 517 3270 sibi
540 3236 620 3271 etc.
645 3228 820 3270 MICYL.

271 3292 337 3346 34.
357 3293 484 3334 Muta
501 3295 687 3346 superbi!
697 3295 802 3334 uvis.
822 3291 874 3334 In
893 3291 1072 3347 quibus-

216 3357 319 3400 dam
358 3358 673 3414 exemplaribus
710 3358 870 3415 legitur
888 3391 900 3411 ,
939 3361 1073 3400 mulla

216 3430 309 3467 avis
326 3440 339 3478 ,²
372 3425 449 3468 sed
475 3426 596 3482 prlor
629 3425 758 3468 lectio
789 3424 900 3467 mihi
935 3424 1071 3481 magis

220 3490 429 3546 probatur
447 3524 458 3546 ,
481 3490 653 3534 tametsi
683 3499 727 3534 et
758 3506 808 3534 ea
838 3489 1069 3533 meliorem

1157 1785 1360 1842 optarim.
1380 1786 1525 1828 Vocat
1545 1791 1695 1827 autem
1714 1788 1872 1825 mulam
1896 1782 2011 1839 (opi-

1156 1847 1264 1907 nor)
1272 1858 1423 1907 poeta,
1439 1865 1532 1892 non
1553 1849 1654 1906 quia
1667 1848 1714 1891 in
1729 1857 1874 1892 totum
1890 1857 2015 1890 muta

1155 1915 1238 1970 sit,
1256 1915 1334 1958 sed
1355 1913 1476 1971 duod
1495 1924 1677 1959 cantum
1698 1914 1872 1957 nullum
1894 1913 2011 1967 edat,

1156 1980 1232 2024 sed
1262 1989 1438 2024 tantum
1469 1980 1751 2024 inconditum
1774 1979 2014 2036 quemdam

1156 2054 1201 2088 et
1229 2061 1415 2089 raucum
1447 2045 1700 2088 clamorem.
1732 2045 1792 2087 Et
1820 2043 1925 2101 quid
1942 2078 1952 2094 ,
1975 2044 2011 2086 si

1155 2114 1290 2153 stulta
1298 2111 1426 2168 legas,
1439 2126 1520 2168 pro
1531 2113 1692 2154 multa?
1702 2109 1876 2153 MICYL.
1887 2108 2016 2152 Idem

1154 2175 1227 2219 lib.
1245 2176 1372 2219 Mass.
1385 2182 1514 2219 caula
1530 2178 1726 2231 superbit.
1747 2174 1874 2218 Alter
1889 2190 2012 2228 vero,

1155 2246 1273 2284 mula
1289 2257 1302 2283 .·
1314 2255 1407 2283 non
1426 2239 1636 2296 displicet.
1653 2237 1786 2282 C1or.
1811 2239 1897 2282 Alii
1912 2242 2013 2281 mul-

1155 2313 1224 2362 la,
1242 2307 1311 2350 alii
1330 2311 1492 2350 stulta:
1513 2306 1622 2350 mihi
1644 2306 2014 2365 simplicissimum

1154 2371 1330 2415 videtur
1345 2405 1358 2427 ‚
1381 2371 1501 2428 quod
1535 2372 1761 2415 Palatinus
1787 2371 1919 2415 habet
1941 2405 1952 2425 ,
1974 2378 2018 2415 et

1142 2436 1290 2492 forum
1307 2441 1406 2480 laela
1425 2440 1614 2493 superbit
1627 2441 1732 2480 uvis.
1749 2436 1808 2480 D.
1818 2437 1987 2480 HEINS.

1210 2503 1277 2546 35.
1314 2505 1401 2546 Vos
1430 2507 1532 2545 utel.
1566 2501 1686 2560 Lego
1717 2519 1769 2545 ex
1796 2502 2013 2558 antiquo-

1155 2585 1258 2610 rum
1271 2567 1474 2612 codicum
1489 2569 1723 2612 autoritate
1737 2601 1749 2622 ,
1764 2570 1858 2612 Nos
1871 2574 2018 2624 lange!

1154 2650 1301 2676 umor:
1319 2642 1370 2676 ut
1387 2633 1441 2677 sit
1461 2649 1613 2676 sensus
1629 2649 1638 2676 :
1658 2632 1823 2693 [acilius
1842 2649 1924 2676 nos
1945 2633 2013 2675 vi-

1154 2718 1227 2744 ros
1254 2702 1302 2744 in
1337 2716 1539 2744 amorem
1570 2708 1767 2743 vestrum
1800 2699 1979 2742 trahetis
1997 2732 2009 2753 ,

1154 2767 1278 2810 cultu
1297 2765 1493 2823 corporis
1509 2798 1520 2820 ,
1544 2780 1675 2822 quam
1697 2764 1874 2821 magicis
1895 2764 2011 2807 arti—

1154 2833 1246 2876 bus.
1270 2831 1403 2874 ΜΔΕ.
1427 2831 1588 2887 Scripti
1608 2846 1710 2873 cum
1742 2829 1886 2886 prima
1906 2829 2010 2872 edi-

1155 2898 1275 2940 tione
1291 2930 1302 2952 ,
1329 2903 1449 2952 urge!
1473 2913 1486 2939 :
1514 2912 1628 2939 unus
1662 2895 1980 2940 Ambrosianus
1996 2930 2008 2952 ,

1154 2977 1230 3003 vos
1251 2966 1354 3003 uret.
1373 2961 1490 3018 Lege
1507 2993 1519 3015 ,
1535 2962 1652 3003 ffi‘nc
1661 2965 1806 3016 polius
1821 2977 1898 3004 nos
1917 2967 2014 3003 urat

1153 3030 1300 3071 Amor.
1319 3028 1752 3071 HEINs.—Forlibus
1769 3030 1919 3071 herbzlr.
1937 3028 2010 3071 Ti-

1152 3095 1240 3137 bul.
1264 3095 1308 3148 I,
1332 3108 1402 3148 lx,
1431 3111 1476 3150 17
1503 3110 1513 3136 ε
1526 3097 1785 3153 μρῖίειιίίὖω·
1803 3096 1956 3136 herbis.

1207 3160 1273 3219 39.
1292 3161 1531 3203 Finduntur
1542 3162 1737 3202 cantibus
1749 3175 1922 3214 angues.
1940 3158 2011 3202 Ci-

1152 3233 1214 3268 tat
1228 3225 1323 3268 haec
1341 3224 1565 3268 Charisius
1576 3224 1648 3267 lib.
1661 3224 1698 3279 Ι,
1715 3224 1760 3267 in
1773 3225 1909 3268 verbo
1923 3226 2012 3267 Aa-

1147 3296 1243 3346 guz's
1257 3309 1268 3334 ,·
1283 3292 1377 3348 ejus
1397 3290 1530 3333 verba
1548 3299 1651 3334 sunt
1663 3308 1672 3334 :
1685 3292 1854 3346 Anguis·
1863 3325 1874 3342 ‚
1887 3307 2008 3346 quum

1149 3362 1212 3399 sil
1222 3360 1452 3400 masculini
1458 3361 1622 3412 generis
1635 3391 1644 3406 ‚
1659 3359 1859 3399 dixerunt
1871 3362 2010 3398 tamen

1150 3423 1424 3479 elfemim‘ui,
1447 3432 1497 3466 ut
1513 3423 1738 3466 Tibullus:
1754 3425 1880 3464 Iralae
1899 3424 2011 3464 dcli—

1151 3496 1222 3534 nel
1231 3493 1409 3546 augum
1427 3507 1447 3533 e
1456 3498 1469 3531 t
1489 3488 1675 3533 Ovidius
1692 3506 1701 3533 2
1719 3491 1872 3532 Mhdzxoe
1886 3490 2010 3531 Mar-
