2268 3776
726 283 1138 340 REMEDIA
1186 283 1557 341 AMORIS.

1935 285 2046 363 42⁹9

255 404 372 466 Cur
390 426 554 464 nemo
586 415 696 474 est,
726 398 970 462 Hecalen
991 423 1004 473 ;
1029 398 1184 463 nulla
1213 415 1329 474 est,
1363 425 1486 485 quae
1515 402 1726 485 ceperit
1750 403 1925 463 Iron?

331 502 544 584 Nempe
573 497 726 583 quod
756 497 894 559 alter
920 520 1118 578 egens,
1143 496 1314 559 altera
1344 521 1560 582 pauper
1588 513 1720 560 erat.

253 601 386 660 Non
413 597 607 669 habet,
633 594 779 657 unde
812 619 975 657 suum
1000 608 1299 680 paupertas
1327 609 1518 678 pascat
1545 619 1820 657 amorem:

336 698 468 758 Non
500 709 679 755 tamen
707 692 816 754 hoc
848 692 987 755 tanti
1017 708 1132 766 est,
1162 715 1376 777 pauper
1401 707 1467 754 ut
1492 717 1612 755 esse
1634 693 1785 755 velis.

1966 714 2046 769 750

255 794 334 854 At
359 791 463 853 tibi
497 791 571 854 sit
596 791 765 865 tanti,
788 814 908 852 non
934 789 1223 870 indulgere
1240 783 1513 863 'theatris;

335 890 487 950 Dum
514 889 658 951 bene
693 888 760 951 de
790 913 963 951 vacuo
994 903 1221 974 pectore
1249 887 1406 950 cedat
1435 912 1604 950 amor.

256 987 535 1048 Enervant
562 987 779 1048 animos
808 986 1032 1049 citharae
1049 1033 1064 1060 ‚
1095 985 1383 1071 lotosque,
1409 984 1648 1071 lyraeque
1674 1010 1689 1060 ;

335 1086 413 1146 Et
439 1109 570 1159 vox,
595 1100 652 1148 ει
679 1084 926 1146 numeris
953 1084 1185 1148 brachia
1212 1078 1526 1147 mota‘suis.

254 1179 377 1243 Illic
403 1182 631 1245 adsidue
657 1182 773 1244 ficti
803 1181 1076 1246 saltantur
1100 1197 1346 1246 amantes
1367 1207 1380 1256 ;
1970 1198 2050 1255 755

337 1279 496 1360 Quid
517 1304 704 1342 caveas
734 1295 917 1354 actor,
944 1280 1082 1365 quid
1107 1281 1288 1363 juvet,
1314 1295 1431 1342 arte
1457 1278 1636 1342 docet.

254 1374 506 1461 Eloquar
533 1378 742 1439 invitus
767 1405 780 1439 :
808 1394 1027 1441 teneros
1053 1402 1125 1441 ne
1155 1394 1318 1459 tange
1345 1394 1557 1465 poetas.

339 1472 656 1534 Submoveo
688 1474 847 1536 dotes
878 1475 1086 1560 impius
1115 1477 1235 1561 ipse
1267 1500 1433 1538 meas.

258 1569 656 1634 Callimachum
685 1572 901 1652 fugit03
927 1597 1041 1634 non
1070 1588 1156 1636 est
1181 1573 1441 1636 inimicus
1466 1573 1697 1645 Amori3

315 1746 406 1803 747.
437 1747 525 1790 Cur
551 1762 670 1790 nemo
697 1751 782 1798 est,
810 1749 1003 1791 Hecalen
1035 1756 1117 1792 etc·

258 1810 421 1854 Hecale
440 1810 524 1855 suit
545 1827 654 1855 anus
671 1812 953 1869 pauperrima
969 1845 980 1862 ,
1021 1828 1118 1870 quae

258 1873 484 1919 Theseum
515 1875 703 1934 hospitio
726 1877 905 1935 excepit.
934 1900 990 1910 —
1019 1878 1118 1921 Irus

255 1939 340 1984 suit
361 1957 414 1985 ex
432 1940 581 1986 Ithaca
602 1941 858 1998 mendicus,
883 1941 937 1987 de
960 1956 1049 2000 quo
1067 1941 1114 1986 in

257 2004 453 2062 Epistola
469 2006 611 2064 prima
627 2040 638 2061 ,
662 2006 746 2050 vol.
770 2022 810 2063 1,
838 2023 933 2066 pag.
957 2023 1020 2051 ιο.

270 2116 277 2122 ,
312 2071 406 2130 753.
418 2073 635 2116 Enervant
644 2076 811 2116 animos
819 2075 1003 2125 cithare,
1016 2090 1114 2118 can-

255 2142 421 2194 tusque,
444 2140 634 2198 Iyraeque.
668 2140 1117 2196 Ce'tharaequejocique

256 2211 458 2260 excerpta
467 2202 676 2247 Politiani
685 2211 729 2247 et
739 2203 870 2247 multi
879 2203 949 2248 alii
960 2219 1111 2256 :unu-s,

255 2269 431 2310 cilbarae
438 2268 615 2325 jocique
629 2285 642 2310 .-
659 2267 886 2324 quomodo
902 2276 948 2313 et
963 2285 989 2314 a
1003 2270 1114 2313 Viu-

256 2333 404 2378 centio
437 2333 738 2379 Bellovacensi
769 2335 957 2380 memini
994 2337 1112 2382 cita-

257 2407 367 2442 tum.
389 2399 554 2458 Regius
567 2433 579 2455 ,
596 2402 770 2444 cithare
780 2405 974 2459 latosque
990 2405 1113 2461 lyra·
1137 2419 1141 2423 ·

255 2480 336 2520 quc
354 2481 367 2508 .-
396 2465 564 2523 optime
598 2482 681 2524 pro
712 2470 825 2511 lotos
847 2483 860 2510 .-
882 2468 1112 2525 quomodo

257 2531 468 2590 Scaligeri
479 2549 657 2592 quoque
672 2544 895 2593 excerpta:
906 2545 1037 2594 atque
1050 2537 1111 2581 ita

257 2600 351 2655 jam
371 2599 426 2644 ad
447 2600 655 2646 solinum
675 2602 912 2648 Salmasius
928 2637 940 2659 ,
954 2620 1007 2647 ex
1024 2604 1113 2648 suis

255 2665 491 2711 codicibus.
522 2690 579 2702 --
604 2670 739 2712 lotos
753 2703 765 2721 ‚
801 2678 866 2714 est
888 2670 1116 2715 arbuscula

257 2730 434 2787 Africae,
451 2733 577 2791 cujus
589 2733 716 2791 lignis
732 2734 785 2778 ad
802 2735 928 2779 tibias
946 2745 1115 2781 veteres

255 2797 524 2853 utebantur3
547 2800 666 2844 unde
689 2817 771 2859 pro
790 2801 904 2845 tibiis
924 2801 1025 2860 ipsis
1044 2801 1117 2847 hic

256 2863 451 2919 ponitur.

315 2930 410 2985 755.
436 2929 558 2972 fitz-te·
568 2933 787 2974 saliantur
801 2937 1009 2975 amantes.
1029 2931 1119 2975 Alii

256 2992 430 3038 codices
443 3026 456 3048 ,
469 3000 704 3039 cantantur
711 3003 907 3041 amantes
918 2997 988 3041 vel
1000 3014 1119 3041 amo-

259 3075 327 3102 res
341 3068 391 3112 ‚et
412 3059 598 3104 similia:
620 3061 698 3104 sed
711 3062 776 3105 nil
791 3064 1074 3109 mutandum.

314 3126 408 3183 756.
441 3129 561 3182 Quid
572 3144 728 3172 caveas
745 3133 892 3182 actor,
926 3132 1118 3187 quidsu-

259 3196 346 3243 νεῖ,
376 3198 470 3235 arte
499 3196 635 3237 docet.
668 3194 812 3238 Locus
842 3190 1084 3240 mendosus
1102 3211 1114 3239 ι

258 3256 408 3314 scripti
418 3258 617 3316 plerique
629 3293 640 3315 ,
654 3265 807 3304 auctor
816 3270 861 3306 et
869 3261 1011 3316 liceat.
1024 3261 1119 3305 Re-

263 3322 382 3380 gius,
408 3340 493 3380 qua
500 3325 638 3373 juvet.
656 3325 806 3384 Lego-z

291 3393 383 3433 Quas
396 3404 509 3424 caveus
522 3401 627 3432 actor,
637 3406 703 3437 qua
717 3396 810 3436 juvet
821 3402 890 3427 arte
906 3396 1011 3428 docet.

269 3454 431 3497 caveas
459 3454 564 3499 dixit
591 3471 673 3513 pro
703 3458 1046 3515 spectatoribus,
1070 3459 1117 3502 in

1199 1764 1330 1794 eavea
1350 1749 1616 1794 sedentibus.
1639 1749 1808 1793 Hzms.
1821 1772 1877 1781 —
1897 1748 2055 1792 Nescio

1200 1831 1257 1859 au
1278 1823 1411 1859 recte.
1435 1815 1616 1858 Caecum
1635 1813 1810 1858 dixisset
1833 1812 2022 1858 Ovidius
2042 1848 2054 1867 ,

1196 1881 1233 1925 si
1252 1880 1344 1925 hac
1363 1879 1443 1938 ipsi
1466 1895 1593 1924 ruens
1613 1878 1788 1930 fuissem
1810 1894 1956 1936 neque
1977 1894 2054 1921 ca-

1198 1961 1297 1990 veas
1309 1981 1319 1997 ,
1339 1962 1361 1989 a
1376 1961 1543 1997 cavere,
1559 1943 1663 2002 quid
1681 1943 1766 1988 huc
1778 1942 2052 1989 saciatvideo.

1197 2010 1245 2056 Si
1272 2012 1396 2056 enim
1418 2010 1548 2055 docet
1573 2009 1679 2067 quid
1703 2010 1759 2053 sit
1787 2008 2018 2053 vitandum
2039 2043 2050 2062 ,

1196 2094 1291 2128 non
1322 2075 1525 2123 vitandos
1557 2091 1649 2120 esse
1679 2074 1843 2119 mimos
1874 2073 2054 2118 doceret

1194 2152 1338 2204 poeta.
1358 2144 1572 2201 Legerem
1590 2158 1600 2184 :

1237 2214 1313 2255 Qua
1325 2213 1451 2255 oapi-o,
1461 2218 1563 2250 notor,
1577 2210 1668 2254 qnod
1678 2212 1773 2253 juvat
1783 2233 1794 2248 ,
1808 2216 1879 2241 arto
1889 2209 1995 2242 docet.
2012 2211 2050 2242 B.

1252 2275 1344 2334 758.
1365 2276 1527 2331 Impius
1541 2277 1633 2330 ipse
1649 2288 1780 2316 meas.
1798 2271 2053 2325 Patavium,

1194 2345 1282 2385 mei
1295 2357 1308 2384 .·
1331 2340 1422 2384 duo
1454 2338 1524 2383 alii
1541 2372 1554 2392 ,
1586 2354 1681 2382 esse
1699 2354 1712 2381 .·
1741 2338 1856 2381 sorte
1874 2370 1887 2392 ,
1917 2341 2054 2392 ipsius

1193 2423 1290 2451 ecce
1306 2409 1394 2448 mei
1407 2409 1572 2461 :ipsius
1591 2404 1715 2447 euim
1737 2402 1828 2446 duo
1849 2402 1932 2446 alii.

1251 2474 1345 2532 759.
1365 2472 1570 2514 Ininu‘cus
1587 2470 1753 2514 Amori.
1772 2469 1948 2512 Amores
1962 2468 2054 2512 Pu-

1192 2547 1377 2583 teaneus
1385 2547 1430 2582 et
1438 2538 1594 2597 viginti
1602 2546 1648 2582 et
1659 2554 1777 2581 unus
1787 2536 2062 2580 alii.Amanli

1193 2604 1315 2648 idem
1327 2605 1515 2649 Putean.
1527 2620 1698 2649 amanu
1709 2602 1922 2649 secunda:
1937 2620 2057 2658 mox,

1197 2675 1245 2714 Iu
1268 2686 1453 2727 quoque,
1478 2670 1589 2720 Coe,
1618 2675 1737 2713 taces
1754 2685 1872 2714 unus
1898 2668 2056 2712 Heius.

1200 2735 1403 2792 Ansact’s
1416 2739 1440 2781 ?
1447 2734 1601 2791 facere
1612 2752 1706 2779 cum
1720 2738 1864 2791 aliquo
1880 2735 2061 2791 elegan-

1198 2811 1283 2846 ter.
1307 2803 1466 2846 Horat.
1493 2802 1538 2846 ΙΙ
1555 2836 1568 2858 ,
1592 2802 1675 2860 Ep.
1695 2817 1712 2845 1
1729 2835 1742 2856 ,
1763 2802 1844 2846 68:
1865 2803 1930 2844 Et
1944 2807 2062 2857 sapit

1197 2873 1243 2911 et
1260 2868 1574 2924 nccumfac1'15
1599 2876 1644 2910 et
1670 2868 1731 2910 ita
1751 2883 1864 2925 saepe
1897 2865 2059 2910 Cicero

1196 2943 1245 2978 et
1261 2934 1354 2977 alii:
1367 2942 1418 2976 ut
1435 2934 1753 2988 contrafacere
1763 2934 1966 2975 adversus
1980 2936 2058 2974 ali-

1198 3016 1318 3056 quem
1333 3033 1343 3050 ‚
1367 2997 1423 3041 de
1445 3014 1535 3055 quo
1562 2997 1662 3042 vide
1687 2997 1971 3042 Gronovium
2005 2997 2061 3040 ad

1199 3063 1396 3108 Gellium
1410 3077 1464 3117 Π,
1479 3061 1901 3106 22.—Callimachus
1914 3060 2062 3121 Cyre-

1198 3145 1322 3174 naeus
1336 3162 1349 3183 ‚
1373 3145 1397 3171 a
1410 3129 1541 3173 Batto
1559 3128 1774 3172 oriundus
1789 3161 1801 3183 ,
1820 3128 2061 3185 elegiarum

1197 3195 1384 3252 scriptor
1420 3194 1768 3252 elegantissimus
1793 3227 1806 3250 ,
1847 3194 2062 3237 amatoria

1200 3260 1254 3304 de
1273 3261 1397 3320 Lyde
1411 3261 1661 3318 composuit
1673 3261 1886 3315 carmina,
1908 3261 1979 3304 cui
1994 3277 2063 3303 se-

1199 3327 1370 3372 cundus
1384 3327 1651 3383 Philetas,ex
1665 3326 1766 3372 Coo
1776 3328 1919 3372 insula
1931 3327 2066 3370 maris

1199 3393 1331 3451 AEgei
1343 3393 1573 3437 oriundus.
1592 3393 1909 3452 Perlegendos‚
1925 3401 1971 3436 et
1985 3392 2064 3435 ad-

1201 3458 1326 3503 sidue
1342 3458 1542 3515 quidem,
1553 3468 1764 3514 suaserat,
1779 3458 2068 3517 Art111‚32‹3.
