2268 3776
554 330 943 386 AMORUM
990 329 1076 383 11.
1124 328 1382 383 ELEG.
1436 328 1550 382 XI.

1879 346 1977 402 117

199 447 401 508 Tutius
431 462 515 508 est
539 446 741 508 fovisse
770 461 988 518 torum,
1020 445 1219 524 legisse
1249 443 1501 518 libellos;

280 541 587 604 Threiciam
619 542 809 622 digitis
840 541 1177 626 increpuisse
1202 539 1390 625 lyram.

200 641 301 712 At,
337 640 383 700 si
409 664 544 700 vana
570 639 756 701 ferunt
780 639 1031 701 volucres
1058 662 1178 701 mea
1204 637 1351 699 dicta
1377 634 1634 721 procellae
1651 682 1666 709 ‚

281 736 466 819 AEqua
490 751 670 797 tamen
696 737 877 820 puppi
908 737 982 797 sit
1013 735 1237 797 Galatea
1264 749 1371 794 tuae
1396 734 1410 792 !

201 832 460 893 Vestrum
485 834 691 896 crimen
719 835 824 896 erit
854 834 979 896 talis
1002 834 1213 916 jactura
1242 830 1465 916 puellae,
1933 845 1984 885 35»

279 930 650 1015 Nereidesque
680 933 845 1006 Deae,
868 931 1276 1014 Nereidumque
1304 942 1475 1012 pater.

201 1024 352 1087 Vade
383 1051 593 1090 memor
621 1030 827 1103 nostri,
857 1043 1021 1090 vento
1051 1027 1296 1089 reditura
1323 1022 1602 1087 secundo:

280 1122 516 1207 Impleat
543 1124 637 1186 illa
667 1141 794 1187 tuos
819 1126 1022 1187 fortior
1052 1149 1183 1186 aura
1211 1123 1383 1184 sinus.

202 1218 348 1279 Tum
370 1242 517 1282 mare
539 1221 598 1282 in
626 1222 741 1284 haec
769 1245 1003 1301 magnus
1030 1218 1307 1305 proclinet
1333 1217 1500 1279 litora
1527 1216 1739 1276 Nereus
1766 1238 1779 1285 3

283 1314 410 1374 Huc
435 1317 583 1377 venti
610 1318 848 1401 spirent3
875 1318 985 1378 huc
1016 1331 1143 1395 agat
1169 1330 1334 1377 aestus
1363 1336 1550 1397 aquaS.
1933 1322 1989 1378 4⁰

201 1410 331 1494 Ipsa
350 1435 510 1491 roges
539 1414 775 1497 Zephyri
801 1414 1024 1475 veniant
1052 1414 1110 1473 in
1136 1412 1306 1473 lintea
1333 1410 1486 1495 pleni
1515 1434 1529 1471 ε

184 1588 187 1590 v
285 1511 416 1592 Ipsa
444 1524 540 1571 tua
571 1534 790 1571 moveas
820 1510 1040 1588 turgida
1068 1508 1186 1569 vela
1214 1532 1397 1569 manu.

205 1603 425 1667 Primus
449 1629 552 1685 ego
582 1606 881 1691 adspiciam
906 1620 1096 1666 notam
1127 1605 1193 1666 de
1222 1604 1385 1666 litore
1407 1603 1632 1687 pinum;

222 1728 225 1731 ·
285 1705 362 1764 Et
389 1704 599 1766 dicam:
623 1707 864 1765 Nostros
893 1702 1116 1763 advehit
1143 1691 1237 1763 illa
1265 1703 1451 1762 Deos!

207 1800 601 1885 Excipiamque
628 1800 900 1882 humeriS‚
931 1814 987 1861 et
1012 1798 1186 1860 multa
1213 1797 1330 1858 sine
1363 1795 1556 1856 ordine
1590 1816 1809 1877 carpam
1932 1809 1987 1866 45

207 1969 329 2014 Infra
349 1970 508 2015 Noster
527 1970 598 2015 lib.
620 1984 678 2015 111
695 2002 707 2026 ,
731 1969 853 2029 Eleg.
875 1983 912 2014 11
931 2001 943 2025 ,
968 1971 1021 2025 48
1039 1984 1050 2014 2

204 2038 266 2071 Nil
280 2038 362 2070 mihi
375 2050 453 2071 oum
465 2040 578 2082 pelago
595 2051 604 2072 ι
626 2052 677 2071 me
690 2051 766 2072 mea
781 2048 873 2071 terra
886 2040 986 2083 cupit.

206 2100 280 2145 Sic
292 2100 514 2160 eleganter
524 2117 698 2159 quoque
710 2101 880 2156 Florus,
891 2102 961 2145 lib.
973 2115 1047 2156 111,

205 2181 298 2222 cap.
315 2165 344 2209 6
368 2182 379 2210 :
403 2168 638 2223 Eodemque
665 2173 841 2224 tempore
865 2173 910 2210 et
932 2184 1050 2210 usum

204 2234 335 2275 mat-125
346 2234 537 2276 manibus
561 2236 836 2288 recuperavit,
869 2238 913 2276 et
937 2238 1051 2276 term

206 2298 391 2342 homines
408 2312 508 2342 suos
526 2299 718 2343 reddidit.
749 2298 913 2344 BURM.

262 2361 330 2404 31.
358 2363 555 2408 Libellos.
590 2364 798 2407 Libellum
811 2397 823 2416 ‚
847 2365 1053 2408 Franco-

208 2425 312 2469 surt-
335 2435 382 2471 et
407 2427 586 2471 Moreti.

264 2491 332 2546 34.
357 2493 497 2549 AEqua
526 2498 663 2537 tamen
691 2501 824 2551 puppi
861 2503 941 2540 etc.
981 2494 1055 2539 sic

210 2571 386 2614 quoque
409 2558 608 2616 Propert.
627 2573 678 2614 1⁷,
697 2559 819 2616 Eleg.
838 2573 951 2614 viu,
978 2560 1051 2614 18,

210 2637 349 2678 quum
371 2621 611 2682 Cynthiam
630 2641 755 2668 suam
768 2641 792 2668 a
807 2624 1054 2682 navigando

208 2702 302 2737 non
321 2688 514 2744 potuerit
529 2688 750 2732 deterrere
765 2723 777 2745 ,
801 2705 1054 2747 prosperam

207 2750 268 2794 illi
285 2752 611 2810 navigationem
631 2762 752 2811 optat
765 2768 774 2795 ε

249 2821 299 2852 Sit
313 2821 445 2853 Galatea
458 2828 522 2853 tua
535 2833 600 2854 non
611 2823 716 2854 aliena
727 2824 800 2855 viae.

266 2881 332 2924 38.
360 2885 446 2925 Illa
463 2889 568 2927 tuos.
597 2884 781 2940 Malim,
803 2902 917 2929 suos.
940 2887 1001 2930 H.

266 2945 332 3004 39.
359 2948 573 2992 Proclinet
583 2951 720 2993 litora.
734 2952 949 3006 Declinet,
965 2951 1056 3008 pri-

214 3026 298 3054 mae
324 3011 535 3058 editiones
557 3023 600 3058 et
627 3016 772 3072 scripti
791 3017 919 3061 multi
943 3033 954 3060 ε
978 3016 1055 3061 sed

212 3076 260 3119 in
280 3077 474 3134 optimis,
490 3083 716 3134 proclinet,
740 3089 790 3123 ut
811 3080 949 3125 Aldus
969 3081 1057 3125 edi-

214 3142 289 3186 dit.
310 3144 546 3197 propellat,
570 3145 770 3188 Francos.
792 3161 802 3188 ε
818 3152 1054 3200 procurvet,

214 3208 439 3253 Palatinus
474 3209 626 3252 tertius
654 3225 664 3251 :
691 3213 949 3264 proclamet,
978 3227 1056 3255 se—

214 3273 383 3319 cundus
404 3290 414 3317 :
434 3289 515 3330 ego
537 3277 746 3328 proclinet
769 3275 940 3318 retineo
961 3292 972 3320 ι
998 3275 1057 3320 ita
1083 3323 1086 3325 Α

213 3343 414 3384 moclim's
427 3373 437 3390 ‚
480 3352 538 3382 111
555 3371 567 3394 ‚
590 3339 627 3382 F
629 3347 703 3382 ast.
729 3340 806 3399 793
827 3355 836 3382 :

215 3414 312 3445 Stella
326 3414 530 3456 Lycaoniam
542 3414 646 3455 vergit
662 3413 816 3455 proclivis
828 3413 870 3444 ad
883 3413 1007 3446 Arcton

255 3475 397 3507 Miluus.
810 3475 933 3508 Bum-

1186 1972 1254 2025 4ο.
1284 1970 1381 2012 Huc
1401 1971 1520 2012 venli
1532 1972 1721 2023 speclea!
1741 1998 1751 2015 ,
1786 1965 1867 2006 huc
1886 1967 1994 2018 agat

1131 2042 1258 2080 estus
1276 2051 1424 2092 aquas.
1456 2036 1555 2077 Huc
1587 2036 1707 2076 venti
1728 2035 1887 2086 spirent
1914 2029 1987 2071 le—

1134 2100 1328 2159 gendum
1348 2116 1358 2144 :
1378 2110 1507 2156 atque
1525 2099 1583 2142 ita
1604 2097 1754 2141 inveni
1774 2103 1922 2153 postea
1941 2093 1987 2135 in

1134 2167 1344 2223 excerptis
1365 2166 1545 2208 Douzae.
1562 2162 1871 2208 Sarravianus:
1890 2160 1989 2202 Huc

1133 2237 1283 2278 matus
1294 2236 1443 2286 portet.
1479 2231 1610 2273 Pont.
1631 2241 1701 2280 ιν,
1728 2225 1848 2282 Eleg.
1872 2238 1900 2267 x
1923 2238 1933 2266 ε

1134 2301 1181 2335 At
1196 2301 1448 2334 Notusadverso
1460 2299 1608 2340 tepidum
1621 2298 1679 2339 qui
1693 2297 1793 2338 spirat
1806 2294 1924 2326 abac.
1942 2297 1985 2326 Η.

1136 2363 1190 2406 In
1213 2362 1378 2405 Douzae
1398 2358 1607 2416 excerptis
1634 2365 1699 2401 est
1721 2373 1731 2400 ε
1755 2359 1856 2398 binc
1875 2358 1997 2397 venti

1135 2432 1295 2484 spirent
1305 2461 1316 2479 ,
1339 2430 1439 2470 hinc
1450 2430 1554 2480 agat
1570 2426 1711 2467 Eurus
1728 2437 1863 2478 aquas
1879 2437 1891 2462 :
1911 2418 1990 2463 sed

1136 2508 1385 2550 perperam,
1405 2494 1517 2533 hanc
1528 2492 1647 2532 venti
1656 2491 1863 2543 spectent,
1885 2484 1988 2527 edit.

1135 2558 1526 2615 prima.—AEstus.
1547 2555 1800 2598 Puteaneus
1826 2561 1870 2595 et
1889 2567 1992 2607 sep-

1135 2632 1227 2666 tem
1253 2622 1322 2666 alii
1341 2655 1353 2677 ,
1386 2623 1526 2666 Eurus
1545 2634 1559 2672 ‚⁸
1595 2628 1645 2662 ut
1665 2619 1747 2675 Ep.
1766 2630 1883 2671 vu1,
1908 2618 1959 2670 42
1981 2632 1991 2658 z

1174 2693 1296 2734 Aspice
1311 2715 1321 2730 ,
1350 2698 1385 2722 ut
1399 2701 1528 2721 eversas
1541 2692 1680 2722 concitet
1697 2690 1748 2720 ssu
1751 2699 1852 2719 iiiiii
1853 2698 1937 2730 luas.

1190 2755 1237 2808 41
1247 2788 1256 2796 .
1271 2755 1427 2796 Lintea
1430 2755 1562 2807 pleni.
1578 2753 1687 2799 Soli,
1712 2751 1964 2793 Puteaneus
1977 2780 1989 2802 ,

1135 2835 1237 2863 cum
1260 2827 1450 2875 quatuor
1471 2818 1561 2861 aliis
1581 2834 1592 2859 :
1613 2816 1690 2860 sed
1723 2815 1834 2858 nihil
1853 2822 1991 2856 muta.

1135 2886 1210 2931 Sic
1230 2885 1345 2943 apud
1359 2885 1522 2929 Lucan.
1546 2897 1602 2935 11,
1612 2883 1710 2936 683,
1726 2879 1991 2937 legendum:

1135 2969 1224 3008 sepe
1239 2968 1328 2998 Noto
1342 2966 1461 3008 pleno,
1474 2964 1641 3004 tensisque
1658 2962 1853 2993 rudentibus
1873 2968 1950 2992 actae

1135 3030 1212 3070 Ipsa
1225 3028 1323 3058 maris
1335 3037 1392 3067 per
1406 3026 1549 3056 claustra
1569 3030 1653 3054 rates
1668 3023 1797 3064 fastigia
1812 3022 1907 3054 molis

1136 3091 1328 3122 Discussere
1342 3087 1422 3118 salo.

1192 3151 1258 3204 42.
1271 3151 1374 3204 Ipsa
1389 3153 1467 3192 tua
1481 3162 1659 3189 moveas.
1681 3146 1817 3189 Recte
1831 3178 1843 3200 ‚
1863 3150 1960 3201 ipsa
1977 3162 1990 3189 .·

1138 3230 1244 3257 nam
1265 3221 1309 3256 et
1329 3220 1524 3255 vectores
1551 3210 1786 3267 aliquando
1814 3211 1989 3253 nautica

1138 3278 1382 3322 tractabant
1403 3292 1535 3319 arma.
1558 3276 1661 3318 Vid.
1692 3277 1904 3319 Passerat.
1937 3275 1991 3318 ad

1140 3346 1342 3400 Propert.
1366 3356 1422 3385 111
1438 3375 1449 3397 ,
1475 3343 1597 3400 Eleg.
1620 3342 1660 3385 6.

1197 3411 1262 3461 45.
1292 3410 1594 3463 Excipiamque
1613 3410 1805 3450 humente.
1829 3406 1992 3449 RIelior

1141 3473 1268 3517 lectio
1278 3472 1538 3530 quibusdam
1548 3473 1594 3517 in
1604 3473 1738 3529 libris,
1751 3475 1993 3528 Excipiam-
