<?xml version="1.0" encoding="UTF-8"?>
<!DOCTYPE html PUBLIC "-//W3C//DTD XHTML 1.0 Transitional//EN"
    "http://www.w3.org/TR/xhtml1/DTD/xhtml1-transitional.dtd">
<html xmlns="http://www.w3.org/1999/xhtml" xml:lang="en" lang="en">
 <head>
  <title>
</title>
<meta http-equiv="Content-Type" content="text/html;charset=utf-8" />
  <meta name='ocr-system' content='tesseract 3.04.00' />
  <meta name='ocr-capabilities' content='ocr_page ocr_carea ocr_par ocr_line ocrx_word'/>
</head>
<body>
  <div class='ocr_page' id='page_1' title='image "./quaeextantomniao02oviduoft_0418.png"; bbox 0 0 2268 3776; ppageno 0'>
   <div class='ocr_carea' id='block_1_1' title="bbox 217 309 1527 383">
    <p class='ocr_par' dir='ltr' id='par_1_1' title="bbox 217 309 1527 383">
     <span class='ocr_line' id='line_1_1' title="bbox 217 309 1527 383; baseline -0.001 -16"><span class='ocrx_word' id='word_1_1' title='bbox 217 312 328 383; x_wconf 69' lang='lat'><strong>404</strong></span> <span class='ocrx_word' id='word_1_2' title='bbox 683 311 750 363; x_wconf 89' lang='lat' dir='ltr'><strong>P.</strong></span> <span class='ocrx_word' id='word_1_3' title='bbox 801 311 1099 367; x_wconf 87' lang='lat' dir='ltr'>OVIDII</span> <span class='ocrx_word' id='word_1_4' title='bbox 1137 309 1527 366; x_wconf 79' lang='lat' dir='ltr'><strong>NASONIS</strong></span> 
     </span>
    </p>
   </div>
   <div class='ocr_carea' id='block_1_2' title="bbox 213 423 1995 1086">
    <p class='ocr_par' dir='ltr' id='par_1_2' title="bbox 213 423 1995 1086">
     <span class='ocr_line' id='line_1_2' title="bbox 213 423 1790 488; baseline 0 0"><span class='ocrx_word' id='word_1_5' title='bbox 213 429 384 488; x_wconf 87' lang='lat' dir='ltr'>Poma</span> <span class='ocrx_word' id='word_1_6' title='bbox 410 425 504 484; x_wconf 90' lang='lat' dir='ltr'><strong>dat</strong></span> <span class='ocrx_word' id='word_1_7' title='bbox 532 438 830 484; x_wconf 82' lang='lat' dir='ltr'><strong>autumnus</strong></span> <span class='ocrx_word' id='word_1_8' title='bbox 858 449 869 483; x_wconf 72' lang='grc' dir='ltr'>ε</span> <span class='ocrx_word' id='word_1_9' title='bbox 899 423 1148 485; x_wconf 86' lang='lat' dir='ltr'><strong>formosa</strong></span> <span class='ocrx_word' id='word_1_10' title='bbox 1178 441 1261 485; x_wconf 82' lang='lat' dir='ltr'><strong>est</strong></span> <span class='ocrx_word' id='word_1_11' title='bbox 1289 426 1568 486; x_wconf 87' lang='lat' dir='ltr'><strong>messibus</strong></span> <span class='ocrx_word' id='word_1_12' title='bbox 1593 441 1751 488; x_wconf 87' lang='lat' dir='ltr'><strong>aestas</strong></span> <span class='ocrx_word' id='word_1_13' title='bbox 1776 451 1790 488; x_wconf 90' lang='lat'><strong>:</strong></span> 
     </span>
     <span class='ocr_line' id='line_1_3' title="bbox 296 519 1495 604; baseline 0.002 -24"><span class='ocrx_word' id='word_1_14' title='bbox 296 525 411 582; x_wconf 87' lang='lat' dir='ltr'><strong>Ver</strong></span> <span class='ocrx_word' id='word_1_15' title='bbox 438 521 649 604; x_wconf 82' lang='lat' dir='ltr'><strong>praebet</strong></span> <span class='ocrx_word' id='word_1_16' title='bbox 677 519 841 580; x_wconf 91' lang='lat' dir='ltr'><strong>flores</strong></span> <span class='ocrx_word' id='word_1_17' title='bbox 868 545 880 580; x_wconf 75' lang='grc' dir='ltr'><strong><em>ε</em></strong></span> <span class='ocrx_word' id='word_1_18' title='bbox 909 521 1037 599; x_wconf 86' lang='lat' dir='ltr'><strong>igne</strong></span> <span class='ocrx_word' id='word_1_19' title='bbox 1063 521 1275 580; x_wconf 88' lang='lat' dir='ltr'><strong>levatur</strong></span> <span class='ocrx_word' id='word_1_20' title='bbox 1301 522 1495 582; x_wconf 83' lang='lat' dir='ltr'><strong>hiemS.</strong></span> 
     </span>
     <span class='ocr_line' id='line_1_4' title="bbox 214 617 1531 699; baseline 0 -20"><span class='ocrx_word' id='word_1_21' title='bbox 214 617 584 699; x_wconf 86' lang='lat' dir='ltr'><strong>Temporibus</strong></span> <span class='ocrx_word' id='word_1_22' title='bbox 614 617 777 677; x_wconf 89' lang='lat' dir='ltr'><strong>certis</strong></span> <span class='ocrx_word' id='word_1_23' title='bbox 801 631 1071 677; x_wconf 86' lang='lat' dir='ltr'><strong>maturam</strong></span> <span class='ocrx_word' id='word_1_24' title='bbox 1099 618 1341 678; x_wconf 89' lang='lat' dir='ltr'><strong>rusticus</strong></span> <span class='ocrx_word' id='word_1_25' title='bbox 1369 644 1531 679; x_wconf 89' lang='lat' dir='ltr'><strong>uvam</strong></span> 
     </span>
     <span class='ocr_line' id='line_1_5' title="bbox 296 713 1995 795; baseline 0 -21"><span class='ocrx_word' id='word_1_26' title='bbox 296 713 508 792; x_wconf 82' lang='lat' dir='ltr'><strong>Deligit</strong></span> <span class='ocrx_word' id='word_1_27' title='bbox 526 760 540 785; x_wconf 83' lang='lat'><strong>‚</strong></span> <span class='ocrx_word' id='word_1_28' title='bbox 569 728 623 773; x_wconf 90' lang='lat' dir='ltr'><strong>et</strong></span> <span class='ocrx_word' id='word_1_29' title='bbox 648 713 802 772; x_wconf 89' lang='lat' dir='ltr'><strong>nudo</strong></span> <span class='ocrx_word' id='word_1_30' title='bbox 836 714 942 773; x_wconf 90' lang='lat' dir='ltr'><strong>sub</strong></span> <span class='ocrx_word' id='word_1_31' title='bbox 974 713 1114 795; x_wconf 89' lang='lat' dir='ltr'><strong>pede</strong></span> <span class='ocrx_word' id='word_1_32' title='bbox 1143 730 1325 775; x_wconf 89' lang='lat' dir='ltr'><strong>musta</strong></span> <span class='ocrx_word' id='word_1_33' title='bbox 1350 715 1569 775; x_wconf 87' lang='lat' dir='ltr'><strong>fluunt:</strong></span> <span class='ocrx_word' id='word_1_34' title='bbox 1919 747 1995 789; x_wconf 78' lang='lat'><strong>¹90</strong></span> 
     </span>
     <span class='ocr_line' id='line_1_6' title="bbox 216 809 1558 895; baseline -0.001 -23"><span class='ocrx_word' id='word_1_35' title='bbox 216 810 590 895; x_wconf 83' lang='lat' dir='ltr'><strong>Temporibus</strong></span> <span class='ocrx_word' id='word_1_36' title='bbox 627 810 789 870; x_wconf 91' lang='lat' dir='ltr'><strong>certis</strong></span> <span class='ocrx_word' id='word_1_37' title='bbox 817 810 1060 870; x_wconf 86' lang='lat' dir='ltr'><strong>desectas</strong></span> <span class='ocrx_word' id='word_1_38' title='bbox 1091 809 1295 888; x_wconf 85' lang='lat' dir='ltr'>adligat</span> <span class='ocrx_word' id='word_1_39' title='bbox 1324 810 1558 882; x_wconf 82' lang='lat' dir='ltr'><strong>herbas3</strong></span> 
     </span>
     <span class='ocr_line' id='line_1_7' title="bbox 301 906 1492 989; baseline -0.003 -22"><span class='ocrx_word' id='word_1_40' title='bbox 301 910 377 967; x_wconf 88' lang='lat' dir='ltr'><strong>Et</strong></span> <span class='ocrx_word' id='word_1_41' title='bbox 402 923 619 967; x_wconf 86' lang='lat' dir='ltr'><strong>tonsam</strong></span> <span class='ocrx_word' id='word_1_42' title='bbox 646 931 770 966; x_wconf 90' lang='lat' dir='ltr'><strong>raro</strong></span> <span class='ocrx_word' id='word_1_43' title='bbox 799 906 1017 989; x_wconf 83' lang='lat' dir='ltr'><strong>pectine</strong></span> <span class='ocrx_word' id='word_1_44' title='bbox 1048 906 1215 966; x_wconf 90' lang='lat' dir='ltr'><strong>verrit</strong></span> <span class='ocrx_word' id='word_1_45' title='bbox 1244 906 1492 966; x_wconf 90' lang='lat' dir='ltr'><strong>humum.</strong></span> 
     </span>
     <span class='ocr_line' id='line_1_8' title="bbox 220 998 1632 1086; baseline -0.004 -23"><span class='ocrx_word' id='word_1_46' title='bbox 220 1006 346 1086; x_wconf 89' lang='lat' dir='ltr'><strong>Ipse</strong></span> <span class='ocrx_word' id='word_1_47' title='bbox 376 1017 537 1086; x_wconf 88' lang='lat' dir='ltr'><strong>potes</strong></span> <span class='ocrx_word' id='word_1_48' title='bbox 564 1003 738 1081; x_wconf 86' lang='lat' dir='ltr'><strong>riguis</strong></span> <span class='ocrx_word' id='word_1_49' title='bbox 769 1001 986 1085; x_wconf 83' lang='lat' dir='ltr'><strong>plantas</strong></span> <span class='ocrx_word' id='word_1_50' title='bbox 1018 1001 1292 1083; x_wconf 84' lang='lat' dir='ltr'><strong>deponere</strong></span> <span class='ocrx_word' id='word_1_51' title='bbox 1322 1001 1381 1059; x_wconf 90' lang='lat' dir='ltr'><strong>in</strong></span> <span class='ocrx_word' id='word_1_52' title='bbox 1411 998 1594 1059; x_wconf 89' lang='lat' dir='ltr'><strong>hortis</strong></span> <span class='ocrx_word' id='word_1_53' title='bbox 1619 1024 1632 1058; x_wconf 92' lang='lat'><strong>:</strong></span> 
     </span>
    </p>
   </div>
   <div class='ocr_carea' id='block_1_3' title="bbox 298 1097 1392 1183">
    <p class='ocr_par' dir='ltr' id='par_1_3' title="bbox 298 1097 1392 1183">
     <span class='ocr_line' id='line_1_9' title="bbox 298 1097 1392 1183; baseline -0.005 -22"><span class='ocrx_word' id='word_1_54' title='bbox 298 1104 426 1183; x_wconf 90' lang='lat' dir='ltr'><strong>Ipse</strong></span> <span class='ocrx_word' id='word_1_55' title='bbox 455 1114 616 1183; x_wconf 85' lang='lat' dir='ltr'><strong>potes</strong></span> <span class='ocrx_word' id='word_1_56' title='bbox 647 1100 794 1159; x_wconf 87' lang='lat' dir='ltr'><strong>rivos</strong></span> <span class='ocrx_word' id='word_1_57' title='bbox 823 1098 1018 1158; x_wconf 90' lang='lat' dir='ltr'><strong>ducere</strong></span> <span class='ocrx_word' id='word_1_58' title='bbox 1049 1097 1192 1158; x_wconf 90' lang='lat' dir='ltr'><strong>lenis</strong></span> <span class='ocrx_word' id='word_1_59' title='bbox 1223 1121 1392 1180; x_wconf 85' lang='lat' dir='ltr'><strong>aquae.</strong></span> 
     </span>
    </p>
   </div>
   <div class='ocr_carea' id='block_1_4' title="bbox 221 1194 2001 1275">
    <p class='ocr_par' dir='ltr' id='par_1_4' title="bbox 221 1194 2001 1275">
     <span class='ocr_line' id='line_1_10' title="bbox 221 1194 2001 1275; baseline -0.004 -16"><span class='ocrx_word' id='word_1_60' title='bbox 221 1199 453 1259; x_wconf 86' lang='lat' dir='ltr'><strong>Venerit</strong></span> <span class='ocrx_word' id='word_1_61' title='bbox 481 1196 713 1256; x_wconf 83' lang='lat' dir='ltr'><strong>insitio?</strong></span> <span class='ocrx_word' id='word_1_62' title='bbox 740 1195 825 1255; x_wconf 82' lang='lat' dir='ltr'><strong>fac</strong></span> <span class='ocrx_word' id='word_1_63' title='bbox 851 1219 1063 1255; x_wconf 92' lang='lat' dir='ltr'><strong>ramum</strong></span> <span class='ocrx_word' id='word_1_64' title='bbox 1091 1217 1275 1255; x_wconf 89' lang='lat' dir='ltr'><strong>ramus</strong></span> <span class='ocrx_word' id='word_1_65' title='bbox 1306 1194 1570 1275; x_wconf 86' lang='lat' dir='ltr'><strong>adoptet,</strong></span> <span class='ocrx_word' id='word_1_66' title='bbox 1927 1212 2001 1267; x_wconf 76' lang='lat'><strong>195</strong></span> 
     </span>
    </p>
   </div>
   <div class='ocr_carea' id='block_1_5' title="bbox 299 1295 1499 1382">
    <p class='ocr_par' dir='ltr' id='par_1_5' title="bbox 299 1295 1499 1382">
     <span class='ocr_line' id='line_1_11' title="bbox 299 1295 1499 1382; baseline -0.006 -22"><span class='ocrx_word' id='word_1_67' title='bbox 299 1301 532 1382; x_wconf 90' lang='lat' dir='ltr'><strong>Stetque</strong></span> <span class='ocrx_word' id='word_1_68' title='bbox 562 1297 869 1380; x_wconf 84' lang='lat' dir='ltr'><strong>peregrinis</strong></span> <span class='ocrx_word' id='word_1_69' title='bbox 897 1297 1065 1356; x_wconf 67' lang='lat' dir='ltr'><strong>arbor</strong></span> <span class='ocrx_word' id='word_1_70' title='bbox 1089 1309 1283 1378; x_wconf 84' lang='lat' dir='ltr'><strong>operta</strong></span> <span class='ocrx_word' id='word_1_71' title='bbox 1313 1295 1499 1354; x_wconf 90' lang='lat' dir='ltr'><strong>comis.</strong></span> 
     </span>
    </p>
   </div>
   <div class='ocr_carea' id='block_1_6' title="bbox 219 1394 1807 1483">
    <p class='ocr_par' dir='ltr' id='par_1_6' title="bbox 219 1394 1807 1483">
     <span class='ocr_line' id='line_1_12' title="bbox 219 1394 1807 1483; baseline -0.005 -20"><span class='ocrx_word' id='word_1_72' title='bbox 219 1404 410 1483; x_wconf 81' lang='lat' dir='ltr'><strong>Quum</strong></span> <span class='ocrx_word' id='word_1_73' title='bbox 440 1400 608 1461; x_wconf 91' lang='lat' dir='ltr'><strong>semel</strong></span> <span class='ocrx_word' id='word_1_74' title='bbox 639 1399 756 1459; x_wconf 85' lang='lat' dir='ltr'><strong>haec</strong></span> <span class='ocrx_word' id='word_1_75' title='bbox 786 1398 1031 1458; x_wconf 89' lang='lat' dir='ltr'><strong>animum</strong></span> <span class='ocrx_word' id='word_1_76' title='bbox 1061 1397 1229 1479; x_wconf 87' lang='lat' dir='ltr'><strong>coepit</strong></span> <span class='ocrx_word' id='word_1_77' title='bbox 1257 1395 1494 1456; x_wconf 90' lang='lat' dir='ltr'><strong>mulcere</strong></span> <span class='ocrx_word' id='word_1_78' title='bbox 1521 1394 1807 1478; x_wconf 77' lang='lat' dir='ltr'><strong>voluptaS‚</strong></span> 
     </span>
    </p>
   </div>
   <div class='ocr_carea' id='block_1_7' title="bbox 298 1499 1403 1585">
    <p class='ocr_par' dir='ltr' id='par_1_7' title="bbox 298 1499 1403 1585">
     <span class='ocr_line' id='line_1_13' title="bbox 298 1499 1403 1585; baseline -0.007 -21"><span class='ocrx_word' id='word_1_79' title='bbox 298 1502 599 1564; x_wconf 88' lang='lat' dir='ltr'><strong>Debilibus</strong></span> <span class='ocrx_word' id='word_1_80' title='bbox 626 1501 827 1585; x_wconf 89' lang='lat' dir='ltr'><strong>pennis</strong></span> <span class='ocrx_word' id='word_1_81' title='bbox 851 1500 1042 1560; x_wconf 90' lang='lat' dir='ltr'><strong>irritus</strong></span> <span class='ocrx_word' id='word_1_82' title='bbox 1071 1499 1185 1559; x_wconf 84' lang='lat' dir='ltr'><strong>exit</strong></span> <span class='ocrx_word' id='word_1_83' title='bbox 1213 1499 1403 1559; x_wconf 87' lang='lat' dir='ltr'><strong>Amor.</strong></span> 
     </span>
    </p>
   </div>
   <div class='ocr_carea' id='block_1_8' title="bbox 218 1679 1075 1930">
    <p class='ocr_par' dir='ltr' id='par_1_8' title="bbox 218 1679 1075 1930">
     <span class='ocr_line' id='line_1_14' title="bbox 218 1679 1068 1738; baseline -0.007 -10"><span class='ocrx_word' id='word_1_84' title='bbox 218 1685 298 1728; x_wconf 88' lang='lat' dir='ltr'><strong>alia</strong></span> <span class='ocrx_word' id='word_1_85' title='bbox 319 1700 328 1727; x_wconf 90' lang='lat'>:</span> <span class='ocrx_word' id='word_1_86' title='bbox 345 1688 451 1727; x_wconf 77' lang='lat' dir='ltr'><strong>retia</strong></span> <span class='ocrx_word' id='word_1_87' title='bbox 467 1688 590 1732; x_wconf 80' lang='lat' dir='ltr'><strong>torta,</strong></span> <span class='ocrx_word' id='word_1_88' title='bbox 601 1680 715 1738; x_wconf 90' lang='lat' dir='ltr'><strong>apud</strong></span> <span class='ocrx_word' id='word_1_89' title='bbox 731 1679 877 1724; x_wconf 83' lang='lat' dir='ltr'><strong>Tibul.</strong></span> <span class='ocrx_word' id='word_1_90' title='bbox 890 1680 962 1722; x_wconf 90' lang='lat' dir='ltr'><strong>lib.</strong></span> <span class='ocrx_word' id='word_1_91' title='bbox 983 1680 1068 1734; x_wconf 90' lang='lat' dir='ltr'><strong>IV,</strong></span> 
     </span>
     <span class='ocr_line' id='line_1_15' title="bbox 224 1743 1073 1802; baseline -0.007 -11"><span class='ocrx_word' id='word_1_92' title='bbox 224 1762 281 1791; x_wconf 89' lang='lat'><strong>111</strong></span> <span class='ocrx_word' id='word_1_93' title='bbox 296 1781 307 1802; x_wconf 92' lang='lat'>,</span> <span class='ocrx_word' id='word_1_94' title='bbox 336 1766 398 1790; x_wconf 90' lang='lat'><strong>12.</strong></span> <span class='ocrx_word' id='word_1_95' title='bbox 421 1748 463 1788; x_wconf 84' lang='lat' dir='ltr'><em>T</em></span> <span class='ocrx_word' id='word_1_96' title='bbox 456 1762 621 1802; x_wconf 68' lang='lat' dir='ltr'><strong>orauere</strong></span> <span class='ocrx_word' id='word_1_97' title='bbox 641 1745 761 1788; x_wconf 90' lang='lat' dir='ltr'><strong>enim</strong></span> <span class='ocrx_word' id='word_1_98' title='bbox 781 1760 861 1801; x_wconf 91' lang='lat' dir='ltr'><strong>pro</strong></span> <span class='ocrx_word' id='word_1_99' title='bbox 881 1743 1073 1786; x_wconf 84' lang='lat' dir='ltr'><strong>flectere.</strong></span> 
     </span>
     <span class='ocr_line' id='line_1_16' title="bbox 223 1810 1071 1867; baseline -0.008 -9"><span class='ocrx_word' id='word_1_100' title='bbox 223 1816 376 1858; x_wconf 82' lang='lat' dir='ltr'><strong>Posset</strong></span> <span class='ocrx_word' id='word_1_101' title='bbox 396 1822 439 1855; x_wconf 89' lang='lat' dir='ltr'><strong>et</strong></span> <span class='ocrx_word' id='word_1_102' title='bbox 461 1815 620 1855; x_wconf 84' lang='lat' dir='ltr'><strong>vimina</strong></span> <span class='ocrx_word' id='word_1_103' title='bbox 646 1827 800 1867; x_wconf 85' lang='lat' dir='ltr'><strong>querna</strong></span> <span class='ocrx_word' id='word_1_104' title='bbox 820 1810 904 1866; x_wconf 83' lang='lat' dir='ltr'><strong>legi</strong></span> <span class='ocrx_word' id='word_1_105' title='bbox 925 1822 941 1860; x_wconf 37' lang='lat' dir='ltr'><strong>z,</strong></span> <span class='ocrx_word' id='word_1_106' title='bbox 967 1825 1071 1852; x_wconf 89' lang='lat' dir='ltr'><strong>nam</strong></span> 
     </span>
     <span class='ocr_line' id='line_1_17' title="bbox 222 1872 1075 1930; baseline -0.007 -10"><span class='ocrx_word' id='word_1_107' title='bbox 222 1882 383 1920; x_wconf 80' lang='lat' dir='ltr'><strong>vimina</strong></span> <span class='ocrx_word' id='word_1_108' title='bbox 404 1892 529 1920; x_wconf 67' lang='lat' dir='ltr'><strong>curva</strong></span> <span class='ocrx_word' id='word_1_109' title='bbox 547 1890 639 1917; x_wconf 87' lang='lat' dir='ltr'><strong>non</strong></span> <span class='ocrx_word' id='word_1_110' title='bbox 661 1875 845 1930; x_wconf 82' lang='lat' dir='ltr'><strong>placent.</strong></span> <span class='ocrx_word' id='word_1_111' title='bbox 868 1872 941 1915; x_wconf 86' lang='lat' dir='ltr'><strong>Sic</strong></span> <span class='ocrx_word' id='word_1_112' title='bbox 960 1872 1075 1929; x_wconf 88' lang='lat' dir='ltr'><strong>apud</strong></span> 
     </span>
    </p>
   </div>
   <div class='ocr_carea' id='block_1_9' title="bbox 224 1941 798 2040">
    <p class='ocr_par' dir='ltr' id='par_1_9' title="bbox 224 1941 798 2040">
     <span class='ocr_line' id='line_1_18' title="bbox 224 1941 798 2040; baseline -0.011 -51"><span class='ocrx_word' id='word_1_113' title='bbox 224 1947 463 1989; x_wconf 89' lang='lat' dir='ltr'><strong>Maronem</strong></span> <span class='ocrx_word' id='word_1_114' title='bbox 482 1943 586 1985; x_wconf 91' lang='lat' dir='ltr'><strong>AEn.</strong></span> <span class='ocrx_word' id='word_1_115' title='bbox 603 1942 697 2040; x_wconf 48' lang='lat' dir='ltr'>XIV}</span> <span class='ocrx_word' id='word_1_116' title='bbox 700 1941 798 2039; x_wconf 66' lang='lat' dir='ltr'><strong>mGSe:</strong></span> 
     </span>
    </p>
   </div>
   <div class='ocr_carea' id='block_1_10' title="bbox 285 2010 1074 2056">
    <p class='ocr_par' dir='ltr' id='par_1_10' title="bbox 285 2010 1074 2056">
     <span class='ocr_line' id='line_1_19' title="bbox 285 2010 1074 2056; baseline -0.01 -10"><span class='ocrx_word' id='word_1_117' title='bbox 285 2037 325 2046; x_wconf 90' lang='grc'><strong>...</strong></span> <span class='ocrx_word' id='word_1_118' title='bbox 346 2016 456 2056; x_wconf 82' lang='lat' dir='ltr'><strong>Quem</strong></span> <span class='ocrx_word' id='word_1_119' title='bbox 459 2019 521 2043; x_wconf 82' lang='lat' dir='ltr'><strong>ote</strong></span> <span class='ocrx_word' id='word_1_120' title='bbox 504 2017 646 2043; x_wconf 78' lang='lat' dir='ltr'><strong>exuuntur</strong></span> <span class='ocrx_word' id='word_1_121' title='bbox 828 2014 902 2039; x_wconf 83' lang='lat' dir='ltr'><strong>aest</strong></span> <span class='ocrx_word' id='word_1_122' title='bbox 888 2018 913 2038; x_wconf 82' lang='lat' dir='ltr'><strong>s.</strong></span> <span class='ocrx_word' id='word_1_123' title='bbox 943 2010 1074 2039; x_wconf 62' lang='lat' dir='ltr'><strong>Rssnis.</strong></span> 
     </span>
    </p>
   </div>
   <div class='ocr_carea' id='block_1_11' title="bbox 288 2020 1078 2135">
    <p class='ocr_par' dir='ltr' id='par_1_11' title="bbox 288 2020 1078 2135">
     <span class='ocr_line' id='line_1_20' title="bbox 288 2020 1078 2135; baseline -0.011 -16"><span class='ocrx_word' id='word_1_124' title='bbox 288 2077 378 2135; x_wconf 85' lang='grc' dir='ltr'>ι89</span> <span class='ocrx_word' id='word_1_125' title='bbox 401 2074 615 2117; x_wconf 72' lang='lat' dir='ltr'><strong>Matutam</strong></span> <span class='ocrx_word' id='word_1_126' title='bbox 628 2020 816 2113; x_wconf 59' lang='lat' dir='ltr'><em>ms¹l¹icus</em></span> <span class='ocrx_word' id='word_1_127' title='bbox 829 2085 951 2112; x_wconf 73' lang='lat' dir='ltr'><strong>uvam</strong></span> <span class='ocrx_word' id='word_1_128' title='bbox 978 2070 1078 2111; x_wconf 90' lang='lat' dir='ltr'><em>Col-</em></span> 
     </span>
    </p>
   </div>
   <div class='ocr_carea' id='block_1_12' title="bbox 226 2135 1079 2264">
    <p class='ocr_par' dir='ltr' id='par_1_12' title="bbox 226 2135 1077 2261">
     <span class='ocr_line' id='line_1_21' title="bbox 226 2135 1077 2198; baseline -0.012 -12"><span class='ocrx_word' id='word_1_129' title='bbox 226 2147 331 2198; x_wconf 67' lang='lat' dir='ltr'><strong>ligit.</strong></span> <span class='ocrx_word' id='word_1_130' title='bbox 358 2142 448 2184; x_wconf 89' lang='lat' dir='ltr'><strong>Pro</strong></span> <span class='ocrx_word' id='word_1_131' title='bbox 471 2141 635 2192; x_wconf 74' lang='lat' dir='ltr'><strong>colligit</strong></span> <span class='ocrx_word' id='word_1_132' title='bbox 652 2137 904 2179; x_wconf 84' lang='lat' dir='ltr'><strong>Puteaneus</strong></span> <span class='ocrx_word' id='word_1_133' title='bbox 925 2143 968 2178; x_wconf 90' lang='lat' dir='ltr'><strong>et</strong></span> <span class='ocrx_word' id='word_1_134' title='bbox 988 2135 1077 2177; x_wconf 91' lang='lat' dir='ltr'><strong>duo</strong></span> 
     </span>
     <span class='ocr_line' id='line_1_22' title="bbox 229 2201 1079 2264; baseline -0.013 -11"><span class='ocrx_word' id='word_1_135' title='bbox 229 2210 299 2252; x_wconf 88' lang='lat' dir='ltr'><strong>alii</strong></span> <span class='ocrx_word' id='word_1_136' title='bbox 316 2209 506 2264; x_wconf 60' lang='grc' dir='ltr'>,ἄεΙιζςιἉ</span> <span class='ocrx_word' id='word_1_137' title='bbox 531 2203 604 2246; x_wconf 85' lang='lat' dir='ltr'><strong>Sic</strong></span> <span class='ocrx_word' id='word_1_138' title='bbox 618 2202 754 2258; x_wconf 86' lang='lat' dir='ltr'><strong>Epist.</strong></span> <span class='ocrx_word' id='word_1_139' title='bbox 769 2215 816 2243; x_wconf 85' lang='lat' dir='ltr'><strong>lv</strong></span> <span class='ocrx_word' id='word_1_140' title='bbox 833 2233 844 2255; x_wconf 93' lang='lat'>,</span> <span class='ocrx_word' id='word_1_141' title='bbox 871 2201 955 2243; x_wconf 82' lang='lat'><strong>30:</strong></span> <span class='ocrx_word' id='word_1_142' title='bbox 975 2203 1079 2243; x_wconf 87' lang='lat' dir='ltr'><strong>deli-</strong></span> 
     </span>
    </p>
   </div>
   <div class='ocr_carea' id='block_1_13' title="bbox 222 2268 1086 2332">
    <p class='ocr_par' dir='ltr' id='par_1_13' title="bbox 222 2268 1086 2332">
     <span class='ocr_line' id='line_1_23' title="bbox 222 2268 1086 2332; baseline -0.013 -13"><span class='ocrx_word' id='word_1_143' title='bbox 222 2292 319 2332; x_wconf 70' lang='lat' dir='ltr'><strong>gere</strong></span> <span class='ocrx_word' id='word_1_144' title='bbox 342 2289 479 2316; x_wconf 88' lang='lat' dir='ltr'><strong>rosam</strong></span> <span class='ocrx_word' id='word_1_145' title='bbox 498 2269 630 2313; x_wconf 86' lang='lat' dir='ltr'><strong>dixit.</strong></span> <span class='ocrx_word' id='word_1_146' title='bbox 647 2268 749 2310; x_wconf 86' lang='lat' dir='ltr'><strong>hinc</strong></span> <span class='ocrx_word' id='word_1_147' title='bbox 769 2269 972 2317; x_wconf 82' lang='lat' dir='ltr'><strong>delectus,</strong></span> <span class='ocrx_word' id='word_1_148' title='bbox 997 2274 1086 2310; x_wconf 80' lang='lat' dir='ltr'><strong>su-&#39;</strong></span> 
     </span>
    </p>
   </div>
   <div class='ocr_carea' id='block_1_14' title="bbox 225 2331 1088 3497">
    <p class='ocr_par' dir='ltr' id='par_1_14' title="bbox 228 2331 1079 2462">
     <span class='ocr_line' id='line_1_24' title="bbox 231 2331 1079 2398; baseline -0.014 -14"><span class='ocrx_word' id='word_1_149' title='bbox 231 2357 320 2398; x_wconf 90' lang='lat' dir='ltr'><strong>pra.</strong></span> <span class='ocrx_word' id='word_1_150' title='bbox 338 2338 456 2382; x_wconf 87' lang='lat' dir='ltr'><strong>Artis</strong></span> <span class='ocrx_word' id='word_1_151' title='bbox 473 2335 618 2379; x_wconf 90' lang='lat' dir='ltr'><strong>Amat.</strong></span> <span class='ocrx_word' id='word_1_152' title='bbox 630 2333 701 2375; x_wconf 89' lang='lat' dir='ltr'><strong>lib.</strong></span> <span class='ocrx_word' id='word_1_153' title='bbox 716 2332 813 2386; x_wconf 91' lang='lat' dir='ltr'>III,</span> <span class='ocrx_word' id='word_1_154' title='bbox 838 2331 941 2388; x_wconf 86' lang='lat'><strong>703,</strong></span> <span class='ocrx_word' id='word_1_155' title='bbox 963 2331 1079 2374; x_wconf 85' lang='lat' dir='ltr'><strong>sim-</strong></span> 
     </span>
     <span class='ocr_line' id='line_1_25' title="bbox 228 2399 1023 2462; baseline -0.015 -14"><span class='ocrx_word' id='word_1_156' title='bbox 228 2404 396 2462; x_wconf 84' lang='lat' dir='ltr'><strong>pliciter</strong></span> <span class='ocrx_word' id='word_1_157' title='bbox 419 2400 550 2454; x_wconf 85' lang='lat' dir='ltr'><strong>dixit,</strong></span> <span class='ocrx_word' id='word_1_158' title='bbox 573 2400 676 2440; x_wconf 78' lang='lat' dir='ltr'><strong>lectt</strong></span> <span class='ocrx_word' id='word_1_159' title='bbox 686 2399 737 2439; x_wconf 89' lang='lat' dir='ltr'><strong>de</strong></span> <span class='ocrx_word' id='word_1_160' title='bbox 757 2400 841 2438; x_wconf 77' lang='lat' dir='ltr'><strong>vde</strong></span> <span class='ocrx_word' id='word_1_161' title='bbox 858 2399 1023 2438; x_wconf 84' lang='lat' dir='ltr'><strong>racemi.</strong></span> 
     </span>
    </p>

    <p class='ocr_par' dir='ltr' id='par_1_15' title="bbox 225 2461 1088 3366">
     <span class='ocr_line' id='line_1_26' title="bbox 293 2461 1083 2527; baseline -0.013 -16"><span class='ocrx_word' id='word_1_162' title='bbox 293 2467 610 2527; x_wconf 82' lang='lat' dir='ltr'><strong>191.Desectas</strong></span> <span class='ocrx_word' id='word_1_163' title='bbox 628 2463 794 2515; x_wconf 73' lang='lat' dir='ltr'><strong>adligat</strong></span> <span class='ocrx_word' id='word_1_164' title='bbox 803 2462 965 2503; x_wconf 78' lang='lat' dir='ltr'><strong>herbas.</strong></span> <span class='ocrx_word' id='word_1_165' title='bbox 983 2461 1083 2502; x_wconf 90' lang='lat' dir='ltr'><em>Col-</em></span> 
     </span>
     <span class='ocr_line' id='line_1_27' title="bbox 231 2524 1082 2587; baseline -0.011 -12"><span class='ocrx_word' id='word_1_166' title='bbox 231 2537 328 2587; x_wconf 77' lang='lat' dir='ltr'><strong>ligit</strong></span> <span class='ocrx_word' id='word_1_167' title='bbox 344 2530 486 2587; x_wconf 89' lang='lat' dir='ltr'><strong>prima</strong></span> <span class='ocrx_word' id='word_1_168' title='bbox 507 2526 642 2570; x_wconf 80' lang='lat' dir='ltr'><strong>editio</strong></span> <span class='ocrx_word' id='word_1_169' title='bbox 663 2541 765 2569; x_wconf 90' lang='lat' dir='ltr'><strong>cum</strong></span> <span class='ocrx_word' id='word_1_170' title='bbox 785 2524 953 2581; x_wconf 84' lang='lat' dir='ltr'><strong>scriptis</strong></span> <span class='ocrx_word' id='word_1_171' title='bbox 971 2539 1082 2566; x_wconf 89' lang='lat' dir='ltr'><strong>non-</strong></span> 
     </span>
     <span class='ocr_line' id='line_1_28' title="bbox 235 2590 1083 2648; baseline -0.009 -7"><span class='ocrx_word' id='word_1_172' title='bbox 235 2598 364 2641; x_wconf 86' lang='lat' dir='ltr'><strong>nullis</strong></span> <span class='ocrx_word' id='word_1_173' title='bbox 391 2612 400 2638; x_wconf 91' lang='lat'>:</span> <span class='ocrx_word' id='word_1_174' title='bbox 428 2593 564 2638; x_wconf 84' lang='lat' dir='ltr'><strong>codex</strong></span> <span class='ocrx_word' id='word_1_175' title='bbox 582 2592 748 2635; x_wconf 76' lang='lat' dir='ltr'><strong>Mox-eti</strong></span> <span class='ocrx_word' id='word_1_176' title='bbox 767 2624 779 2646; x_wconf 85' lang='lat'>‚</span> <span class='ocrx_word' id='word_1_177' title='bbox 811 2607 891 2648; x_wconf 86' lang='lat' dir='ltr'><strong>pro</strong></span> <span class='ocrx_word' id='word_1_178' title='bbox 915 2590 1083 2634; x_wconf 84' lang='lat' dir='ltr'><strong>diversa</strong></span> 
     </span>
     <span class='ocr_line' id='line_1_29' title="bbox 231 2658 1080 2714; baseline -0.011 -7"><span class='ocrx_word' id='word_1_179' title='bbox 231 2662 419 2707; x_wconf 84' lang='lat' dir='ltr'><strong>lectione</strong></span> <span class='ocrx_word' id='word_1_180' title='bbox 435 2692 448 2714; x_wconf 85' lang='lat'>,</span> <span class='ocrx_word' id='word_1_181' title='bbox 476 2660 688 2713; x_wconf 72' lang='lat' dir='ltr'><strong>adgregat.</strong></span> <span class='ocrx_word' id='word_1_182' title='bbox 723 2658 855 2699; x_wconf 86' lang='lat' dir='ltr'><strong>Forte</strong></span> <span class='ocrx_word' id='word_1_183' title='bbox 886 2663 1080 2711; x_wconf 75' lang='lat' dir='ltr'><strong>aggerat,</strong></span> 
     </span>
     <span class='ocr_line' id='line_1_30' title="bbox 241 2721 1085 2778; baseline -0.009 -8"><span class='ocrx_word' id='word_1_184' title='bbox 241 2736 290 2769; x_wconf 92' lang='lat' dir='ltr'><strong>ut</strong></span> <span class='ocrx_word' id='word_1_185' title='bbox 303 2727 357 2769; x_wconf 88' lang='lat' dir='ltr'><strong>de</strong></span> <span class='ocrx_word' id='word_1_186' title='bbox 377 2726 496 2768; x_wconf 85' lang='lat' dir='ltr'><strong>soeno</strong></span> <span class='ocrx_word' id='word_1_187' title='bbox 515 2721 725 2778; x_wconf 86' lang='lat' dir='ltr'><strong>intelligat</strong></span> <span class='ocrx_word' id='word_1_188' title='bbox 738 2754 749 2775; x_wconf 89' lang='lat'>,</span> <span class='ocrx_word' id='word_1_189' title='bbox 772 2721 887 2777; x_wconf 89' lang='lat' dir='ltr'><strong>quod</strong></span> <span class='ocrx_word' id='word_1_190' title='bbox 907 2737 1085 2763; x_wconf 88' lang='lat' dir='ltr'><strong>conver-</strong></span> 
     </span>
     <span class='ocr_line' id='line_1_31' title="bbox 235 2786 1083 2844; baseline -0.012 -9"><span class='ocrx_word' id='word_1_191' title='bbox 235 2793 349 2835; x_wconf 86' lang='lat' dir='ltr'><strong>ritur</strong></span> <span class='ocrx_word' id='word_1_192' title='bbox 371 2823 383 2844; x_wconf 89' lang='lat'>,</span> <span class='ocrx_word' id='word_1_193' title='bbox 417 2797 461 2831; x_wconf 87' lang='lat' dir='ltr'><strong>et</strong></span> <span class='ocrx_word' id='word_1_194' title='bbox 485 2788 532 2830; x_wconf 91' lang='lat' dir='ltr'><strong>in</strong></span> <span class='ocrx_word' id='word_1_195' title='bbox 562 2786 759 2830; x_wconf 83' lang='lat' dir='ltr'><strong>cumulos</strong></span> <span class='ocrx_word' id='word_1_196' title='bbox 779 2794 1083 2828; x_wconf 87' lang='lat' dir='ltr'><strong>coacervatur:</strong></span> 
     </span>
     <span class='ocr_line' id='line_1_32' title="bbox 239 2850 1086 2914; baseline -0.008 -16"><span class='ocrx_word' id='word_1_197' title='bbox 239 2872 346 2914; x_wconf 91' lang='lat' dir='ltr'><strong>quos</strong></span> <span class='ocrx_word' id='word_1_198' title='bbox 367 2852 654 2907; x_wconf 82' lang='lat' dir='ltr'><strong>melamfoem‘‚</strong></span> <span class='ocrx_word' id='word_1_199' title='bbox 675 2859 719 2893; x_wconf 89' lang='lat' dir='ltr'><strong>et</strong></span> <span class='ocrx_word' id='word_1_200' title='bbox 723 2850 839 2906; x_wconf 80' lang='lat' dir='ltr'><strong>fa’ni</strong></span> <span class='ocrx_word' id='word_1_201' title='bbox 851 2853 997 2892; x_wconf 76' lang='lat' dir='ltr'><strong>siriam</strong></span> <span class='ocrx_word' id='word_1_202' title='bbox 1020 2850 1086 2892; x_wconf 91' lang='lat' dir='ltr'><strong>rei</strong></span> 
     </span>
     <span class='ocr_line' id='line_1_33' title="bbox 238 2914 1085 2975; baseline -0.011 -9"><span class='ocrx_word' id='word_1_203' title='bbox 238 2922 407 2966; x_wconf 87' lang='lat' dir='ltr'><strong>rusticae</strong></span> <span class='ocrx_word' id='word_1_204' title='bbox 441 2919 670 2975; x_wconf 89' lang='lat' dir='ltr'><strong>scriptores</strong></span> <span class='ocrx_word' id='word_1_205' title='bbox 704 2914 934 2973; x_wconf 85' lang='lat' dir='ltr'><strong>adpellant.</strong></span> <span class='ocrx_word' id='word_1_206' title='bbox 965 2916 1085 2958; x_wconf 89' lang='lat' dir='ltr'><strong>Hinc</strong></span> 
     </span>
     <span class='ocr_line' id='line_1_34' title="bbox 225 2979 1087 3042; baseline -0.009 -12"><span class='ocrx_word' id='word_1_207' title='bbox 225 2989 386 3042; x_wconf 80' lang='lat' dir='ltr'><strong>soerzum</strong></span> <span class='ocrx_word' id='word_1_208' title='bbox 406 2988 450 3026; x_wconf 83' lang='lat' dir='ltr'><strong>in</strong></span> <span class='ocrx_word' id='word_1_209' title='bbox 469 2989 616 3026; x_wconf 79' lang='lat' dir='ltr'><strong>metam</strong></span> <span class='ocrx_word' id='word_1_210' title='bbox 633 2987 833 3032; x_wconf 75' lang='lat' dir='ltr'><strong>extruere,</strong></span> <span class='ocrx_word' id='word_1_211' title='bbox 863 2979 975 3038; x_wconf 89' lang='lat' dir='ltr'><strong>apud</strong></span> <span class='ocrx_word' id='word_1_212' title='bbox 997 2979 1087 3023; x_wconf 90' lang='lat' dir='ltr'><strong>Co-</strong></span> 
     </span>
     <span class='ocr_line' id='line_1_35' title="bbox 237 3048 1084 3103; baseline -0.011 -7"><span class='ocrx_word' id='word_1_213' title='bbox 237 3051 462 3096; x_wconf 88' lang='lat' dir='ltr'><strong>lumellam</strong></span> <span class='ocrx_word' id='word_1_214' title='bbox 483 3066 493 3092; x_wconf 88' lang='lat'>:</span> <span class='ocrx_word' id='word_1_215' title='bbox 524 3049 593 3092; x_wconf 89' lang='lat' dir='ltr'><strong>cui</strong></span> <span class='ocrx_word' id='word_1_216' title='bbox 618 3057 767 3091; x_wconf 87' lang='lat' dir='ltr'><strong>tamen</strong></span> <span class='ocrx_word' id='word_1_217' title='bbox 794 3048 865 3091; x_wconf 88' lang='lat' dir='ltr'><strong>lib.</strong></span> <span class='ocrx_word' id='word_1_218' title='bbox 890 3048 935 3090; x_wconf 95' lang='grc' dir='ltr'><strong>ΙΙ</strong></span> <span class='ocrx_word' id='word_1_219' title='bbox 950 3081 961 3098; x_wconf 95' lang='grc'><strong>,</strong></span> <span class='ocrx_word' id='word_1_220' title='bbox 994 3063 1084 3103; x_wconf 91' lang='lat' dir='ltr'><strong>cap.</strong></span> 
     </span>
     <span class='ocr_line' id='line_1_36' title="bbox 241 3116 1087 3170; baseline -0.007 -9"><span class='ocrx_word' id='word_1_221' title='bbox 241 3131 376 3168; x_wconf 77' lang='lat' dir='ltr'>XVIII,</span> <span class='ocrx_word' id='word_1_222' title='bbox 392 3117 447 3159; x_wconf 85' lang='lat' dir='ltr'><strong>de</strong></span> <span class='ocrx_word' id='word_1_223' title='bbox 464 3116 596 3170; x_wconf 83' lang='lat' dir='ltr'><strong>foeno,</strong></span> <span class='ocrx_word' id='word_1_224' title='bbox 613 3118 821 3157; x_wconf 77' lang='lat' dir='ltr'><strong>desectam</strong></span> <span class='ocrx_word' id='word_1_225' title='bbox 839 3117 1004 3156; x_wconf 80' lang='lat' dir='ltr'><strong>herbam</strong></span> <span class='ocrx_word' id='word_1_226' title='bbox 1022 3131 1087 3156; x_wconf 89' lang='lat' dir='ltr'><strong>re-</strong></span> 
     </span>
     <span class='ocr_line' id='line_1_37' title="bbox 237 3180 1088 3240; baseline -0.007 -12"><span class='ocrx_word' id='word_1_227' title='bbox 237 3189 369 3240; x_wconf 78' lang='lat' dir='ltr'><strong>ligare</strong></span> <span class='ocrx_word' id='word_1_228' title='bbox 383 3217 393 3235; x_wconf 82' lang='grc'><em>,</em></span> <span class='ocrx_word' id='word_1_229' title='bbox 416 3182 536 3225; x_wconf 87' lang='lat' dir='ltr'><strong>idem</strong></span> <span class='ocrx_word' id='word_1_230' title='bbox 548 3190 635 3235; x_wconf 88' lang='lat' dir='ltr'><strong>est,</strong></span> <span class='ocrx_word' id='word_1_231' title='bbox 658 3180 776 3237; x_wconf 87' lang='lat' dir='ltr'><strong>quod</strong></span> <span class='ocrx_word' id='word_1_232' title='bbox 790 3183 977 3235; x_wconf 62' lang='lat' dir='ltr'><strong>adligare</strong></span> <span class='ocrx_word' id='word_1_233' title='bbox 996 3180 1088 3224; x_wconf 88' lang='lat' dir='ltr'><strong>Na-</strong></span> 
     </span>
     <span class='ocr_line' id='line_1_38' title="bbox 241 3245 1078 3301; baseline -0.005 -10"><span class='ocrx_word' id='word_1_234' title='bbox 241 3248 349 3292; x_wconf 88' lang='lat' dir='ltr'><strong>soni.</strong></span> <span class='ocrx_word' id='word_1_235' title='bbox 382 3248 469 3290; x_wconf 88' lang='lat' dir='ltr'><strong>Per</strong></span> <span class='ocrx_word' id='word_1_236' title='bbox 492 3250 697 3288; x_wconf 81' lang='lat' dir='ltr'><strong>desectam</strong></span> <span class='ocrx_word' id='word_1_237' title='bbox 727 3245 859 3301; x_wconf 87' lang='lat' dir='ltr'><strong>igitur</strong></span> <span class='ocrx_word' id='word_1_238' title='bbox 890 3247 1078 3295; x_wconf 81' lang='lat' dir='ltr'><strong>herbam,</strong></span> 
     </span>
     <span class='ocr_line' id='line_1_39' title="bbox 243 3310 839 3366; baseline -0.008 -10"><span class='ocrx_word' id='word_1_239' title='bbox 243 3315 414 3356; x_wconf 86' lang='lat' dir='ltr'><strong>soenum</strong></span> <span class='ocrx_word' id='word_1_240' title='bbox 435 3310 650 3366; x_wconf 83' lang='lat' dir='ltr'><strong>intelligit.</strong></span> <span class='ocrx_word' id='word_1_241' title='bbox 672 3310 839 3352; x_wconf 65' lang='lat' dir='ltr'><strong>Hssms.</strong></span> 
     </span>
    </p>

    <p class='ocr_par' dir='ltr' id='par_1_16' title="bbox 240 3372 1088 3497">
     <span class='ocr_line' id='line_1_40' title="bbox 304 3372 1088 3434; baseline -0.004 -15"><span class='ocrx_word' id='word_1_242' title='bbox 304 3394 394 3434; x_wconf 82' lang='lat'><strong>192.</strong></span> <span class='ocrx_word' id='word_1_243' title='bbox 433 3378 570 3419; x_wconf 85' lang='lat' dir='ltr'><strong>Verril</strong></span> <span class='ocrx_word' id='word_1_244' title='bbox 598 3377 774 3416; x_wconf 83' lang='lat' dir='ltr'><strong>humum.</strong></span> <span class='ocrx_word' id='word_1_245' title='bbox 813 3375 986 3424; x_wconf 73' lang='lat' dir='ltr'><strong>Versat,</strong></span> <span class='ocrx_word' id='word_1_246' title='bbox 1018 3372 1088 3416; x_wconf 80' lang='lat' dir='ltr'><strong>vel</strong></span> 
     </span>
     <span class='ocr_line' id='line_1_41' title="bbox 240 3438 1086 3497; baseline -0.001 -15"><span class='ocrx_word' id='word_1_247' title='bbox 240 3445 364 3485; x_wconf 70' lang='lat' dir='ltr'><strong>vertit</strong></span> <span class='ocrx_word' id='word_1_248' title='bbox 382 3440 562 3497; x_wconf 84' lang='lat' dir='ltr'><strong>quidam</strong></span> <span class='ocrx_word' id='word_1_249' title='bbox 580 3438 725 3496; x_wconf 79' lang='lat' dir='ltr'><strong>scripti</strong></span> <span class='ocrx_word' id='word_1_250' title='bbox 742 3455 753 3483; x_wconf 72' lang='lat' dir='ltr'>z</span> <span class='ocrx_word' id='word_1_251' title='bbox 778 3438 894 3495; x_wconf 89' lang='lat' dir='ltr'><strong>quod</strong></span> <span class='ocrx_word' id='word_1_252' title='bbox 915 3438 1086 3482; x_wconf 79' lang='lat' dir='ltr'><strong>videtur</strong></span> 
     </span>
    </p>
   </div>
   <div class='ocr_carea' id='block_1_15' title="bbox 1153 1673 2003 1735">
    <p class='ocr_par' dir='ltr' id='par_1_17' title="bbox 1153 1673 2003 1735">
     <span class='ocr_line' id='line_1_42' title="bbox 1153 1673 2003 1735; baseline -0.006 -14"><span class='ocrx_word' id='word_1_253' title='bbox 1153 1678 1336 1735; x_wconf 84' lang='lat' dir='ltr'><strong>probare</strong></span> <span class='ocrx_word' id='word_1_254' title='bbox 1350 1675 1667 1728; x_wconf 81' lang='lat' dir='ltr'><strong>Bersmannus,</strong></span> <span class='ocrx_word' id='word_1_255' title='bbox 1688 1689 1738 1716; x_wconf 86' lang='lat' dir='ltr'><strong>ex</strong></span> <span class='ocrx_word' id='word_1_256' title='bbox 1755 1673 1835 1716; x_wconf 89' lang='lat' dir='ltr'><strong>illis</strong></span> <span class='ocrx_word' id='word_1_257' title='bbox 1849 1674 2003 1732; x_wconf 81' lang='lat' dir='ltr'><strong>virgil.</strong></span> 
     </span>
    </p>
   </div>
   <div class='ocr_carea' id='block_1_16' title="bbox 1156 1740 2018 3508">
    <p class='ocr_par' dir='ltr' id='par_1_18' title="bbox 1156 1740 2018 3502">
     <span class='ocr_line' id='line_1_43' title="bbox 1156 1740 2004 1799; baseline -0.006 -13"><span class='ocrx_word' id='word_1_258' title='bbox 1156 1743 1316 1799; x_wconf 85' lang='lat' dir='ltr'><strong>Georg.</strong></span> <span class='ocrx_word' id='word_1_259' title='bbox 1337 1741 1408 1783; x_wconf 91' lang='lat' dir='ltr'><strong>lib.</strong></span> <span class='ocrx_word' id='word_1_260' title='bbox 1432 1740 1452 1782; x_wconf 91' lang='grc' dir='ltr'>Ι</span> <span class='ocrx_word' id='word_1_261' title='bbox 1466 1772 1478 1795; x_wconf 93' lang='lat'><em>,</em></span> <span class='ocrx_word' id='word_1_262' title='bbox 1516 1756 1551 1782; x_wconf 91' lang='lat'><strong>1.</strong></span> <span class='ocrx_word' id='word_1_263' title='bbox 1581 1740 1672 1793; x_wconf 81' lang='lat' dir='ltr'><strong>Quo</strong></span> <span class='ocrx_word' id='word_1_264' title='bbox 1694 1741 1827 1781; x_wconf 84' lang='lat' dir='ltr'><strong>sidere</strong></span> <span class='ocrx_word' id='word_1_265' title='bbox 1855 1744 2004 1782; x_wconf 82' lang='lat' dir='ltr'><strong>terram</strong></span> 
     </span>
     <span class='ocr_line' id='line_1_44' title="bbox 1166 1805 2006 1854; baseline -0.004 -2"><span class='ocrx_word' id='word_1_266' title='bbox 1166 1812 1340 1854; x_wconf 81' lang='lat' dir='ltr'><strong>Vertere.</strong></span> <span class='ocrx_word' id='word_1_267' title='bbox 1362 1806 1481 1849; x_wconf 88' lang='lat' dir='ltr'><strong>Male</strong></span> <span class='ocrx_word' id='word_1_268' title='bbox 1501 1822 1511 1850; x_wconf 90' lang='lat'><strong>:</strong></span> <span class='ocrx_word' id='word_1_269' title='bbox 1528 1822 1634 1848; x_wconf 88' lang='lat' dir='ltr'><strong>nam</strong></span> <span class='ocrx_word' id='word_1_270' title='bbox 1652 1805 1799 1848; x_wconf 86' lang='lat' dir='ltr'><strong>rastris</strong></span> <span class='ocrx_word' id='word_1_271' title='bbox 1811 1822 1904 1849; x_wconf 89' lang='lat' dir='ltr'><strong>non</strong></span> <span class='ocrx_word' id='word_1_272' title='bbox 1919 1824 2006 1849; x_wconf 86' lang='lat' dir='ltr'><strong>ver-</strong></span> 
     </span>
     <span class='ocr_line' id='line_1_45' title="bbox 1156 1869 2006 1924; baseline -0.001 -10"><span class='ocrx_word' id='word_1_273' title='bbox 1156 1876 1259 1914; x_wconf 85' lang='lat' dir='ltr'><strong>lilur</strong></span> <span class='ocrx_word' id='word_1_274' title='bbox 1275 1880 1392 1914; x_wconf 87' lang='lat' dir='ltr'><strong>terra</strong></span> <span class='ocrx_word' id='word_1_275' title='bbox 1405 1903 1416 1924; x_wconf 93' lang='lat'>,</span> <span class='ocrx_word' id='word_1_276' title='bbox 1438 1869 1515 1913; x_wconf 86' lang='lat' dir='ltr'><strong>sed</strong></span> <span class='ocrx_word' id='word_1_277' title='bbox 1533 1871 1722 1923; x_wconf 58' lang='lat' dir='ltr'><strong>raditum</strong></span> <span class='ocrx_word' id='word_1_278' title='bbox 1742 1869 1860 1912; x_wconf 91' lang='lat' dir='ltr'><strong>unde</strong></span> <span class='ocrx_word' id='word_1_279' title='bbox 1891 1870 2006 1913; x_wconf 87' lang='lat' dir='ltr'><strong>dicta</strong></span> 
     </span>
     <span class='ocr_line' id='line_1_46' title="bbox 1157 1933 2005 1985; baseline -0.002 -8"><span class='ocrx_word' id='word_1_280' title='bbox 1157 1941 1309 1978; x_wconf 79' lang='lat' dir='ltr'><strong>rastra.</strong></span> <span class='ocrx_word' id='word_1_281' title='bbox 1331 1937 1545 1977; x_wconf 86' lang='lat' dir='ltr'><strong>Versatur</strong></span> <span class='ocrx_word' id='word_1_282' title='bbox 1564 1942 1681 1976; x_wconf 81' lang='lat' dir='ltr'><strong>terra</strong></span> <span class='ocrx_word' id='word_1_283' title='bbox 1697 1942 1862 1985; x_wconf 83' lang='lat' dir='ltr'><strong>aratro3</strong></span> <span class='ocrx_word' id='word_1_284' title='bbox 1883 1933 2005 1976; x_wconf 87' lang='lat' dir='ltr'><strong>dein-</strong></span> 
     </span>
     <span class='ocr_line' id='line_1_47' title="bbox 1161 2000 2004 2056; baseline -0.002 -12"><span class='ocrx_word' id='word_1_285' title='bbox 1161 2001 1215 2044; x_wconf 88' lang='lat' dir='ltr'><strong>de</strong></span> <span class='ocrx_word' id='word_1_286' title='bbox 1244 2002 1357 2056; x_wconf 75' lang='lat' dir='ltr'><strong>jacta</strong></span> <span class='ocrx_word' id='word_1_287' title='bbox 1377 2002 1544 2044; x_wconf 90' lang='lat' dir='ltr'><strong>semina</strong></span> <span class='ocrx_word' id='word_1_288' title='bbox 1563 2001 1711 2043; x_wconf 85' lang='lat' dir='ltr'><strong>rastris</strong></span> <span class='ocrx_word' id='word_1_289' title='bbox 1731 2000 2004 2054; x_wconf 85' lang='lat' dir='ltr'><strong>obruuntur,</strong></span> 
     </span>
     <span class='ocr_line' id='line_1_48' title="bbox 1159 2063 2006 2121; baseline -0.001 -15"><span class='ocrx_word' id='word_1_290' title='bbox 1159 2065 1276 2121; x_wconf 90' lang='lat' dir='ltr'><strong>quod</strong></span> <span class='ocrx_word' id='word_1_291' title='bbox 1309 2065 1537 2121; x_wconf 87' lang='lat' dir='ltr'><strong>proprium</strong></span> <span class='ocrx_word' id='word_1_292' title='bbox 1566 2063 1614 2105; x_wconf 91' lang='lat' dir='ltr'><strong>in</strong></span> <span class='ocrx_word' id='word_1_293' title='bbox 1637 2063 1718 2105; x_wconf 90' lang='lat' dir='ltr'><strong>hac</strong></span> <span class='ocrx_word' id='word_1_294' title='bbox 1746 2079 1793 2105; x_wconf 86' lang='lat' dir='ltr'><strong>re</strong></span> <span class='ocrx_word' id='word_1_295' title='bbox 1821 2063 2006 2105; x_wconf 85' lang='lat' dir='ltr'><strong>verbum</strong></span> 
     </span>
     <span class='ocr_line' id='line_1_49' title="bbox 1160 2127 2007 2187; baseline -0.002 -14"><span class='ocrx_word' id='word_1_296' title='bbox 1160 2130 1303 2187; x_wconf 88' lang='lat' dir='ltr'><strong>posuit</strong></span> <span class='ocrx_word' id='word_1_297' title='bbox 1317 2146 1460 2186; x_wconf 87' lang='lat' dir='ltr'><strong>supra,</strong></span> <span class='ocrx_word' id='word_1_298' title='bbox 1482 2128 1556 2186; x_wconf 80' lang='lat'><strong>173</strong></span> <span class='ocrx_word' id='word_1_299' title='bbox 1573 2141 1583 2168; x_wconf 88' lang='lat'><strong>:</strong></span> <span class='ocrx_word' id='word_1_300' title='bbox 1598 2137 1648 2172; x_wconf 85' lang='lat' dir='ltr'><strong>ut</strong></span> <span class='ocrx_word' id='word_1_301' title='bbox 1661 2138 1705 2171; x_wconf 85' lang='lat' dir='ltr'><strong>et</strong></span> <span class='ocrx_word' id='word_1_302' title='bbox 1722 2127 1937 2172; x_wconf 90' lang='lat' dir='ltr'><strong>Columel.</strong></span> <span class='ocrx_word' id='word_1_303' title='bbox 1952 2137 2007 2183; x_wconf 85' lang='lat'><strong>11,</strong></span> 
     </span>
     <span class='ocr_line' id='line_1_50' title="bbox 1159 2195 2009 2254; baseline 0 -15"><span class='ocrx_word' id='word_1_304' title='bbox 1159 2213 1251 2254; x_wconf 88' lang='lat' dir='ltr'><strong>cap.</strong></span> <span class='ocrx_word' id='word_1_305' title='bbox 1270 2197 1330 2238; x_wconf 81' lang='lat'><strong>13.</strong></span> <span class='ocrx_word' id='word_1_306' title='bbox 1344 2196 1432 2239; x_wconf 85' lang='lat' dir='ltr'><strong>Hic</strong></span> <span class='ocrx_word' id='word_1_307' title='bbox 1441 2210 1546 2238; x_wconf 88' lang='lat' dir='ltr'><strong>vero</strong></span> <span class='ocrx_word' id='word_1_308' title='bbox 1557 2195 1659 2251; x_wconf 86' lang='lat' dir='ltr'><strong>quia</strong></span> <span class='ocrx_word' id='word_1_309' title='bbox 1667 2201 1830 2238; x_wconf 74' lang='lat' dir='ltr'><strong>tonsam</strong></span> <span class='ocrx_word' id='word_1_310' title='bbox 1844 2199 2009 2239; x_wconf 82' lang='lat' dir='ltr'><strong>humum</strong></span> 
     </span>
     <span class='ocr_line' id='line_1_51' title="bbox 1162 2261 2013 2319; baseline 0.001 -14"><span class='ocrx_word' id='word_1_311' title='bbox 1162 2263 1281 2317; x_wconf 85' lang='lat' dir='ltr'><strong>dicit,</strong></span> <span class='ocrx_word' id='word_1_312' title='bbox 1291 2262 1490 2319; x_wconf 83' lang='lat' dir='ltr'><strong>intelligit</strong></span> <span class='ocrx_word' id='word_1_313' title='bbox 1497 2271 1618 2318; x_wconf 88' lang='lat' dir='ltr'><strong>prata</strong></span> <span class='ocrx_word' id='word_1_314' title='bbox 1627 2261 1912 2319; x_wconf 86' lang='lat' dir='ltr'><strong>desecta‚quae</strong></span> <span class='ocrx_word' id='word_1_315' title='bbox 1920 2280 2013 2306; x_wconf 88' lang='lat' dir='ltr'><strong>ver-</strong></span> 
     </span>
     <span class='ocr_line' id='line_1_52' title="bbox 1161 2328 2010 2385; baseline 0.001 -13"><span class='ocrx_word' id='word_1_316' title='bbox 1161 2338 1324 2372; x_wconf 88' lang='lat' dir='ltr'><strong>runtur</strong></span> <span class='ocrx_word' id='word_1_317' title='bbox 1337 2362 1351 2384; x_wconf 81' lang='lat'>,</span> <span class='ocrx_word' id='word_1_318' title='bbox 1392 2345 1531 2385; x_wconf 88' lang='lat' dir='ltr'><strong>quum</strong></span> <span class='ocrx_word' id='word_1_319' title='bbox 1564 2328 1710 2372; x_wconf 83' lang='lat' dir='ltr'><strong>herbae</strong></span> <span class='ocrx_word' id='word_1_320' title='bbox 1746 2330 1924 2373; x_wconf 84' lang='lat' dir='ltr'><strong>rastellis</strong></span> <span class='ocrx_word' id='word_1_321' title='bbox 1961 2332 2010 2374; x_wconf 88' lang='lat' dir='ltr'><strong>in</strong></span> 
     </span>
     <span class='ocr_line' id='line_1_53' title="bbox 1162 2396 2013 2455; baseline 0.004 -17"><span class='ocrx_word' id='word_1_322' title='bbox 1162 2412 1305 2438; x_wconf 87' lang='lat' dir='ltr'><strong>unum</strong></span> <span class='ocrx_word' id='word_1_323' title='bbox 1315 2404 1654 2450; x_wconf 86' lang='lat' dir='ltr'><strong>converruntur,</strong></span> <span class='ocrx_word' id='word_1_324' title='bbox 1663 2396 1731 2438; x_wconf 86' lang='lat' dir='ltr'><strong>vel</strong></span> <span class='ocrx_word' id='word_1_325' title='bbox 1744 2397 1900 2454; x_wconf 83' lang='lat' dir='ltr'><strong>potius,</strong></span> <span class='ocrx_word' id='word_1_326' title='bbox 1916 2409 2013 2455; x_wconf 89' lang='lat' dir='ltr'><strong>post</strong></span> 
     </span>
     <span class='ocr_line' id='line_1_54' title="bbox 1161 2462 1989 2518; baseline 0.002 -13"><span class='ocrx_word' id='word_1_327' title='bbox 1161 2463 1331 2505; x_wconf 89' lang='lat' dir='ltr'><strong>soenum</strong></span> <span class='ocrx_word' id='word_1_328' title='bbox 1353 2471 1551 2505; x_wconf 89' lang='lat' dir='ltr'><strong>avectum</strong></span> <span class='ocrx_word' id='word_1_329' title='bbox 1565 2493 1578 2516; x_wconf 92' lang='lat'>,</span> <span class='ocrx_word' id='word_1_330' title='bbox 1601 2462 1807 2518; x_wconf 83' lang='lat' dir='ltr'><strong>reliquiae.</strong></span> <span class='ocrx_word' id='word_1_331' title='bbox 1827 2464 1989 2507; x_wconf 73' lang='lat' dir='ltr'><strong>BURM.</strong></span> 
     </span>
     <span class='ocr_line' id='line_1_55' title="bbox 1206 2527 2013 2585; baseline 0.004 -17"><span class='ocrx_word' id='word_1_332' title='bbox 1206 2543 1222 2568; x_wconf 96' lang='lat'>1</span> <span class='ocrx_word' id='word_1_333' title='bbox 1229 2527 1281 2585; x_wconf 81' lang='grc'><strong>93</strong></span> <span class='ocrx_word' id='word_1_334' title='bbox 1287 2528 1477 2568; x_wconf 79' lang='lat' dir='ltr'><strong>‚Plantas</strong></span> <span class='ocrx_word' id='word_1_335' title='bbox 1485 2528 1682 2581; x_wconf 85' lang='lat' dir='ltr'><strong>deponere</strong></span> <span class='ocrx_word' id='word_1_336' title='bbox 1689 2531 1732 2569; x_wconf 87' lang='lat' dir='ltr'><strong>in</strong></span> <span class='ocrx_word' id='word_1_337' title='bbox 1742 2530 2013 2571; x_wconf 72' lang='lat' dir='ltr'><strong>horlts.Plar1—</strong></span> 
     </span>
     <span class='ocr_line' id='line_1_56' title="bbox 1166 2590 2012 2648; baseline 0.006 -16"><span class='ocrx_word' id='word_1_338' title='bbox 1166 2596 1254 2633; x_wconf 76' lang='lat' dir='ltr'><strong>iam</strong></span> <span class='ocrx_word' id='word_1_339' title='bbox 1277 2591 1424 2648; x_wconf 85' lang='lat' dir='ltr'><strong>scripti</strong></span> <span class='ocrx_word' id='word_1_340' title='bbox 1447 2604 1458 2630; x_wconf 88' lang='lat'><strong>:</strong></span> <span class='ocrx_word' id='word_1_341' title='bbox 1479 2590 1638 2633; x_wconf 87' lang='lat' dir='ltr'><strong>deinde</strong></span> <span class='ocrx_word' id='word_1_342' title='bbox 1658 2593 1861 2635; x_wconf 88' lang='lat' dir='ltr'><strong>nonnulli</strong></span> <span class='ocrx_word' id='word_1_343' title='bbox 1880 2597 2012 2637; x_wconf 86' lang='lat' dir='ltr'><strong>dedu-</strong></span> 
     </span>
     <span class='ocr_line' id='line_1_57' title="bbox 1165 2657 2010 2714; baseline 0.002 -13"><span class='ocrx_word' id='word_1_344' title='bbox 1165 2675 1257 2701; x_wconf 85' lang='lat' dir='ltr'><strong>cere</strong></span> <span class='ocrx_word' id='word_1_345' title='bbox 1271 2659 1339 2701; x_wconf 89' lang='lat' dir='ltr'><strong>vel</strong></span> <span class='ocrx_word' id='word_1_346' title='bbox 1354 2660 1535 2714; x_wconf 75' lang='lat' dir='ltr'><strong>defigere.</strong></span> <span class='ocrx_word' id='word_1_347' title='bbox 1550 2657 1640 2700; x_wconf 90' lang='lat' dir='ltr'><strong>Sed</strong></span> <span class='ocrx_word' id='word_1_348' title='bbox 1658 2659 1720 2700; x_wconf 88' lang='lat' dir='ltr'><strong>nil</strong></span> <span class='ocrx_word' id='word_1_349' title='bbox 1734 2660 2010 2703; x_wconf 80' lang='lat' dir='ltr'><strong>mutandum.</strong></span> 
     </span>
     <span class='ocr_line' id='line_1_58' title="bbox 1225 2725 2010 2785; baseline 0.003 -17"><span class='ocrx_word' id='word_1_350' title='bbox 1225 2744 1242 2768; x_wconf 88' lang='lat'><strong>1</strong></span> <span class='ocrx_word' id='word_1_351' title='bbox 1249 2728 1314 2785; x_wconf 82' lang='grc'><strong>94.</strong></span> <span class='ocrx_word' id='word_1_352' title='bbox 1325 2727 1454 2767; x_wconf 67' lang='lat' dir='ltr'><strong>Lenis</strong></span> <span class='ocrx_word' id='word_1_353' title='bbox 1463 2725 1744 2780; x_wconf 74' lang='lat' dir='ltr'><strong>aqua-..Loelus</strong></span> <span class='ocrx_word' id='word_1_354' title='bbox 1753 2741 1881 2782; x_wconf 80' lang='lat' dir='ltr'><strong>aquoe,</strong></span> <span class='ocrx_word' id='word_1_355' title='bbox 1889 2727 2010 2771; x_wconf 83' lang='lat' dir='ltr'><strong>Line.</strong></span> 
     </span>
     <span class='ocr_line' id='line_1_59' title="bbox 1226 2793 2009 2851; baseline 0.004 -17"><span class='ocrx_word' id='word_1_356' title='bbox 1226 2796 1317 2851; x_wconf 83' lang='lat'>¹95·</span> <span class='ocrx_word' id='word_1_357' title='bbox 1335 2793 1516 2833; x_wconf 81' lang='lat' dir='ltr'><strong>Ramum</strong></span> <span class='ocrx_word' id='word_1_358' title='bbox 1534 2806 1676 2833; x_wconf 85' lang='lat' dir='ltr'><strong>ramus</strong></span> <span class='ocrx_word' id='word_1_359' title='bbox 1693 2794 1875 2846; x_wconf 81' lang='lat' dir='ltr'><strong>adoptet.</strong></span> <span class='ocrx_word' id='word_1_360' title='bbox 1897 2794 2009 2836; x_wconf 87' lang='lat' dir='ltr'><strong>Ele-</strong></span> 
     </span>
     <span class='ocr_line' id='line_1_60' title="bbox 1168 2854 2012 2911; baseline 0.005 -15"><span class='ocrx_word' id='word_1_361' title='bbox 1168 2854 1375 2911; x_wconf 88' lang='lat' dir='ltr'><strong>gantihac</strong></span> <span class='ocrx_word' id='word_1_362' title='bbox 1386 2854 1666 2897; x_wconf 87' lang='lat' dir='ltr'><strong>translatione</strong></span> <span class='ocrx_word' id='word_1_363' title='bbox 1683 2855 1834 2911; x_wconf 85' lang='lat' dir='ltr'><strong>poetis,</strong></span> <span class='ocrx_word' id='word_1_364' title='bbox 1851 2866 1894 2900; x_wconf 84' lang='lat' dir='ltr'><strong>et</strong></span> <span class='ocrx_word' id='word_1_365' title='bbox 1906 2859 2012 2900; x_wconf 83' lang='lat' dir='ltr'><strong>Nos-</strong></span> 
     </span>
     <span class='ocr_line' id='line_1_61' title="bbox 1168 2921 2015 2977; baseline 0.002 -13"><span class='ocrx_word' id='word_1_366' title='bbox 1168 2931 1238 2964; x_wconf 88' lang='lat' dir='ltr'><strong>tro</strong></span> <span class='ocrx_word' id='word_1_367' title='bbox 1259 2921 1472 2977; x_wconf 81' lang='lat' dir='ltr'><strong>praecipue</strong></span> <span class='ocrx_word' id='word_1_368' title='bbox 1493 2921 1791 2977; x_wconf 84' lang='lat' dir='ltr'><strong>usitatissima,</strong></span> <span class='ocrx_word' id='word_1_369' title='bbox 1817 2924 1953 2966; x_wconf 88' lang='lat' dir='ltr'><strong>utitur</strong></span> <span class='ocrx_word' id='word_1_370' title='bbox 1970 2934 2015 2966; x_wconf 87' lang='lat' dir='ltr'><strong>et</strong></span> 
     </span>
     <span class='ocr_line' id='line_1_62' title="bbox 1167 2987 2013 3043; baseline 0.001 -12"><span class='ocrx_word' id='word_1_371' title='bbox 1167 2987 1603 3043; x_wconf 85' lang='lat' dir='ltr'><strong>Plinius,praefatione</strong></span> <span class='ocrx_word' id='word_1_372' title='bbox 1614 2988 1708 3032; x_wconf 88' lang='lat' dir='ltr'><strong>libri</strong></span> <span class='ocrx_word' id='word_1_373' title='bbox 1720 3003 1798 3033; x_wconf 81' lang='lat' dir='ltr'>le</span> <span class='ocrx_word' id='word_1_374' title='bbox 1813 3006 1822 3032; x_wconf 89' lang='lat'><strong>:</strong></span> <span class='ocrx_word' id='word_1_375' title='bbox 1834 2995 1921 3034; x_wconf 64' lang='lat' dir='ltr'><strong>siae</strong></span> <span class='ocrx_word' id='word_1_376' title='bbox 1930 2995 2013 3033; x_wconf 83' lang='lat' dir='ltr'><strong>illoe</strong></span> 
     </span>
     <span class='ocr_line' id='line_1_63' title="bbox 1167 3055 2018 3103; baseline 0.004 -7"><span class='ocrx_word' id='word_1_377' title='bbox 1167 3057 1274 3096; x_wconf 82' lang='lat' dir='ltr'><strong>ultro</strong></span> <span class='ocrx_word' id='word_1_378' title='bbox 1287 3087 1296 3103; x_wconf 94' lang='lat'><strong>,</strong></span> <span class='ocrx_word' id='word_1_379' title='bbox 1329 3056 1416 3095; x_wconf 69' lang='lat' dir='ltr'><strong>sive</strong></span> <span class='ocrx_word' id='word_1_380' title='bbox 1435 3055 1489 3094; x_wconf 85' lang='lat' dir='ltr'><strong>ab</strong></span> <span class='ocrx_word' id='word_1_381' title='bbox 1510 3055 1673 3096; x_wconf 79' lang='lat' dir='ltr'><strong>homine</strong></span> <span class='ocrx_word' id='word_1_382' title='bbox 1691 3057 1872 3098; x_wconf 79' lang='lat' dir='ltr'><strong>didicere</strong></span> <span class='ocrx_word' id='word_1_383' title='bbox 1894 3060 2018 3098; x_wconf 85' lang='lat' dir='ltr'><strong>blan-</strong></span> 
     </span>
     <span class='ocr_line' id='line_1_64' title="bbox 1168 3117 2015 3174; baseline 0.001 -13"><span class='ocrx_word' id='word_1_384' title='bbox 1168 3121 1244 3161; x_wconf 89' lang='lat' dir='ltr'><strong>dos</strong></span> <span class='ocrx_word' id='word_1_385' title='bbox 1272 3133 1442 3172; x_wconf 80' lang='lat' dir='ltr'><strong>sapores</strong></span> <span class='ocrx_word' id='word_1_386' title='bbox 1470 3117 1703 3174; x_wconf 83' lang='lat' dir='ltr'><strong>adoptione</strong></span> <span class='ocrx_word' id='word_1_387' title='bbox 1729 3126 1773 3162; x_wconf 84' lang='lat' dir='ltr'><strong>et</strong></span> <span class='ocrx_word' id='word_1_388' title='bbox 1800 3124 2015 3163; x_wconf 84' lang='lat' dir='ltr'><strong>connubio.</strong></span> 
     </span>
     <span class='ocr_line' id='line_1_65' title="bbox 1169 3180 2014 3240; baseline 0.002 -16"><span class='ocrx_word' id='word_1_389' title='bbox 1169 3184 1421 3224; x_wconf 82' lang='lat' dir='ltr'><strong>venustum</strong></span> <span class='ocrx_word' id='word_1_390' title='bbox 1440 3181 1573 3224; x_wconf 87' lang='lat' dir='ltr'><strong>etiam</strong></span> <span class='ocrx_word' id='word_1_391' title='bbox 1596 3180 1771 3225; x_wconf 91' lang='lat' dir='ltr'><strong>Callinii</strong></span> <span class='ocrx_word' id='word_1_392' title='bbox 1791 3183 2014 3240; x_wconf 86' lang='lat' dir='ltr'><strong>Epigram-</strong></span> 
     </span>
     <span class='ocr_line' id='line_1_66' title="bbox 1168 3245 2015 3303; baseline 0.002 -15"><span class='ocrx_word' id='word_1_393' title='bbox 1168 3262 1240 3288; x_wconf 88' lang='lat' dir='ltr'><strong>ma</strong></span> <span class='ocrx_word' id='word_1_394' title='bbox 1258 3255 1344 3300; x_wconf 89' lang='lat' dir='ltr'><strong>est,</strong></span> <span class='ocrx_word' id='word_1_395' title='bbox 1367 3246 1412 3287; x_wconf 89' lang='lat' dir='ltr'><strong>in</strong></span> <span class='ocrx_word' id='word_1_396' title='bbox 1435 3245 1730 3302; x_wconf 86' lang='lat' dir='ltr'><strong>Anthologia,</strong></span> <span class='ocrx_word' id='word_1_397' title='bbox 1756 3246 1826 3290; x_wconf 90' lang='lat' dir='ltr'><strong>lib.</strong></span> <span class='ocrx_word' id='word_1_398' title='bbox 1850 3247 1899 3299; x_wconf 92' lang='lat' dir='ltr'><strong>I,</strong></span> <span class='ocrx_word' id='word_1_399' title='bbox 1924 3263 2015 3303; x_wconf 80' lang='lat' dir='ltr'><strong>cap.</strong></span> 
     </span>
     <span class='ocr_line' id='line_1_67' title="bbox 1167 3278 1743 3367; baseline 0 -15"><span class='ocrx_word' id='word_1_400' title='bbox 1167 3327 1245 3361; x_wconf 73' lang='lat'><strong>203</strong></span> <span class='ocrx_word' id='word_1_401' title='bbox 1268 3278 1344 3351; x_wconf 85' lang='lat' dir='ltr'><strong>ubi</strong></span> <span class='ocrx_word' id='word_1_402' title='bbox 1359 3326 1414 3367; x_wconf 75' lang='lat' dir='ltr'><strong>p)</strong></span> <span class='ocrx_word' id='word_1_403' title='bbox 1418 3318 1554 3352; x_wconf 83' lang='lat' dir='ltr'><strong>raster</strong></span> <span class='ocrx_word' id='word_1_404' title='bbox 1574 3309 1743 3366; x_wconf 89' lang='lat' dir='ltr'><strong>inquit·</strong></span> 
     </span>
     <span class='ocr_line' id='line_1_68' title="bbox 1168 3367 2015 3436; baseline -0.005 -15"><span class='ocrx_word' id='word_1_405' title='bbox 1168 3367 1385 3425; x_wconf 70' lang='grc' dir='ltr'>Οθνειόιςὲζ</span> <span class='ocrx_word' id='word_1_406' title='bbox 1391 3395 1464 3419; x_wconf 74' lang='lat' dir='ltr'><strong>otu</strong></span> <span class='ocrx_word' id='word_1_407' title='bbox 1479 3396 1565 3430; x_wconf 56' lang='grc' dir='ltr'><strong>μετα</strong></span> <span class='ocrx_word' id='word_1_408' title='bbox 1557 3379 1726 3434; x_wconf 54' lang='grc' dir='ltr'><strong>’μφυτοῆ</strong></span> <span class='ocrx_word' id='word_1_409' title='bbox 1744 3381 1864 3436; x_wconf 67' lang='grc' dir='ltr'><em>ἥμερος</em></span> <span class='ocrx_word' id='word_1_410' title='bbox 1881 3375 2015 3418; x_wconf 75' lang='grc' dir='ltr'>θαλλω.</span> 
     </span>
     <span class='ocr_line' id='line_1_69' title="bbox 1171 3440 2016 3508; baseline 0.005 -25"><span class='ocrx_word' id='word_1_411' title='bbox 1171 3443 1280 3484; x_wconf 81' lang='grc' dir='ltr'>Οὖκ’</span> <span class='ocrx_word' id='word_1_412' title='bbox 1266 3443 1352 3494; x_wconf 71' lang='grc' dir='ltr'><strong>εμόυ</strong></span> <span class='ocrx_word' id='word_1_413' title='bbox 1376 3443 1563 3508; x_wconf 51' lang='grc' dir='ltr'>ἡμετέροις</span> <span class='ocrx_word' id='word_1_414' title='bbox 1582 3447 1701 3488; x_wconf 79' lang='grc' dir='ltr'><strong><em>κλωσὶ</em></strong></span> <span class='ocrx_word' id='word_1_415' title='bbox 1716 3443 1872 3501; x_wconf 63' lang='grc' dir='ltr'><strong>φέρουσα</strong></span> <span class='ocrx_word' id='word_1_416' title='bbox 1891 3440 2016 3502; x_wconf 65' lang='grc' dir='ltr'><strong><em>βαρθς</em></strong></span> 
     </span>
    </p>
   </div>
  </div>
 </body>
</html>
