2268 3776
502 273 765 330 ARTIS
813 271 1286 328 AMATORIAE
1341 274 1502 329 LIB.
1554 271 1638 329 II.

1859 278 1962 349 285

284 389 564 450 Audacem
590 386 788 471 pennis
815 385 1059 469 repperit
1081 384 1174 446 ille
1201 387 1357 447 viam.

206 485 462 548 Daedalus
489 499 554 546 ut
582 482 778 544 clausit
807 476 1136 565 co‘nceptum
1167 482 1392 543 crimine
1419 484 1609 544 matris
1629 530 1643 555 ‚

283 581 735 662 Semibovemque
759 578 963 653 virum,
990 578 1413 661 semivirumque
1443 580 1672 650 bovemf.

206 680 290 740 Sit
313 677 510 740 modus
538 675 758 749 exsilic,
791 675 958 748 dixit,
981 674 1283 758 justissime
1313 675 1537 735 Minos:
1920 693 1974 733 '25‘-

283 774 534 858 Accipiat
563 774 771 835 cineres
802 787 944 834 terra
969 788 1196 856 paterna
1222 795 1392 834 meos.

208 874 281 933 Et
307 870 570 955 quoniam
597 870 658 929 in
690 870 897 953 patria,
928 868 1055 930 fatis
1079 869 1316 949 agitatus
1344 869 1579 952 iniquiS,

282 967 478 1028 Vivere
500 990 617 1027 non
639 967 832 1051 potui,
864 967 937 1027 sit
963 967 1101 1027 mihi
1130 989 1295 1051 posse
1321 967 1466 1039 mori
1490 968 1502 1025 Ξ

204 1063 290 1124 Da
319 1062 556 1124 reditum
582 1086 784 1146 puer0‚
818 1062 964 1123 senis
996 1077 1081 1124 est
1104 1064 1151 1123 si
1180 1064 1355 1142 gratia
1381 1062 1506 1123 vilis
1530 1087 1542 1122 ε

285 1159 344 1219 Si
370 1183 487 1219 non
510 1160 591 1220 vis
619 1183 792 1243 puero
824 1182 1069 1242 parcere,
1102 1182 1263 1243 parce
1294 1158 1429 1221 seni.
1928 1174 1981 1215 3.·

205 1256 435 1317 Dixerat
459 1257 574 1318 haec
599 1282 610 1317 ε
641 1255 736 1318 sed
763 1272 819 1318 et
846 1257 992 1330 haec,
1025 1270 1081 1318 et
1107 1256 1287 1317 multo
1318 1254 1479 1339 plura
1509 1252 1708 1314 licebat

272 1354 511 1426 ,Dicere3
544 1369 599 1414 at
628 1376 880 1433 egressus
908 1377 1026 1414 non
1056 1353 1224 1414 dabat
1251 1352 1345 1414 ille
1373 1352 1512 1412 viro.
1648 1427 1652 1431 Ι

208 1448 379 1528 Quod
409 1449 573 1510 simul
603 1474 664 1511 ac
695 1450 865 1511 sensit
895 1474 908 1510 :
938 1452 1129 1522 Nunc,
1161 1474 1194 1509 o
1221 1473 1395 1521 nunc,
1429 1447 1679 1518 Daedale,
1709 1446 1879 1516 dixit,

289 1548 605 1620 Materiam,
639 1571 747 1630 qua
773 1548 848 1608 sis
878 1547 1227 1626 ingeniosuS,
1250 1547 1440 1608 habes.

210 1643 465 1705 Possidet
493 1659 548 1705 et
573 1659 770 1717 terras,
803 1659 858 1705 et
885 1644 1133 1728 possidet
1159 1664 1381 1725 aequora
1409 1640 1603 1701 Minos
1627 1666 1638 1698 :
1929 1654 1981 1694 35

284 1743 399 1801 Nec
430 1739 592 1801 tellus
618 1755 846 1813 nostrae,
877 1764 978 1802 nec
1005 1754 1159 1823 patet
1184 1739 1334 1800 unda
1362 1738 1521 1816 fugae.

211 1837 404 1897 Restat
432 1837 538 1897 iter
567 1836 696 1898 caelo
725 1863 737 1897 ε
764 1837 894 1898 caelo
928 1837 1266 1898 tentabimus
1296 1836 1391 1895 ire.

290 1934 378 1994 Da
405 1933 616 1995 veniam
647 1948 856 2017 coepto,
887 1934 1110 2017 Jupiter
1138 1932 1272 2005 alte,
1302 1956 1427 1993 meo
1454 1933 1466 1990 !

209 2031 338 2089 Non
362 2053 466 2108 ego
496 2030 735 2092 sidereas
765 2030 980 2092 adfecto
1011 2045 1234 2109 tangere
1259 2029 1433 2090 sedes,

263 2181 329 2222 25.
341 2180 408 2222 Sit
418 2181 564 2223 modus
574 2182 704 2223 exilio
713 2214 724 2231 ‚
740 2182 853 2223 dixit
861 2188 941 2225 etc.
951 2181 1054 2226 Non

212 2242 447 2288 defuerunt
477 2244 594 2287 inter
633 2244 828 2300 criticos,
872 2245 946 2302 qui
974 2245 1058 2288 hoc

214 2310 418 2352 ἐπεισόδιον
447 2307 751 2352 damnaverint
767 2341 778 2363 ‚
803 2324 893 2352 non
923 2308 1058 2352 modo

215 2373 314 2429 quia
341 2373 536 2431 longius,
566 2373 643 2417 sed
671 2374 790 2431 quod
818 2376 966 2418 minus
995 2375 1060 2417 rei

216 2437 446 2495 propositae
491 2454 736 2494 congruum
758 2472 770 2494 ‚
821 2438 1059 2482 videretur.

220 2501 307 2547 Cui
329 2501 508 2559 quidem
531 2503 761 2547 sententioe
781 2537 792 2558 ,
814 2503 914 2547 licet
934 2503 1062 2560 paulo

219 2565 382 2610 duriori
395 2599 407 2621 ,
428 2582 520 2610 non
541 2583 717 2625 possum
740 2568 845 2624 quin
872 2585 923 2611 ex
941 2575 1063 2626 parte

219 2631 371 2675 saltem
386 2630 620 2687 adsentiar,
632 2633 853 2690 fatearque
866 2649 958 2676 non
974 2642 1063 2676 tam

221 2705 465 2754 opportune
497 2695 653 2740 adduci
681 2697 870 2740 fabulam
887 2731 898 2753 ,
932 2714 1064 2754 quam

222 2762 391 2820 egregie
413 2778 435 2804 a
457 2770 585 2821 poeta
605 2762 791 2807 tractari.
816 2764 1063 2808 Perlectam

223 2841 326 2869 vero
349 2827 443 2883 quis
464 2843 488 2870 a
508 2828 700 2871 carmine
720 2828 940 2872 censuerit
959 2845 1066 2872 exu-

225 2891 402 2936 landam
418 2892 439 2935 ?

282 2958 348 3000 28.
368 2958 443 3018 Das
463 2960 570 3000 mihi
579 2974 706 3014 posse
729 2963 842 3006 mori.
876 2961 942 3003 Sit
965 2962 1075 3003 mibi

228 3021 373 3065 Jureti
413 3031 610 3078 excerpta
637 3034 648 3062 :
679 3023 866 3080 eleganti
899 3025 1070 3081 graecis-

229 3101 328 3142 mo,
344 3089 507 3142 γίνοιτο,
530 3091 631 3142 ’ές-ω,
657 3090 856 3143 ἐνδέχοιτο.
876 3088 949 3133 Sic
960 3106 1069 3134 con-

230 3159 296 3194 tra
311 3183 324 3206 ‚
350 3151 445 3194 Non
460 3154 541 3202 sit,
567 3151 631 3194 Ne
646 3156 726 3202 sit,
750 3159 805 3208 μὴ
827 3155 965 3207 γένοιτο
980 3185 991 3207 ,
1013 3162 1068 3210 μὴ

233 3215 271 3259 δ’
301 3220 392 3268 ἕς-ω.
417 3216 511 3259 Non
530 3219 620 3266 est,
653 3218 714 3259 οὐκ
742 3220 833 3270 ’ές-ι,
866 3232 947 3272 pro
978 3234 1072 3261 non

230 3280 330 3325 licet
345 3312 357 3334 ,
379 3295 470 3322 non
487 3279 628 3322 datur.

284 3345 351 3388 33.
385 3347 509 3400 Quod
519 3347 648 3387 simul
666 3361 731 3388 ac.
754 3346 892 3388 Simul
909 3351 958 3388 ut
980 3346 1074 3390 Re-

235 3409 326 3467 gius
338 3424 439 3453 cum
453 3408 659 3466 Scaligeri
677 3416 722 3452 et
742 3408 771 3450 J
773 3409 886 3452 ureti
904 3425 1074 3465 excerp-

1097 2230 1101 2234 *
1139 2181 1191 2225 tis
1210 2189 1254 2224 et
1270 2188 1368 2223 octo
1385 2179 1473 2222 aliis
1492 2196 1501 2230 ;
1523 2176 1597 2221 sed
1614 2178 1785 2219 frustra.
1802 2175 1985 2218 Metam.

1140 2259 1194 2300 11,
1215 2246 1306 2303 1673
1324 2246 1450 2299 Quod
1457 2246 1643 2286 simulac
1655 2256 1827 2289 sensere,
1844 2245 1988 2282 ruunt:

1146 2319 1332 2366 quatuor
1348 2308 1443 2352 libri
1462 2341 1474 2361 ,
1496 2323 1606 2350 nunc
1623 2323 1648 2348 o
1665 2321 1775 2347 nunc
1788 2307 1986 2354 Daedale.

1141 2373 1396 2419 concinnius
1410 2375 1559 2415 :sentit
1568 2370 1701 2413 etiam
1711 2378 1829 2413 recte
1848 2368 1990 2412 Com-

1145 2438 1420 2482 melinianus.
1443 2437 1612 2479 Hnms.

1197 2504 1263 2558 34.
1282 2505 1441 2547 Habes.
1452 2503 1586 2544 Habe.
1601 2499 1989 2543 Francosurtensis.

1198 2568 1264 2612 35.
1286 2568 1483 2611 Possidet
1498 2571 1542 2609 et
1555 2571 1699 2608 terras.
1722 2564 1992 2620 Argentinus

1145 2642 1189 2677 et
1207 2649 1322 2676 unus
1343 2632 1583 2676 Vaticanus
1599 2664 1610 2685 ,
1647 2638 1691 2673 et
1716 2645 1797 2686 pro
1825 2628 1993 2671 diversa

1144 2698 1328 2742 lectione
1347 2695 1674 2740 Arundelianus
1687 2729 1697 2745 ‚
1720 2695 1991 2737 Possideten.

1147 2762 1257 2807 Inde
1279 2761 1515 2821 legendum
1539 2760 1747 2804 Heinsius
1767 2758 1992 2803 censebat:

1145 2832 1291 2865 Possidet
1306 2843 1347 2862 en
1364 2839 1463 2862 ten-as
1475 2854 1485 2869 ‚
1511 2841 1550 2860 en
1567 2828 1708 2870 possidet
1726 2838 1855 2868 aequos-a
1870 2827 1993 2858 Minoe.

1201 2895 1266 2952 37.
1289 2894 1445 2935 Restat
1457 2895 1539 2933 iter
1545 2893 1649 2932 coeli.
1664 2891 1776 2932 Caelo
1790 2887 1995 2931 Politiani

1147 2965 1346 3014 excerpta
1360 2989 1371 3011 ,
1394 2965 1438 2998 et
1458 2955 1545 2997 duo
1568 2953 1662 2996 alii:
1683 2969 1775 2995 non
1796 2953 1921 2995 male.
1937 2952 1997 2994 H.

1148 3021 1252 3064 Vid.
1267 3020 1460 3064 Broukh.
1484 3018 1537 3061 ad
1556 3019 1754 3074 Propert.
1774 3030 1811 3060 11
1828 3050 1838 3070 ,
1862 3034 1878 3059 1
1897 3050 1908 3070 ,
1931 3031 1998 3058 20.

1150 3111 1203 3119 ··-
1224 3090 1335 3132 Celo
1354 3088 1603 3128 tentabimus
1618 3089 1689 3126 ire.
1709 3085 1862 3126 Caelum
1883 3083 1999 3126 Sar·-

1151 3152 1350 3194 ravianus
1371 3158 1414 3193 et
1435 3149 1523 3192 duo
1553 3149 1622 3192 alii
1641 3165 1651 3192 z
1678 3148 1775 3192 vide
1797 3158 1924 3192 notas
1944 3147 1999 3191 ad

1153 3216 1288 3272 Epist.
1310 3229 1401 3267 vn,
1430 3230 1469 3257 v.
1492 3217 1559 3268 4ο.
1582 3214 1749 3257 Hans-s.

1206 3281 1272 3323 33.
1304 3281 1471 3333 Jupiter
1498 3282 1595 3322 alte.
1632 3279 1758 3321 Alme
1786 3278 2000 3322 editiones

1153 3346 1339 3388 Venetae
1356 3377 1367 3398 ,
1391 3344 1557 3403 Micylli
1577 3353 1622 3387 et
1642 3345 1918 3388 Bersmanni.

1199 3411 1263 3471 39.
1282 3411 1475 3464 Tangere.
1480 3411 1873 3453 ScandereVatic.et
1882 3409 1934 3453 ali
1941 3427 2000 3452 us.
