2268 3776
598 307 983 364 AMoRUM
1026 309 1073 362 1.
1122 308 1374 362 ELEG.
1429 308 1621 363 vm.
1922 310 1985 378 41

305 425 414 487 Sed
446 447 596 496 cave,
628 447 697 484 ne
729 423 898 501 gratis
927 423 1018 484 hic
1048 422 1154 483 tibi
1181 437 1398 483 constet
1427 425 1606 483 amor!

227 524 378 605 Saepe
406 543 546 598 nega
572 534 764 581 noctes
791 544 802 580 :
833 520 1029 603 capitis
1058 518 1226 580 modo
1255 518 1400 597 finge
1431 518 1678 579 dolorem
1702 544 1713 578 ε

305 621 380 679 Et
408 616 575 678 modo
609 640 728 700 quae
759 640 948 677 causas
977 616 1251 699 praebeat,
1284 615 1389 677 Isis
1417 617 1536 677 erit.

227 717 362 776 Mox
391 714 598 798 recipe;
629 729 695 775 ut
721 713 939 775 nullum
963 713 1213 798 patiendi
1245 712 1471 792 colligat
1494 737 1681 781 usum,

1979 733 2003 772 20⁸!

303 812 452 872 Neve
481 810 803 872 relentescat
831 834 973 895 saepe
1001 810 1257 894 repulsus
1288 834 1459 871 amor.

224 905 402 967 Surda
432 907 505 967 sit
531 909 711 969 oranti
742 923 835 969 tua
860 910 1051 991 janua,
1085 907 1205 968 laxa
1231 906 1444 967 ferenti.

303 1002 514 1064 Audiat
543 1002 747 1065 exclusi
773 1004 940 1065 verba
969 1019 1225 1088 receptus
1256 1026 1461 1064 amans.

223 1099 322 1172 Et,
357 1099 513 1182 quasi
546 1098 671 1160 laesa
699 1100 881 1183 prior,
913 1124 1319 1185 nonnunquam
1348 1100 1579 1161 irascere
1609 1097 1736 1159 laeso
1763 1125 1775 1158 :

304 1196 580 1258 Vanescat
607 1196 767 1281 culpa
795 1196 959 1282 culpa
986 1219 1219 1281 repensa
1246 1211 1356 1257 tua.
1951 1218 2006 1258 8..

225 1290 333 1352 Sed
355 1315 660 1376 numquam
692 1293 907 1356 dederis
933 1294 1241 1379 spatiosum
1271 1307 1491 1376 tempus
1518 1291 1576 1351 in
1607 1292 1772 1363 iram3

303 1390 458 1473 Saepe
486 1390 792 1453 simultates
819 1392 900 1453 ira
927 1407 1142 1454 morata
1172 1392 1319 1453 facit.

226 1485 381 1565 Quin
408 1486 572 1547 etiam
601 1486 814 1549 discant
844 1488 993 1550 oculi
1022 1489 1305 1550 lacrimare
1334 1486 1537 1559 coacti,

305 1583 378 1641 Et
404 1581 606 1662 faciant
634 1583 770 1644 udas
798 1584 892 1645 illa
921 1584 1006 1647 vel
1037 1585 1131 1646 illa
1162 1608 1355 1664 genas3

225 1679 367 1751 Nec,
399 1678 447 1738 si
475 1684 639 1762 quem
665 1679 847 1754 falles,
883 1697 944 1743 tu
974 1683 1252 1765 perjurare
1285 1681 1505 1741 timeto:
1958 1698 2011 1739 85

309 1774 641 1837 Commodat
670 1776 849 1839 illusis
878 1779 1107 1840 numina
1137 1778 1313 1839 surda·
1333 1779 1542 1837 Venus.

227 1869 453 1944 Servus,
486 1886 542 1933 et
570 1872 639 1933 ad
669 1889 854 1957 partes
885 1875 1059 1937 solers
1088 1874 1285 1937 ancilla
1315 1888 1608 1958 parentum

278 2034 341 2062 na.
362 2020 426 2063 Et
434 2035 546 2063 cane.
561 2021 649 2063 Sed
657 2036 759 2064 cave
770 2055 779 2072 ,
797 2029 915 2065 recte
932 2022 1075 2079 prima

223 2082 368 2127 editio.
382 2084 694 2143 Neapolitanus
705 2119 717 2141 ,
733 2086 939 2143 sedsuge:
956 2086 1076 2144 quod

223 2147 313 2202 iam
335 2158 624 2206 praecesserat.
643 2152 811 2195 Hnms.

240 2222 242 2224 ’
279 2214 343 2271 74.
363 2216 427 2258 Et
441 2217 564 2259 modo
575 2231 668 2272 qua·
688 2231 844 2259 causas
858 2219 1050 2272 pra-beat
1060 2250 1071 2268 ,

223 2279 307 2321 Isis
324 2282 420 2323 eru.
439 2279 641 2338 Propert.
664 2297 839 2338 quoque
858 2314 870 2337 ‚
893 2281 971 2336 34:

264 2346 330 2378 Fue
346 2346 470 2379 similos
486 2358 586 2389 puros
599 2348 698 2380 Isidis
715 2350 778 2380 isse
791 2349 872 2380 dies.

229 2406 282 2449 In
312 2403 393 2450 illis
420 2408 542 2451 enim
571 2411 744 2461 diebus,
783 2410 857 2466 qui
889 2426 1080 2454 numero

227 2471 394 2524 decem,
407 2473 670 2518 secubabant
683 2475 877 2529 seminae,
893 2484 937 2518 et
953 2476 1082 2519 mari-

227 2543 376 2580 torum
413 2539 728 2583 consuetudine
769 2540 1043 2585 abstinebant
1065 2558 1078 2595 ;

229 2600 346 2644 unde
369 2602 568 2659 Propert.
590 2617 628 2646 11
647 2636 658 2659 ,
683 2604 806 2663 Eleg.
829 2619 941 2649 xx1v
957 2639 969 2660 ,
997 2624 1014 2649 1
1041 2618 1052 2646 ε

230 2670 355 2703 fl'n‘nia
371 2671 440 2713 jum
451 2671 588 2704 redeunt
600 2673 719 2704 iterum
738 2676 894 2706 solemnia
907 2675 1000 2707 nobis
1014 2683 1077 2707 ete.

278 2748 346 2792 79.
368 2733 633 2788 Lesapn'us.
648 2737 776 2778 Prior
785 2735 1002 2780 meliores.
1019 2736 1079 2779 H.

229 2794 366 2841 Recte
390 2814 401 2848 ς
443 2797 502 2841 ita
538 2798 653 2856 apud
682 2799 865 2843 Terent.
905 2801 1080 2859 Prolog.

229 2859 430 2906 Eunuch.
476 2865 587 2917 Quia
619 2867 739 2907 loesit
758 2870 879 2920 pn’or
903 2882 916 2907 .·
950 2874 1000 2909 ut
1031 2866 1079 2908 in

228 2924 447 2971 Bembino
465 2937 510 2972 et
526 2929 740 2974 Vaticano
761 2931 925 2988 reperit
942 2932 1080 2991 Faerg-

228 3006 323 3035 nus.
346 2992 498 3036 Posset
517 3003 560 3038 et
582 2995 688 3053 legi,
711 3005 878 3040 mutata
899 2992 1080 3042 distincss-

229 3059 350 3102 tione
363 3091 375 3114 ,
395 3059 541 3109 forsan
562 3062 784 3106 subtiliore
805 3080 936 3107 sensu
957 3081 967 3108 :

229 3135 272 3165 Et
285 3158 297 3173 ,
324 3135 417 3177 quasi
449 3135 542 3175 lasa,
567 3137 657 3178 prior
677 3149 911 3182 nonnunquam
944 3140 1081 3172 imscere

322 3194 409 3226 Iaso.
708 3207 712 3210 ·
789 3199 914 3230 Ruma-

285 3257 352 3299 80.
381 3259 427 3300 V
417 3264 597 3301 anesca!
615 3263 739 3316 culpa
750 3264 875 3316 culpa
889 3265 1076 3316 repulsa,

232 3320 482 3366 Puteaneus
506 3332 550 3366 et
568 3323 893 3369 Arundelianus
915 3337 925 3364 Ξ

270 3390 429 3423 Vmescut
445 3393 540 3434 culpa
552 3393 649 3434 culpa
667 3399 801 3435 repensa
817 3401 885 3425 tun.

232 3448 398 3508 Recte,
436 3452 519 3495 nisi
546 3452 664 3509 quod
694 3470 774 3498 sua
805 3454 1075 3512 legendum:

1157 2020 1349 2064 multum
1371 2035 1463 2067 esse
1492 2018 1715 2062 Nasonem
1738 2016 1782 2059 in
1813 2032 1862 2059 ea
1886 2016 2013 2059 locu-

1158 2086 1381 2141 tioneiam
1396 2083 1495 2127 alibi
1511 2082 1766 2125 monuimus
1787 2096 1798 2123 :
1819 2081 1900 2124 nisi
1923 2084 2015 2123 cul—

1151 2168 1213 2206 pa
1225 2167 1346 2201 nova,
1364 2165 1467 2193 curn
1485 2148 1748 2192 Sarraviano
1764 2146 1899 2189 malis.
1921 2144 2016 2189 Co-

1158 2216 1240 2259 dex
1272 2215 1419 2258 Jureti
1435 2247 1448 2268 ,
1482 2228 1700 2268 mpmssa5
1732 2210 1806 2255 sed
1841 2227 2017 2267 repensa

1158 2282 1271 2325 bene
1291 2281 1437 2324 habet.
1461 2280 1581 2323 Artis
1604 2279 1750 2322 Amat.
1772 2291 1812 2321 11
1828 2311 1841 2333 ,
1863 2278 1943 2336 577
1966 2294 1977 2320 ε

1162 2350 1232 2381 111ae
1243 2348 1416 2380 munditiis
1435 2359 1594 2379 annorum
1609 2347 1726 2397 dnm-m
1738 2346 1932 2388 rependunt.
1946 2345 1996 2377 Η.

1219 2412 1285 2454 82.
1313 2412 1488 2454 Matala
1497 2410 1629 2466 facit.
1651 2410 1791 2452 Dedit
1809 2407 2018 2465 Neapoli—

1163 2484 1251 2519 tan.
1265 2509 1277 2531 ‚
1299 2475 1420 2519 idem
1432 2490 1535 2519 mox
1548 2509 1560 2529 ,
1578 2479 1799 2519 lacrimare
1809 2476 2016 2517 decenler.

1217 2542 1283 2585 85.
1299 2543 1351 2584 ὖῖ
1357 2541 1632 2598 quemfallas.
1645 2543 1790 2584 Falles
1799 2539 2016 2582 meliores:

1163 2612 1207 2648 et
1234 2620 1314 2662 pro
1341 2611 1387 2648 tu
1400 2606 1642 2664 perjuram,
1662 2605 1774 2647 sorte
1791 2637 1804 2658 ‚
1826 2606 1934 2647 huic:
1958 2603 2018 2645 H.

1160 2672 1382 2726 Peq’uran·
1396 2672 1575 2728 antique
1590 2681 1635 2715 et
1649 2671 1854 2715 Plautino
1865 2669 2015 2723 modo,

1162 2752 1242 2792 pro
1252 2738 1447 2792 pejerant
1462 2737 1645 2790 dictum,
1662 2737 1830 2779 notavit
1851 2735 2019 2778 Douza.

1161 2825 1217 2836 -
1229 2804 1382 2846 Necm..
1398 2808 1445 2845 tu
1450 2803 1669 2859 perjurare
1684 2806 1843 2845 timeto.
1862 2802 2018 2844 Acrius

1162 2867 1295 2910 etiam
1317 2867 1518 2925 Pr0pert.
1541 2867 1612 2910 lib.
1635 2881 1700 2922 lv,
1724 2866 1847 2924 Eleg.
1870 2870 1911 2922 5,
1934 2884 1984 2923 ²7
2006 2882 2016 2908 :

1161 2936 1561 2978 Spemefidem,provolve
1571 2938 1672 2975 Deos,
1687 2936 1857 2967 mendacia
1873 2936 2015 2967 vincant.

1215 2999 1282 3041 86.
1300 3001 1551 3043 Commodat
1558 3001 1711 3041 illusis.
1722 3000 1775 3040 In
1784 3001 1903 3041 lusus
1917 2999 2018 3055 qui-

1162 3063 1277 3106 dam.
1299 3064 1612 3120 Neapolitanus
1629 3096 1641 3118 ,
1661 3068 1708 3106 in
1724 3066 1859 3107 ludos.
1891 3066 2018 3108 Com-

1161 3132 1321 3179 modat,
1346 3145 1427 3186 pro
1449 3131 1751 3172 accommodat.
1775 3129 1943 3172 Hssms.

1215 3195 1280 3250 87.
1302 3196 1449 3237 &rous
1482 3199 1527 3237 c!
1541 3196 1606 3236 ad
1610 3200 1759 3250 paries
1782 3197 1917 3236 solers
1935 3210 2018 3235 an-

1159 3262 1264 3302 cilla
1276 3265 1488 3314 patentur.
1524 3261 1604 3303 Ad
1609 3265 1760 3315 partes
1781 3261 1915 3301 solers
1928 3293 1939 3310 ,
1968 3258 2013 3300 id

1161 3334 1226 3368 est
1248 3357 1260 3378 ‚
1309 3324 1385 3380 qui
1430 3333 1527 3382 apte
1562 3329 1713 3379 partes
1745 3340 1841 3367 suas
1882 3332 1979 3380 agat
2000 3356 2013 3375 ‚

1160 3398 1211 3432 ut
1240 3389 1393 3432 histrio
1414 3389 1492 3432 sibi
1514 3390 1560 3432 in
1581 3404 1710 3433 scena
1731 3389 1851 3432 datas
1870 3397 2013 3445 partes

1162 3454 1287 3498 docte
1320 3463 1365 3498 et
1394 3455 1577 3499 solerter
1597 3455 1710 3512 agit3
1753 3463 1798 3498 et
1825 3454 1908 3497 hoc
1936 3469 2010 3496 se·—
