2268 3776
625 307 1014 364 AMoRUM
1065 309 1115 362 1.
1170 308 1415 364 ELEG.
1470 308 1608 364 xv.
1938 329 1998 386 71

299 429 451 488 Dum
476 423 698 509 rapidas
729 423 934 483 Simo'l's
965 422 1025 482 in
1050 445 1198 483 mare
1226 421 1411 484 volvet
1440 445 1628 506 aquas.
1958 455 2006 482 lo

222 523 387 585 Vivet
414 536 470 584 et
496 522 775 593 AscraeuS‚
805 520 938 581 dum
966 519 1165 581 mustis
1194 543 1301 581 uva
1331 520 1609 592 tumebit,

304 620 455 680 Dum
484 618 641 680 cadet
665 618 891 679 incurva
918 616 1054 679 falce
1083 631 1292 679 resecta
1323 618 1506 679 Ceres,

224 721 506 783 Battiades
535 744 752 804 semper
776 734 899 782 toto
929 720 1245 782 cantabitur
1274 719 1410 781 orbe
1433 743 1447 793 ;

305 817 575 899 Quamvis
605 817 831 897 ingenio
857 842 974 878 non
1004 816 1172 891 valet,
1203 832 1318 879 arte
1347 815 1505 878 valet.

160 940 163 943 ⁴
220 918 392 982 Nulla
425 918 739 1004 Sophocleo
766 920 950 982 veniet
974 920 1186 1003 jactura
1213 918 1509 982 cothurno.
1967 936 2016 975 εἴ.

303 1025 447 1086 Cum
481 1024 610 1086 Sole
639 1039 697 1086 et
724 1026 882 1086 Luna
914 1048 1130 1109 semper
1156 1025 1363 1087 Aratus
1393 1024 1517 1085 erit.

216 1127 370 1188 Dum
397 1125 563 1188 fallax
590 1150 780 1190 servus
798 1173 814 1202 ‚
846 1126 1019 1188 durus
1045 1133 1247 1212 pater‚'
1271 1126 1533 1212 improba
1559 1123 1685 1186 lena

211 1307 425 1355 brevitate
440 1308 648 1355 mirabilis
662 1325 672 1362 ς
689 1325 774 1354 nec
790 1308 959 1367 poetica
973 1325 1073 1354 mo·

214 1373 273 1418 do
291 1407 303 1431 ‚
324 1373 402 1420 sed
422 1374 613 1419 oratoria
632 1375 792 1419 virtute
810 1375 1075 1420 eminentis·

213 1440 362 1486 simus.
389 1459 412 1479 ³»
441 1440 601 1499 Quint.
624 1441 730 1486 Inst.
754 1441 880 1486 Orat.
903 1456 955 1497 x,
983 1458 1018 1486 1.

276 1522 339 1550 ιι.
375 1508 502 1551 Vivet
516 1512 564 1551 et
581 1508 790 1551 Ascmus.
820 1506 1043 1551 Hesiodus
1057 1539 1071 1563 ‚

214 1570 278 1616 sic
303 1569 471 1626 dictus,
498 1578 606 1616 'non
638 1572 756 1630 quod
789 1589 841 1616 ex
873 1572 1043 1617 Ascraea
1060 1606 1071 1625 ‚

218 1635 399 1681 Boeotiae
427 1636 616 1696 oppido,
642 1646 770 1683 natus
787 1671 799 1694 ,
822 1654 929 1682 nam
970 1637 1076 1683 Cu-

219 1716 358 1746 maeus
378 1702 460 1746 suit
475 1734 487 1758 ,
518 1701 592 1747 sed
615 1702 734 1761 quod
755 1703 813 1747 ibi
835 1703 1045 1748 educatus
1063 1720 1074 1748 ε

220 1766 427 1813 Homero
435 1767 527 1812 sere
536 1768 776 1826 coaequalis.
787 1768 932 1812 Multa
940 1769 1052 1826 scrip
1059 1792 1077 1801 -

215 1832 319 1877 sisse
347 1840 565 1878 testantur
595 1842 790 1889 veteres,
825 1849 922 1891 quae
950 1834 1076 1878 nobis

215 1906 392 1956 tempus
404 1897 582 1951 invidit;
605 1898 799 1956 pepercit
813 1907 961 1943 tamen
978 1914 1076 1943 car-

214 1963 408 2008 minibus
425 1996 437 2019 ,
461 1978 559 2021 quoe
578 1963 879 2009 inscribuntur
894 1996 907 2019 ‚
936 1966 1076 2021 Opera

212 2034 261 2072 et
277 2031 408 2081 Dies,
432 2031 678 2086 Theogom'a
697 2038 742 2074 et
761 2030 931 2074 Scutum
953 2032 1074 2074 Herh
1109 2090 1117 2097 μ

213 2097 336 2138 οιιΙιῖῐ.
370 2094 493 2139 Raro
508 2094 758 2139 Hesiodum
777 2110 997 2151 assurgere
1016 2095 1076 2139 ait

215 2158 407 2217 Quintil.
435 2160 463 2205 l.
494 2177 531 2205 c.
558 2159 637 2205 sed
674 2161 716 2206 ei
744 2161 937 2219 palmam
964 2160 1040 2205 dat
1058 2193 1072 2216 ‚

209 2228 257 2268 in
267 2227 344 2270 illo
355 2227 494 2270 medio
505 2228 683 2270 dicende·
691 2243 856 2283 genem.
873 2248 930 2259 —
942 2228 1073 2269 -Mus-

211 2292 283 2332 tis.
305 2288 484 2334 Servius
503 2289 558 2333 ad
581 2290 704 2348 Virg.
727 2305 764 2334 11
788 2325 800 2348 ,
841 2291 1004 2349 Georg.
1023 2306 1073 2350 7:

212 2371 237 2391 ι(
247 2354 437 2398 Mustum
450 2363 626 2399 tantum
638 2356 847 2414 singulari
861 2356 1047 2400 dicimus
1058 2387 1071 2410 ,

210 2418 324 2462 sicut
342 2427 388 2464 et
405 2420 562 2464 vinum
581 2453 593 2476 ,
623 2420 726 2465 licet
746 2421 933 2466 Ovidius
953 2421 1072 2464 abu-

213 2482 304 2526 sive
323 2489 464 2527 musta
482 2484 667 2528 dixerit:
683 2485 759 2529 sed
783 2485 868 2530 hoe
886 2486 956 2529 ille
976 2486 1073 2543 plus

213 2548 318 2592 fecit
335 2581 350 2603 ‚
382 2549 502 2606 quod
523 2558 568 2594 et
593 2554 744 2593 mustis
769 2549 872 2594 dicit
893 2567 904 2595 ε
932 2567 1071 2608 quum

214 2614 290 2670 (ut
306 2611 516 2671 diximus)
543 2613 599 2658 de
620 2614 686 2658 his
709 2615 963 2659 nominibus
983 2624 1072 2660 tres

213 2685 391 2721 tantum
421 2695 542 2723 casus
581 2680 782 2736 usurpari
817 2695 1070 2724 consueve-

210 2741 317 2788 rint.
341 2761 364 2782 »
385 2743 505 2787 Usus
523 2752 569 2788 et
590 2744 788 2788 Tibullus
802 2777 814 2800 ‚
837 2754 881 2788 et
902 2745 984 2788 alii.

271 2825 334 2852 ια.
357 2810 656 2866 Cems.Seges‚
675 2810 928 2854 Puteaneus
937 2820 983 2854 et
998 2811 1067 2855 alii

213 2873 394 2931 plurimi
413 2875 565 2920 :male.
589 2874 727 2920 Catal.
744 2876 860 2920 Pith.
873 2893 967 2935 pag.
988 2877 1066 2921 35:

251 2943 319 2975 Hic
331 2945 448 2985 gaudet
463 2956 566 2977 curva
577 2945 659 2978 falce
671 2953 792 2979 resecta
806 2947 914 2978 Ceres.

211 3002 368 3050 senec.
389 3005 531 3051 Theb.
549 3007 626 3066 371
653 3020 664 3047 τ

247 3073 292 3104 Et
305 3074 400 3105 tertia
415 3075 483 3116 jam
497 3074 581 3107 falce
592 3076 749 3109 decubuit
763 3078 872 3111 ceres.

206 3135 343 3179 Farra
359 3140 526 3179 resecta
537 3135 642 3180 dixit
655 3170 667 3192 ,
684 3138 800 3182 Fast.
812 3152 867 3195 11,
883 3141 978 3183 520.
1000 3141 1062 3184 H.

264 3200 328 3244 13.
354 3203 586 3246 Battiades
611 3219 777 3260 semper
798 3213 879 3250 etc.
917 3205 1063 3250 Calli-

206 3264 388 3310 machus
407 3299 420 3322 ,
444 3267 565 3311 Batti
583 3267 710 3314 filius.
740 3270 897 3329 Elegos
915 3272 1061 3331 scrip-
1091 3312 1100 3319 .

207 3340 325 3377 serat
340 3364 353 3387 ,
399 3333 474 3390 qui
514 3334 742 3392 perierunt
777 3352 788 3380 ε
827 3347 1063 3394 supersunt

212 3400 396 3458 Hymni,
418 3400 464 3443 in
481 3401 636 3457 quibus
651 3401 840 3446 habilem
856 3419 902 3447 se
917 3404 1062 3461 potius

214 3465 418 3510 carminis
445 3466 657 3512 artificem
672 3500 686 3524 ,
727 3484 861 3526 quam
886 3477 1061 3526 poetam

1154 1310 1435 1369 ingeniosum
1461 1308 1673 1368 proestitit.
1694 1307 1863 1353 Merito
1881 1307 2011 1366 igitur

1154 1385 1332 1421 noster:

1194 1446 1356 1487 Quamvis
1371 1445 1503 1488 ingenio
1516 1455 1584 1476 non
1595 1443 1681 1475 valet
1691 1467 1702 1483 ,
1719 1450 1793 1475 mo
1809 1443 1907 1474 valet.

1157 1507 1297 1565 Quod
1317 1507 1461 1552 verius
1473 1507 1617 1551 forsan
1640 1505 1695 1549 de
1711 1504 1856 1562 Elegis
1870 1539 1880 1555 .
1905 1520 2015 1561 quos

1155 1573 1356 1632 inprimis
1369 1581 1534 1631 spectat
1544 1571 1614 1615 hic
1626 1569 1826 1615 Ovidius.
1834 1592 1890 1603 —
1900 1573 2017 1614 Bat-

1156 1641 1309 1683 tiades.
1341 1639 1445 1683 Non
1474 1636 1591 1681 Batti
1621 1635 1763 1689 filius,
1797 1634 1874 1679 sed
1911 1633 2015 1694 Cy-

1157 1704 1357 1749 renaicus
1374 1736 1387 1759 ,
1422 1703 1475 1746 ab
1499 1702 1685 1745 Aristaeo
1702 1734 1714 1755 ,
1736 1700 1826 1745 sive
1847 1700 1980 1743 Batto
2004 1733 2016 1753 ,

1154 1768 1385 1813 conditore
1420 1766 1717 1827 Cyrenarum.
1748 1765 1837 1809 Alii
1857 1781 1910 1809 ex
1932 1764 2016 1808 alio

1154 1834 1305 1890 Batto,
1322 1851 1374 1878 ex
1389 1832 1572 1892 posteris
1582 1833 1695 1875 sorte
1709 1830 1864 1889 prioris
1878 1830 2016 1882 Batti,

1155 1909 1311 1945 natum
1346 1897 1671 1944 Callimachum
1699 1896 1868 1940 volunt.
1912 1895 2014 1938 Vid.

1152 1966 1367 2011 illustrem
1401 1964 1642 2023 Spanhem.
1675 1961 1730 2006 ad
1762 1960 2012 2006 Callimach.

1155 2034 1329 2093 Hymn.
1351 2031 1479 2090 Apol.
1500 2031 1568 2075 65.
1590 2031 1756 2074 Bonu-

1215 2099 1277 2142 16.
1311 2100 1415 2143 Cum
1435 2100 1532 2142 Sole
1556 2101 1605 2140 et
1622 2097 1760 2139 Luna.
1790 2094 1900 2138 Hac
1918 2108 2012 2136 non

1154 2172 1329 2208 tantum
1348 2172 1447 2221 apte
1471 2163 1632 2216 Arato,
1662 2161 1764 2217 quia
1786 2159 2013 2203 Asu-ono-

1153 2229 1267 2273 mica
1285 2229 1469 2286 scripsit,
1491 2224 1908 2276 accommodantur;
1933 2223 2010 2267 sed

1152 2294 1289 2338 etiam
1305 2294 1407 2351 quia
1427 2300 1554 2336 erant
1572 2290 1770 2351 symbola
1790 2289 2015 2334 aeternita-

1152 2359 1235 2411 tis;
1268 2367 1319 2403 ut
1339 2358 1399 2401 ita
1419 2357 1463 2401 in
1496 2357 1694 2400 nummis
1709 2354 1901 2413 conspici
1930 2353 2014 2396 do·-

1152 2423 1243 2467 cuit
1262 2423 1492 2467 Tristanus
1507 2431 1668 2476 tom.1‚
1695 2419 1873 2465 Comm.
1894 2419 2017 2463 Hist.

1152 2503 1247 2545 pag.
1280 2487 1375 2530 381.
1409 2487 1548 2531 Ioum.
1577 2509 1633 2519 --
1651 2487 1826 2541 Semper
1845 2484 2010 2528 Amtus

1151 2556 1243 2596 erit.
1276 2551 1429 2596 Graece
1454 2551 1623 2608 scripsit
1642 2550 1698 2594 de
1722 2549 2007 2594 Astronomia

1151 2633 1330 2661 carmen
1343 2651 1355 2672 ,
1372 2616 1490 2674 quod
1503 2617 1719 2674 magnoin
1735 2616 1878 2674 pretio
1891 2615 2004 2673 apud

1150 2693 1319 2728 veteres
1339 2684 1422 2727 suit
1436 2716 1449 2739 ,
1472 2682 1671 2740 quamvis
1689 2682 1744 2725 de
1763 2698 1817 2726 eo
1842 2681 2005 2739 Quin-

1149 2749 1211 2793 til.
1226 2749 1253 2792 l.
1271 2765 1330 2794 c.:
1343 2767 1366 2788 «
1382 2749 1506 2793 Arati
1522 2749 1707 2793 materia
1723 2757 1855 2806 motu*
1869 2756 2005 2801 caret,

1148 2824 1198 2859 ut
1217 2816 1263 2859 in
1286 2831 1371 2872 qua
1391 2815 1510 2859 nulla
1527 2815 1711 2858 varietas
1725 2847 1737 2869 ,
1766 2813 1912 2857 nullus
1931 2815 2006 2856 as-

1147 2883 1285 2926 sectus
1310 2915 1323 2936 ‚
1362 2881 1483 2925 nulla
1517 2895 1732 2938 persona,
1763 2879 1883 2923 nulla
1914 2895 2003 2923 cu-

1074 2986 1084 2991 -
1145 2947 1350 3005 jusquam
1370 2947 1426 2991 sit
1448 2947 1590 2989 oratio
1622 2962 1633 2989 ι
1660 2944 1823 2989 sufficit
1853 2953 2002 2988 tamen

1145 3013 1268 3070 operi
1285 3045 1299 3067 ,
1321 3012 1392 3056 cui
1410 3029 1456 3055 se
1476 3027 1629 3069 parem
1647 3009 1846 3054 credidit.
1860 3028 1882 3048 ¹·
1907 3011 2001 3055 Ne-

1145 3095 1232 3135 que
1253 3078 1338 3122 hoc
1356 3085 1474 3122 certe
1493 3077 1585 3120 laus
1599 3076 1773 3119 ultima!
1795 3079 2004 3132 Φαινεμὲυα

1145 3143 1239 3201 (hie
1252 3143 1373 3187 enim
1386 3142 1529 3199 operis
1542 3140 1716 3198 titulus)
1731 3141 1943 3185 latinitate
1959 3151 2005 3185 et

1144 3209 1330 3253 metrico
1344 3223 1548 3252 sermone
1570 3206 1796 3251 donarunt
1811 3205 1971 3250 Cicero
1986 3240 1998 3260 ,

1146 3272 1623 3319 Germanicus-Caesar
1641 3282 1687 3317 et
1702 3274 1861 3317 Festus
1875 3272 2003 3315 Avie-

1142 3356 1226 3384 nus
1242 3339 1434 3384 :Gallico
1452 3348 1617 3391 autem,
1634 3339 1717 3382 AL.
1727 3338 1782 3382 G.
1797 3339 1954 3382 ann
1962 3339 1999 3380 ὲ.

1204 3422 1219 3447 ι
1230 3423 1265 3462 7.
1292 3406 1409 3447 Dum
1418 3405 1572 3459 fallax·
1590 3421 1755 3456 servus,
1779 3407 1908 3447 durus
1922 3420 2008 3458 pa-

1146 3475 1217 3514 ler
1245 3478 1327 3515 etc.
1357 3472 1618 3517 Bleaandros
1640 3476 1734 3515 erit.
1766 3488 1790 3509 «ι
1821 3469 1915 3527 Qui
1942 3467 2012 3511 vel
