2268 3776
538 266 802 323 ARTIS
841 263 1318 319 AMATORIAE
1362 266 1527 321 LIB.
1569 266 1658 320 11.

1872 268 1971 321 321

294 387 379 447 Ne
406 383 584 462 fugiat
610 382 755 442 vieto
786 380 964 440 fassus
994 378 1063 438 ab
1097 402 1191 439 ore
1223 379 1417 462 pudor.

217 482 348 562 Quo
377 479 579 558 magi8‚
606 503 640 539 o
665 478 892 560 juvenes
909 523 924 550 ,
958 474 1293 559 deprendere
1324 478 1528 559 parcite
1558 492 1763 538 vestras
1791 503 1805 537 ε

298 580 566 640 Peceent:
598 590 885 660 peccantes
915 575 1081 636 verba
1111 573 1323 635 dedisse
1352 589 1564 657 putent.

220 675 431 737 Crescit
461 697 614 735 amor
641 672 856 756 prensis
882 697 894 732 :
924 671 1024 732 ubi
1052 694 1153 754 par
1179 665 1402 731 fortuna
1432 671 1669 732 duorum
1698 686 1811 745 est,

301 774 368 832 In
398 794 559 832 causa
588 769 772 830 damni
803 783 1012 852 perstat
1040 782 1274 851 uterque
1305 768 1407 828 sui.
1909 787 1989 832 56.»

220 897 460 957 FABULA
490 910 749 955 narratur
778 908 900 954 toto
929 894 1221 954 notissima
1247 891 1407 964 caelo,

302 988 630 1051 Mulciberis
661 989 807 1072 capti
836 990 1098 1072 Marsque
1125 990 1425 1072 Venusque
1454 988 1610 1050 dolis.

221 1089 376 1149 Mars
406 1102 586 1170 pater,
610 1087 806 1147 insano
837 1086 1068 1146 Veneris
1098 1078 1361 1147 turbatus·
1382 1110 1592 1159 amore,

304 1186 390 1245 De
421 1185 557 1244 duce
588 1182 823 1245 terribili
850 1183 1027 1244 factus
1056 1197 1267 1244 amator
1289 1198 1419 1245 erat.

222 1282 336 1342 Nee
364 1282 555 1341 Venus
587 1282 793 1354 oranti,
817 1304 997 1364 neque
1027 1281 1175 1342 enim
1205 1281 1322 1341 Dea
1351 1279 1576 1341 mollior
1597 1278 1710 1341 ulla
1740 1294 1849 1353 est,

1917 1299 1995 1341 565

307 1379 537 1440 Rustica
567 1375 832 1451 Gradivo,
867 1377 1174 1439 difficilisve
1204 1377 1326 1438 fuit.

227 1473 319 1535 Ah
354 1475 570 1557 quoties
594 1474 795 1535 lasciva
822 1473 1018 1558 pedem
1047 1473 1232 1534 risisse
1258 1473 1440 1533 mariti

310 1570 559 1644 Dicitur,
584 1587 639 1632 et
668 1571 832 1631 duras
863 1571 990 1650 igne
1020 1570 1105 1631 vel
1136 1585 1248 1631 arte
1275 1571 1505 1630 manus!

228 1669 411 1730 Marte
438 1667 620 1751 palam
648 1667 871 1728 simulat
895 1666 1205 1728 Vulcanum
1233 1667 1469 1740 imitata,
1501 1665 1764 1727 decebat:

287 1835 380 1879 556.
408 1837 476 1881 Ne
483 1834 634 1891 fiegt'al
649 1839 761 1879 viclo
769 1834 925 1890 fhssus
939 1838 994 1879 ab
1010 1851 1081 1879 ore

220 1901 372 1955 pudor.
403 1899 633 1944 Sententia
658 1909 722 1944 est
749 1915 759 1943 :
780 1900 872 1944 sine
893 1907 943 1943 ut
962 1900 1079 1943 surta

229 1980 307 2008 sua
320 1964 429 2008 celet
439 1997 450 2019 ,
467 1980 524 2008 ne
538 1997 550 2020 ,
566 1964 600 2008 si
613 1964 807 2008 studium
819 1963 989 2008 celandi
1005 1979 1080 2007 re-

233 2030 378 2074 mittat
397 2064 409 2086 ,
443 2029 575 2073 etiam
609 2029 826 2087 pudorem
857 2028 1077 2087 deponat,

231 2096 344 2141 victa
362 2095 649 2152 verecundia,
667 2096 846 2141 fatendo
869 2113 917 2140 ac
937 2095 1080 2154 palam

234 2161 467 2218 peccando,
490 2161 541 2206 ld
563 2162 684 2206 enim
712 2162 792 2206 sibi
819 2162 911 2205 vult
926 2161 1081 2216 fassus

226 2227 372 2279 pudor.
400 2225 574 2269 MICYL.
601 2228 749 2270 lesus
778 2226 918 2283 prima
947 2225 1082 2269 editio

235 2296 280 2332 et
298 2289 425 2332 multi
438 2307 489 2334 ex
504 2291 682 2348 scriptis.
697 2291 749 2333 In
765 2290 976 2348 pluribus,
983 2289 1084 2345 sal-

236 2371 311 2398 sus
331 2372 344 2399 .·
364 2356 475 2400 sorte
497 2372 578 2413 pro
590 2360 751 2412 pulsus.
772 2356 1084 2414 Neapolitanus

238 2420 374 2464 codex
393 2421 529 2479 probe
547 2438 557 2466 ε
835 2454 839 2456 ἡ

276 2494 328 2527 Ne
340 2493 445 2536 fugiat
456 2494 543 2526 fasso
558 2494 664 2526 victus
676 2494 718 2525 ab
734 2505 788 2526 ore
801 2495 918 2536 pudor.

292 2555 386 2599 561.
405 2558 568 2599 Fabula
585 2561 782 2599 narratur
795 2564 874 2600 etc.
899 2556 967 2599 Ab
986 2556 1087 2599 Ho-

242 2635 368 2662 mero
390 2620 583 2675 primum
596 2652 607 2673 ,
626 2619 784 2678 Odyss.
804 2628 858 2675 Θ,
880 2621 1086 2665 266-366.

241 2684 332 2728 Ubi
344 2682 518 2726 vidend.
530 2683 728 2726 Eustath.
738 2684 1086 2740 etAthenaeus,I,

247 2765 294 2792 ι’]
311 2765 323 2801 ;
350 2748 596 2805 iterumque
610 2749 716 2804 XII,
729 2750 808 2792 sub
827 2750 922 2792 init.
934 2773 989 2782 —
1001 2753 1090 2794 Fa—

242 2816 341 2858 bula
350 2820 550 2858 narratur.
555 2814 709 2858 Malim
715 2832 821 2869 ,nan
824 2822 960 2859 antur.
968 2817 1091 2861 Mars

248 2885 293 2920 et
312 2879 464 2922 venus
483 2878 710 2978 videlicet3
734 2889 777 2923 et
793 2896 895 2923 mox
914 2881 1025 2924 630:

650 2949 1024 2991 s,snb·=lntur1·ispe1·.unt
1036 2949 1087 2986 Η,

302 3005 395 3049 56η.
424 2960 650 3050 Mulciberi
662 3014 782 3063 capte
803 3019 882 3054 etc.
904 3011 971 3055 Ita
992 3012 1091 3069 qui-

250 3069 355 3112 dem
365 3070 546 3127 vulgatae
558 3071 771 3116 editiones
784 3073 964 3121 habent:
979 3077 1091 3121 Pris-

246 3135 396 3178 cianus
417 3143 564 3178 autem
582 3139 826 3181 Mulcibenlr
846 3139 948 3196 legit
968 3142 1094 3198 geni—

249 3199 338 3242 tivo
351 3214 450 3242 casu
467 3231 479 3253 ‚
496 3198 783 3244 declinatione
799 3205 949 3246 tertia:
967 3205 1095 3250 citat-

252 3279 335 3320 que
350 3263 469 3306 hune
482 3263 624 3320 ipsum
635 3280 830 3321 versum,
842 3266 950 3310 libro
962 3278 1093 3314 sexto.

251 3327 403 3385 Quod,
419 3344 669 3385 quanquam
684 3330 887 3387 exiguum
908 3349 957 3376 ac
970 3333 1062 3377 leve
1079 3368 1091 3390 ,

253 3391 461 3435 adnotare
493 3401 642 3437 tamen
670 3391 753 3438 hoc
787 3394 881 3440 loco
906 3397 1091 3454 placuit,

487 3476 580 3531 II.

283 2946 334 2977 Ut
346 2957 532 2988 quumquen
513 2947 580 2978 ndt'
570 2958 635 2989 »ger

1159 1834 1227 1878 vel
1248 1849 1396 1879 versus
1417 1834 1552 1893 gratia
1568 1866 1581 1889 ,
1604 1834 1678 1891 qui
1712 1833 1791 1877 hac
1820 1833 2006 1878 lectione

1158 1901 1379 1959 aliquanto
1394 1901 1530 1945 levior
1544 1918 1592 1944 ac
1607 1900 1780 1944 mollior
1794 1900 2006 1947 redditur.

1223 1965 1315 2009 563.
1359 1966 1566 2008 Turbatus
1598 1980 1749 2007 amore.
1781 1966 2012 2007 succensus

1163 2032 1325 2090 Regius
1337 2051 1346 2084 ;
1363 2038 1552 2087 turpatus
1573 2032 1610 2075 A
1614 2032 1745 2089 prosii
1755 2049 1764 2075 2
1774 2036 2013 2075 stimulatus

1162 2100 1351 2145 malebat
1361 2099 1570 2144 Francius
1581 2115 1716 2154 :mox,
1727 2105 2003 2147 amatorum,

1164 2164 1415 2210 patavinus.

1218 2230 1310 2286 567.
1340 2233 1493 2274 Pedem
1510 2233 1670 2271 nlulrse.
1690 2230 1827 2272 Pedes
1843 2228 2011 2284 scripti:

1164 2306 1209 2341 et
1227 2296 1367 2354 prima
1386 2296 1533 2339 editio:
1555 2296 1723 2339 Hssms.

1221 2362 1314 2421 569.
1343 2362 1482 2404 Marte
1491 2364 1638 2415 palam
1654 2362 1829 2403 simula!
1841 2366 1921 2403 etc.
1944 2358 2014 2401 De

1166 2442 1255 2484 quo
1278 2427 1376 2484 ,ipse
1408 2426 1609 2483 queritur
1628 2424 1850 2468 Vulcanus
1867 2456 1881 2478 ‚
1901 2423 2014 2481 apud

1167 2493 1355 2536 Homer.
1376 2491 1403 2533 Ι.
1421 2491 1492 2535 eit.
1515 2491 1624 2545 308,
1646 2490 1692 2532 in
1714 2489 1987 2534 oratiuncula
2002 2523 2015 2543 ,

1169 2573 1255 2613 qua
1274 2556 1394 2600 Deos
1421 2571 1576 2599 omnes
1595 2563 1832 2608 convocat,
1856 2556 2016 2598 Vene—

1169 2638 1266 2666 rem
1282 2637 1385 2665 cum
1405 2620 1552 2664 Marte
1574 2620 1889 2677 deprensuros:

1166 2678 1280 2736 Ως’
1265 2691 1330 2743 εμέ
1345 2688 1500 2742 χωλον’
1485 2690 1589 2731 εόντα
1606 2689 1693 2734 Διὲς
1706 2687 1833 2741 θυγά·
1816 2706 1881 2747 ,ηρ
1898 2675 1958 2731 A’a
1940 2705 2018 2744 fse-

1337 2756 1421 2802 α’·ίτη

1170 2821 1260 2863 Ale„
1279 2817 1462 2872 ἀτιμάζει
1482 2836 1515 2859 κ.
1533 2836 1565 2859 τ.
1587 2822 1620 2858 )..

1170 2906 1225 2914 -
1242 2883 1383 2925 Marte
1406 2884 1553 2936 palam
1578 2884 1754 2923 simula!
1787 2882 2018 2923 Vulcanum

1170 2949 1339 2989 imitata
1352 2979 1364 2997 ,
1391 2948 1578 2988 decebat.
1602 2945 1739 2986 Simul
1750 2950 1795 2986 cl
1805 2978 1817 2995 ,
1849 2943 2023 2987 Aldinae

1173 3007 1388 3052 editiones
1420 3018 1464 3050 et
1496 3017 1585 3051 tres
1611 3007 1709 3050 libri
1730 3007 2021 3051 Bersmanni:

1171 3078 1344 3126 similis,
1380 3090 1494 3117 unus
1515 3074 1701 3116 Heinsii.
1723 3073 1836 3117 Illud
1855 3077 2029 3116 simulat

1177 3144 1348 3183 imitata
1368 3140 1437 3182 vix
1455 3139 1619 3195 placet:
1638 3140 1750 3182 sorte
1766 3172 1777 3193 ‚

1173 3208 1282 3239 him-te
1295 3209 1402 3249 palam
1415 3208 1713 3246 saltatNulcnnum
1727 3208 1865 3246 imitata,
1873 3207 2004 3239 decebat
2018 3220 2027 3247 ;

1174 3268 1242 3310 vel
1261 3268 1400 3311 simile
1422 3266 1551 3324 quid3
1578 3283 1683 3310 nam
1703 3268 1815 3311 saltu
1836 3277 1879 3310 et
1896 3277 2020 3324 gestu

1178 3332 1430 3376 imitabatur
1449 3332 1655 3375 claudum
1670 3333 1922 3393 Vulcanum
1937 3348 1948 3375 ε
1962 3339 2027 3374 si-

1174 3403 1331 3443 mulare
1343 3408 1386 3443 et
1399 3403 1564 3444 imitari
1574 3416 1715 3443 unum
1725 3400 1932 3457 idemque
1946 3409 2025 3451 est;

1731 3504 1794 3535 21
