2268 3776
353 342 457 396 350

767 339 862 390 ·P.
916 337 1217 393 OVIDII
1270 332 1674 394 NASONIS'

426 458 705 536 Parvaque
732 435 967 513 sinceras
997 454 1139 515 velat
1168 454 1316 514 aluta
1345 477 1526 532 genaS.

346 557 460 614 Nec
489 550 671 634 pudor
698 564 780 610 est
810 550 996 610 oculos
1027 550 1180 612 tenui
1209 549 1423 627 signare
1453 546 1667 619 favilla;

425 648 531 710 Vel
559 670 734 731 prope
764 661 816 708 te
845 662 1008 720 nato,
1037 646 1215 716 lucide
1249 647 1468 728 Cydne,
1501 666 1679 707 crocu.

345 749 447 807 Est
475 744 640 816 mihi,
673 767 783 826 quo
813 735 926 803 dixi
953 758 1143 804 vestrae
1173 741 1533 802 medicamina
1558 741 1746 802 formae
1765 787 1780 813 ‚

2034 761 2112 802 205

424 843 631 903 Parvus
648 887 663 912 ,
694 839 951 900 sed'cura
976 839 1178 918 grande
1209 837 1432 900 libellus
1461 861 1621 920 opus.

347 939 494 1000 Hinc
525 961 744 1020 quoque
770 937 1087 1019 praesidium
1113 935 1253 995 laesae
1281 934 1545 1017 petitote,
1578 931 1807 1016 puellae:

426 1037 558 1094 Non
586 1048 670 1093 est
696 1057 800 1116 pro
830 1033 1024 1094 vestris
1053 1055 1140 1092 ars
1166 1055 1287 1091 mea
1314 1030 1481 1090 rebus
1507 1029 1670 1089 iners,

347 1133 476 1193 Non
503 1145 684 1190 tamen
713 1130 987 1213 expositas
1007 1152 1195 1189 mensa
1223 1126 1525 1210 deprendat
1552 1139 1764 1185 amator

427 1227 664 1311 Pyxidas
689 1252 700 1287 :
731 1251 817 1287 ars
842 1226 1035 1286 faciem
1064 1223 1406 1285 dissimulata
1430 1223 1600 1304 juvat.

2040 1251 2121 1281 210

348 1326 532 1405 Quem
560 1347 678 1383 non
708 1323 953 1383 offendat
983 1337 1102 1382 toto
1130 1321 1233 1382 faex
1266 1320 1406 1380 illita
1434 1318 1590 1379 vultu
1607 1364 1622 1389 ,

429 1421 619 1500 Quum
643 1420 766 1480 fluit
793 1420 853 1479 in
883 1419 1100 1502 tepidos
1127 1417 1373 1502 pondere
1399 1416 1554 1499 lapsa
1582 1413 1780 1486 sinus?

352 1518 577 1601 OEsypa
606 1518 741 1601 quid
769 1516 1052 1590 redolent,
1083 1514 1330 1599 quamvis
1362 1513 1615 1573 mittatur
1640 1509 1908 1582 Athenis,

352 1706 489 1749 Sicuti
501 1709 622 1748 canis
640 1709 773 1748 cinere
792 1720 846 1747 ex
865 1707 956 1748 oleo
981 1706 1090 1746 illito
1111 1718 1195 1746 su-

342 1774 521 1825 perct‘lia
531 1775 774 1826 nzgrrescunt.
795 1768 936 1823 Idem,
949 1770 1090 1819 XXX,
1105 1785 1198 1825 cap.

264 1848 272 1849 ’
351 1849 482 1878 XLVI:
498 1837 598 1878 Ovis
600 1836 874 1891 formicarum
893 1837 1115 1890 supercilia
1131 1836 1197 1876 de·

351 1904 516 1955 m'grari
528 1917 618 1943 cum
633 1903 788 1942 muscis
810 1903 919 1942 trz'ltlr
938 1902 1118 1942 tradunt.
1135 1899 1195 1941 H.

355 1964 537 2008 Tertull.
547 1964 599 2007 de
613 1963 729 2007 Cult.
743 1964 865 2007 Fem.
876 1977 929 2017 11,
943 1965 986 2005 5:
999 1965 1048 2006 In
1056 1965 1195 2005 Deum

351 2033 459 2072 enim
478 2032 737 2084 delinquunt,
760 2033 838 2084 qui
858 2033 989 2071 cutem
1010 2030 1195 2070 medica-

350 2097 530 2136 minibus
547 2099 713 2148 urgent,
734 2109 866 2148 genas
886 2095 1029 2135 rubore
1055 2109 1199 2135 macu-

350 2163 464 2210 lant,
488 2162 632 2201 oculos
632 2158 819 2214 fultg'rine
832 2162 1061 2213 porrigunt.
1080 2158 1196 2214 Quae

348 2224 501 2266 ultima
515 2223 644 2266 verba
659 2222 711 2266 de
729 2222 963 2279 superciliis
976 2222 1196 2279 productis

347 2289 597 2346 intelligunt
624 2288 911 2345 interpretes:
932 2287 1049 2344 quod
1077 2303 1194 2330 con—

348 2354 495 2397 firmat
527 2354 648 2397 idem
678 2354 863 2410 Tertull.
895 2354 998 2396 ibid.
1018 2367 1061 2408 1,
1084 2370 1108 2395 2
1127 2369 1137 2396 :
1155 2360 1199 2396 el

344 2423 462 2462 illum
480 2424 614 2474 tpsum
625 2422 832 2475 pulverem
847 2452 858 2470 ,
881 2434 959 2475 quo
987 2421 1195 2461 oculorum

345 2487 518 2526 exordia
523 2487 777 2538 producunt:
786 2499 891 2526 nam
904 2483 1104 2540 probasse
1116 2500 1196 2526 ve—

347 2556 460 2590 teres
476 2548 701 2603 supercilia
714 2548 837 2591 tenui
851 2547 1099 2591 discrimine
1114 2547 1195 2591 dis-

347 2611 480 2655 tincta
500 2621 544 2654 et
562 2610 789 2667 producta,
813 2612 940 2656 docet
958 2613 1195 2657 Petronius

345 2672 447 2734 caps
462 2690 624 2730 cxxw;
646 2678 720 2720 ubi
738 2678 983 2723 Burmann.
1007 2679 1147 2723 adeas.

401 2744 495 2784 205.
523 2745 610 2786 Est
626 2745 751 2793 mihi,
774 2760 852 2798 quo
881 2747 980 2786 dixi
1004 2753 1084 2787 etc.
1108 2745 1194 2787 Li·-

346 2806 509 2850 bellum
518 2806 679 2850 indicat
691 2810 742 2849 de
753 2809 1190 2859 Mefiffiminfflaa‘ei,

347 2871 401 2915 de
420 2888 508 2929 quo
529 2880 678 2928 postea
693 2904 704 2926 ,
718 2888 797 2914 suo
818 2872 913 2915 loco
933 2873 1196 2916 dicemus.—

346 2940 430 2981 Est
436 2939 545 2979 mihi
555 2953 634 2992 quo
646 2932 753 2996 dixti,
770 2940 858 2991 Qui
864 2941 970 2980 dicit
981 2938 1194 2981 Bemens.

346 3014 390 3047 ct
412 3004 529 3047 alius.
547 3005 637 3057 Qui
648 3006 762 3046 dixit
779 3013 964 3060 quatuor
978 3021 987 3047 z
1000 3016 1078 3060 qu'o
1092 3008 1200 3048 duxi

350 3068 483 3112 editio
505 3069 672 3125 prima:
692 3071 828 3123 sorte,
850 3074 927 3125 qui
936 3072 1057 3112 dicet.

403 3149 480 3189 207
487 3166 496 3174 .
507 3135 765 3175 Fra-sidium.
781 3136 1009 3177 Consilium
1018 3134 1194 3177 Fames.

346 3199 532 3241 -Loesoe
545 3203 719 3252 petitote
732 3202 894 3253 puelloe.
916 3201 1195 3255 Loesoefiguroe

349 3263 488 3318 prima
507 3263 641 3305 editio
657 3273 700 3306 et
713 3274 900 3319 quatuor
913 3265 1060 3322 scripti
1075 3281 1085 3309 t
1099 3281 1194 3322 pro-

348 3328 415 3369 be.
438 3327 592 3370 Amor.
612 3329 659 3383 I,
682 3329 802 3386 Eleg.
827 3345 854 3372 x
873 3363 884 3384 ‚
920 3332 994 3383 14:

389 3396 488 3426 Nunc
502 3397 618 3428 mentis
632 3397 711 3428 vitio
726 3398 799 3428 laesa
815 3398 915 3438 figura
932 3406 987 3429 tua
1001 3406 1061 3430 est.
1090 3411 1091 3414 ¹

409 3471 500 3515 209.
525 3460 617 3502 Non
639 3465 775 3502 lamen
793 3465 1018 3514 expositas.
1037 3460 1194 3505 Come-

1276 1697 1464 1743 linianus
1479 1731 1491 1753 ‚
1512 1704 1557 1741 el
1562 1701 1729 1753 positas
1744 1714 1758 1740 .·
1773 1698 1886 1740 sorte
1898 1729 1911 1751 ,
1936 1701 1985 1739 ut
1992 1700 2121 1751 posi-

1276 1771 1358 1808 tas.
1371 1763 1485 1807 Vide
1501 1762 1556 1806 de
1573 1778 1626 1805 eo
1646 1761 1855 1819 loquendi
1873 1761 2007 1803 modo
2025 1777 2119 1817 quae

1275 1839 1426 1874 notata
1446 1829 1499 1873 ad
1522 1828 1657 1886 Epist.
1677 1843 1731 1884 v,
1751 1845 1861 1872 vers.
1881 1829 1945 1871 83.
1964 1831 2122 1872 Posda-

1268 1899 1451 1957 pyxides
1464 1929 1475 1947 ‚
1502 1903 1552 1937 ut
1565 1899 1711 1949 posita
1730 1910 1906 1944 venena,
1935 1893 2120 1936 Remed.

1275 1975 1384 2002 vers.
1395 1959 1490 2001 351.
1500 1958 1666 2001 HEINS.
1677 1957 1880 2001 Omnino
1890 1957 2122 2000 retinenda

1275 2026 1446 2082 vulgata
1469 2024 1622 2067 lectio:
1645 2029 1844 2080 exposita·
1863 2024 1983 2066 enim
2001 2025 2123 2082 pyxi-

1277 2088 1353 2132 des
1373 2096 1478 2131 sunt
1505 2087 1551 2130 i‘n
1579 2103 1730 2130 mensa
1744 2120 1756 2142 ,
1777 2087 1935 2130 eodem
1962 2087 2094 2129 modo
2111 2121 2122 2140 ‚

1274 2164 1325 2198 ut
1346 2158 1576 2210 expositum
1602 2170 1748 2197 aurum
1774 2160 1818 2196 et
1838 2160 2050 2209 argentum
2077 2154 2123 2196 in
2177 2197 2180 2200 ,

1275 2222 1420 2272 abaco,
1436 2221 1483 2263 in
1493 2219 1694 2263 triclinio.
1707 2219 1848 2263 Cicer.
1862 2220 1909 2262 in
1927 2221 2054 2262 Verr.
2068 2219 2122 2263 de

1275 2284 1322 2327 Si
1326 2301 1382 2341 gn
1388 2318 1397 2327 .
1408 2302 1429 2327 2
1436 2300 1456 2341 7
1468 2300 1478 2327 :
1492 2286 1687 2326 Exornat
1693 2287 1830 2338 ample
1834 2284 2127 2340 magnificeque
2192 2285 2198 2291 '

1272 2354 1516 2401 convivium,
1527 2353 1699 2405 exponit
1706 2365 1769 2401 ea,
1782 2353 1928 2406 quibus
1937 2352 2125 2392 abunda-

1274 2419 1364 2464 bat,
1380 2420 1564 2470 plurima
1581 2432 1636 2458 ac
1640 2418 1920 2471 pulcherrima
1935 2432 2044 2458 vasa
2059 2432 2123 2458 ar·

1270 2488 1432 2538 genten.
1456 2482 1571 2525 Vide
1585 2498 1715 2539 supra
1734 2482 1788 2526 ad
1809 2482 1880 2526 lib.
1898 2497 1937 2537 1,
1954 2484 2046 2539 407.
2069 2483 2120 2525 Β.

1330 2564 1422 2592 210.
1452 2550 1739 2592 Dissimulata
1757 2550 1890 2606 juvet.
1915 2552 2049 2593 Juvat
2074 2550 2120 2592 in

1275 2615 1550 2671 quibusdam.
1574 2616 1793 2659 NAUGER.
1821 2619 1956 2659 Juvat
1976 2615 2121 2671 scripti

1273 2695 1376 2722 cum
1406 2680 1549 2736 prima
1573 2679 1780 2722 editione.
1810 2681 1976 2723 HEms.
2004 2678 2118 2722 Vide

1274 2759 1328 2786 311
1348 2743 1512 2799 placeat
1531 2743 1658 2786 lectio
1679 2743 1880 2786 Vossiani
1898 2742 2080 2785 codicis:

1494 2813 1560 2844 Ars
1571 2811 1689 2843 faciem
1701 2813 1906 2844 dissimulata
1916 2814 2007 2846 facit.

1274 2873 1296 2915 I
1300 2881 1341 2915 ta
1358 2889 1474 2930 supr.
1497 2875 1573 2916 105
1591 2889 1601 2916 ε
1621 2889 1722 2916 cura
1738 2876 1861 2916 dabit
1863 2875 2057 2930 faciem,
2076 2886 2120 2919 et

1272 2953 1373 2980 mox
1387 2955 1408 2980 2
1417 2955 1462 2997 17
1478 2954 1488 2981 :
1503 2941 1597 2982 Ista
1610 2940 1946 2996 dabuntsaci'em.
1956 2941 2117 2985 BURM.

1328 3004 1420 3046 213.
1449 3005 1610 3062 OEs'ypa
1627 3009 1732 3061 quid
1742 3009 1944 3059 redolent,
1964 3023 2118 3063 quam-

1272 3072 1334 3110 vis
1347 3073 1538 3131 mittatur
1549 3071 1742 3114 Athenis.
1764 3073 1925 3130 OEsypa
1939 3083 2054 3117 certe
2071 3075 2117 3117 in

1275 3135 1414 3193 Regio
1432 3145 1476 3179 et
1497 3153 1588 3180 uno
1603 3138 1830 3181 Vaticano.
1852 3146 2017 3189 Οἴσυπος
2028 3173 2039 3194 ,
2055 3148 2121 3184 καὶ

1273 3203 1424 3250 Οὶσύπη
1443 3233 1454 3255 ,
1472 3208 1539 3244 καὶ
1557 3207 1744 3256 Οἵσυπις,
1763 3204 1860 3251 ὁτῖῑς
1875 3207 1980 3258 αἰγὶς
1990 3207 2119 3267 ρύπσςῑ

1273 3266 1422 3310 sordes
1443 3268 1614 3322 ovium,
1638 3268 1707 3312 vel
1724 3269 1871 3312 sordes
1892 3271 2028 3313 oviilae
2054 3270 2118 3312 la-

1272 3347 1341 3374 nae
1363 3332 1656 3389 adhaerentes,
1679 3344 1753 3378 aut
1771 3336 1868 3378 lana
1883 3335 2051 3380 succida
2075 3345 2117 3380 et

1271 3399 1446 3442 sordida
1454 3416 1589 3458 prope
1598 3411 1722 3445 nates
1732 3394 1894 3453 ovium}
1904 3402 1971 3445 vel
1986 3403 2113 3445 etiam

1272 3465 1493 3522 pinguedo
1512 3500 1523 3521 ‚
1547 3483 1642 3523 quae
1664 3468 1919 3525 exprimitur
1936 3484 1985 3511 ex
2003 3468 2119 3510 hisce
