2268 3776
1120 174 1147 189 θ

355 273 458 348 194

843 273 908 325 Ρ.
946 273 1246 328 OVIDII
1291 272 1656 331 NASONIS

349 391 512 448 Hunc
541 402 704 470 potes
731 385 986 469 amplecti
1014 387 1272 448 formosis
1299 388 1468 448 stulta
1490 389 1744 450 lacertis?

427 484 608 563 Hujus
639 483 698 541 in
727 481 1009 564 amplexus
1033 483 1201 543 stulta
1222 484 1403 544 venire
1428 487 1632 567 potes?

344 583 404 642 Si
431 581 633 651 nesciS,
663 578 870 657 galeam
897 594 1061 662 caput
1088 580 1196 639 hoc
1229 595 1449 662 portare
1479 581 1731 643 solebat:

421 678 567 737 Ense
595 676 738 736 latus
770 677 1035 748 cinctum,
1062 675 1214 758 quod
1242 676 1348 735 tibi
1376 678 1574 751 servit,
1608 694 1738 739 erat.

340 778 496 835 Laeva
523 797 744 846 manus,
770 774 858 833 cui
886 798 1034 833 nunc
1065 797 1248 832 serum
1273 772 1413 857 male
1442 776 1699 835 convenit
1728 800 1945 850 aurum,
2066 796 2114 838 15

419 871 585 930 Scuta
609 869 738 930 tulit
761 895 772 929 ε
800 870 1042 930 dextram
1073 884 1265 947 tange,
1293 885 1518 930 cruenta
1542 870 1665 933 fuit.

339 966 466 1046 Qua
495 966 660 1048 periit
688 965 886 1049 aliquis
903 1013 917 1039 ‚
943 981 1103 1048 potes
1128 966 1271 1027 hanc
1301 967 1620 1046 contingere
1651 968 1938 1029 dextram?

416 1064 572 1123 Heu!
597 1063 699 1123 ubi
726 1063 987 1123 mollities
1016 1063 1257 1145 pectoris
1286 1062 1379 1122 illa
1409 1064 1539 1124 tui?

339 1161 514 1221 Cerne
545 1160 851 1233 cicatriceS‚
877 1160 1073 1220 veteris
1100 1159 1330 1237 vestigia
1359 1184 1586 1242 pugnae:

416 1258 727 1336 Quaesitum
756 1271 840 1318 est
865 1256 947 1316 illi
976 1280 1237 1339 corpore,
1266 1257 1541 1340 quidquid
1566 1258 1750 1318 habet.
2061 1289 2114 1319 20

332 1353 587 1413 Forsitan
617 1368 696 1425 et,
726 1354 942 1436 quoties
972 1354 1253 1412 hominem
1277 1352 1647 1433 jugulaverint
1661 1353 1754 1415 ille

415 1453 631 1513 Indicet
655 1477 666 1512 ε
696 1452 804 1512 hoc
831 1451 1002 1511 fassas
1029 1451 1210 1529 tangis
1235 1474 1391 1510 avara
1417 1452 1653 1511 manus?

330 1550 431 1611 Ille
463 1574 565 1628 ego
596 1551 884 1609 Musarum
914 1571 1118 1631 purUS‚
1152 1546 1461 1630 Phoebique
1493 1547 1744 1608 sacerdos
1763 1594 1777 1620 ‚

412 1635 735 1725 Ad„rigidas
766 1658 927 1704 canto
959 1666 1176 1703 carmen
1203 1642 1366 1703 inane
1385 1636 1558 1704 fores,

336 1742 573 1813 Discite,
605 1740 701 1823 qui
732 1740 954 1823 sapitis,
982 1764 1098 1799 non
1130 1763 1250 1822 quae
1277 1763 1383 1800 nos
1413 1739 1615 1799 scimus
1642 1739 1870 1810 inerteS‚
2057 1756 2110 1800 25

395 1929 412 1954 1
424 1927 456 1953 1.
486 1911 695 1951 For-mosis
717 1910 848 1950 stulta
877 1911 1057 1950 lacertis.
1094 1909 1183 1950 Pro

335 1978 468 2018 stulta
481 1984 570 2017 tam
582 1974 666 2027 hic,
683 1988 814 2030 quam
825 1972 1025 2029 sequenti
1038 1989 1182 2027 versu,

338 2041 587 2084 Puteaneus
602 2071 612 2093 ,
628 2042 718 2081 vita
732 2054 744 2080 .·
759 2054 851 2080 mea
866 2042 973 2088 υίία,
989 2054 1083 2079 mea
1092 2040 1180 2088 lux,

337 2104 555 2148 blanditiae
575 2112 834 2146 amatorum.
850 2103 1049 2158 Propert.
1066 2102 1135 2145 lib.
1149 2116 1182 2156 1,

340 2170 489 2227 Elegia
510 2182 547 2211 11
565 2202 576 2224 ,
600 2184 639 2210 V.
663 2185 679 2210 1
701 2184 712 2211 :

338 2243 428 2284 Quid
444 2243 539 2284 juvat
553 2249 664 2273 ornato
678 2241 850 2283 procedere
858 2266 868 2280 ,
881 2241 951 2272 vita
962 2264 973 2280 ‚
987 2241 1104 2282 capillo
1115 2240 1133 2271 ?

343 2305 487 2360 Atque
508 2303 567 2346 ita
588 2302 656 2345 ille
672 2301 828 2360 passim
850 2301 961 2361 alibi.
978 2300 1185 2359 Optimus

337 2369 559 2412 Palatinus
585 2376 771 2422 utroque
792 2367 887 2410 loco
903 2398 914 2421 ,
932 2365 1080 2421 fulta,·
1106 2382 1184 2409 se—

341 2435 493 2490 quenti
514 2450 643 2477 versu
665 2432 868 2489 quidam:

378 2504 449 2553 lJuj
456 2513 492 2532 us
509 2504 542 2532 in
555 2503 723 2543 amplexus
732 2527 743 2542 ‚
758 2503 856 2532 stulta
870 2525 880 2540 ,
894 2502 1005 2533 venire
1020 2508 1110 2543 potes
1124 2502 1141 2532 ’ἶ

395 2581 411 2606 1
420 2567 456 2606 5.
490 2565 689 2609 Cuinunc
702 2567 811 2606 male
822 2568 1014 2606 commit
1024 2580 1179 2606 aurum.

337 2628 568 2672 Annulum
590 2637 835 2684 equestrem
857 2629 1081 2684 intelligit,
1107 2629 1181 2684 qui

337 2709 487 2737 aureus
502 2727 512 2744 ‚
539 2709 622 2736 nec
642 2692 716 2735 tali
740 2691 899 2735 dextrae
924 2693 983 2734 ita
1012 2707 1184 2735 conve—

335 2760 475 2801 niens.
489 2760 628 2801 Serum
642 2766 789 2800 autem
801 2790 812 2811 ,
830 2757 929 2812 quia
944 2771 1181 2811 seraeques

335 2826 472 2867 factus
492 2832 584 2866 erat
602 2823 680 2866 iste
695 2854 707 2876 ,
730 2821 783 2864 de
806 2837 892 2877 quo
911 2821 981 2863 hic
1001 2820 1153 2877 agitur.

398 2906 413 2931 1
424 2907 459 2945 7.
494 2890 589 2942 Qua
600 2892 728 2943 perid
742 2890 897 2943 aliquis
910 2920 920 2938 ,
937 2892 1057 2940 potes
1073 2887 1183 2927 hanc
1219 2890 1222 2892 ’

332 2958 567 3007 contingere
586 2955 775 2995 dextram
789 2955 812 2997 ,Ρ
827 2951 931 2994 Sese
952 2960 1100 2992 tamen
1120 2950 1182 2992 ita

333 3036 404 3062 res
423 3018 578 3070 habet;
601 3027 645 3060 et
672 3016 862 3074 puellam
888 3016 1039 3072 saepius
1068 3014 1181 3058 saci—

334 3084 513 3126 noribus
534 3083 704 3126 virtutis
732 3082 894 3125 bellicae
910 3115 921 3135 ,
950 3097 1081 3138 quam
1102 3081 1182 3122 in-

335 3148 451 3205 genii
472 3147 643 3190 dotibus
666 3148 841 3204 ceperis.
875 3147 994 3190 Inest
1024 3146 1180 3202 quippe

336 3212 384 3254 in
413 3228 460 3254 re
488 3212 688 3265 militari,
728 3211 874 3254 nescio
901 3210 1004 3267 quid
1026 3210 1182 3266 sragosi

336 3286 381 3320 et
401 3277 699 3330 tumultuarii,
728 3267 851 3332 'quod
873 3275 1049 3333 ingenio
1073 3291 1182 3317 mu-

333 3341 464 3384 liebri
492 3342 593 3385 satis
628 3341 993 3385 accommodatur.
1019 3339 1187 3384 Confer

335 3406 512 3452 Lucian.
525 3407 818 3463 Dialog.x111,
837 3406 1061 3451 Meretric.
1077 3424 1086 3459 ;
1110 3405 1184 3449 ubi

1267 1907 1559 1951 Leontichum
1572 1905 1808 1964 quemdam
1821 1906 2005 1961 inducit,
2017 1908 2107 1963 qui,

1267 1973 1374 2016 dum
1384 1972 1585 2030 praeclare
1598 1988 1674 2016 ase
1688 1979 1803 2028 gesta
1815 1970 1928 2014 bello
1944 1982 2108 2027 narrat,

1266 2048 1439 2082 tantum
1458 2038 1525 2082 sui
1556 2037 1788 2080 horrorem
1826 2035 1966 2093 injicit
1983 2069 1994 2091 ,
2028 2047 2076 2080 ut
2094 2071 2106 2091 ,

1268 2119 1400 2159 quam
1435 2103 1514 2146 sibi
1542 2102 1645 2145 velit
1675 2101 1903 2145 conciliare
1919 2134 1931 2155 ,
1969 2102 2111 2158 puella

1265 2177 1521 2211 narrantem
1541 2168 1676 2224 fugiat
1694 2167 1937 2224 perterrita.

1320 2251 1387 2276 21.
1421 2235 1595 2287 Quoties
1611 2236 1814 2276 bominem
1823 2233 2108 2288 jugulaverit,

1265 2301 1338 2341 ille
1357 2301 1532 2342 Indicel.
1554 2298 1731 2341 Rectius
1751 2298 1798 2340 in
1821 2297 1956 2341 MSS.
1972 2314 2113 2341 exem·

1265 2364 1452 2421 plaribus
1468 2363 1640 2421 legitur,
1653 2367 1753 2418 ipse.
1770 2363 1900 2406 MAR.
1922 2365 2001 2406 Ille
2014 2379 2112 2406 me-

1264 2429 1412 2472 liores:
1426 2431 1584 2486 hosteru
1592 2428 1850 2484 jugulaverit
1859 2428 1989 2471 etiam
2006 2428 2112 2472 Sar—

1261 2494 1462 2538 ravianus
1478 2510 1488 2536 :
1507 2494 1655 2552 probe.
1679 2494 1770 2536 Pro
1793 2495 1980 2545 Indicet,
2016 2495 2109 2538 Pu-

1262 2569 1442 2603 teaneus
1459 2592 1471 2615 ,
1505 2562 1567 2603 Et
1596 2562 1719 2602 dicet.
1755 2557 2105 2614 Arundelianus,

1262 2628 1400 2672 Dicat
1407 2633 1451 2669 et
1462 2626 1713 2682 hocsassas.
1735 2625 1795 2668 Le
1800 2641 1854 2682 go
1867 2658 1880 2680 ‚
1893 2628 2106 2669 Pru-dicet.

1263 2691 1430 2734 HEINS.
1452 2692 1583 2734 Forte
1594 2723 1606 2745 ,
1620 2695 1712 2740 iste,
1725 2706 1803 2746 per
1814 2699 2105 2746 contemtum,

1262 2766 1312 2799 ut
1331 2773 1440 2813 saepe
1462 2757 1577 2813 apud
1596 2757 1808 2799 Nostrum
1828 2766 1872 2799 et
1893 2757 2108 2801 alios.H0-

1263 2825 1412 2864 minem
1433 2838 1522 2864 non
1550 2830 1699 2865 muto:
1716 2837 1820 2865 nam
1843 2824 2000 2865 hostem
2027 2824 2108 2879 ju-

1266 2888 1411 2946 gulare
1434 2887 1550 2931 laudi
1570 2889 1705 2941 soret;
1727 2887 1802 2931 sed
1824 2890 2024 2946 ambigue
2043 2890 2110 2932 lo—

1265 2971 1401 3009 quens
1421 2954 1551 2996 etiam
1573 2954 1878 2997 innocentium
1897 2955 2106 3012 sanguine

1263 3019 1472 3062 foedatum
1492 3018 1682 3062 indicare
1703 3028 1854 3076 potest.
1879 3020 2042 3063 Bmm.

1319 3084 1384 3126 23.
1414 3086 1492 3126 Ille
1514 3100 1611 3138 ego,
1635 3083 1854 3126 Musarum
1875 3100 2006 3138 purus
2031 3093 2114 3128 etc.

1268 3147 1361 3202 Qui
1379 3157 1511 3191 castas
1531 3157 1574 3190 et
1587 3164 1721 3202 puras
1740 3164 1762 3190 a
1782 3148 1993 3205 sanguine
2014 3164 2108 3189 ma·-

1265 3228 1346 3255 nus
1366 3211 1515 3254 habeo.
1533 3211 1786 3268 Opponitur
1799 3215 1952 3255 dexlroe
1966 3228 2107 3255 cruen-

1264 3282 1316 3319 toe
1334 3275 1498 3329 militis,
1522 3276 1594 3331 qui
1622 3280 1780 3331 quoties
1800 3278 2002 3318 homiuem
2015 3274 2107 3329 ju-

1260 3343 1474 3396 gulaven'l,
1500 3340 1647 3384 amicae
1658 3337 2104 3395 narratjactabundus.

1319 3408 1385 3448 25.
1417 3408 1511 3451 Non
1538 3408 1625 3451 hoec
1651 3422 1738 3460 quae
1763 3407 1916 3454 scimus
1943 3407 2105 3446 inertes.
