<?xml version="1.0" encoding="UTF-8"?>
<!DOCTYPE html PUBLIC "-//W3C//DTD XHTML 1.0 Transitional//EN"
    "http://www.w3.org/TR/xhtml1/DTD/xhtml1-transitional.dtd">
<html xmlns="http://www.w3.org/1999/xhtml" xml:lang="en" lang="en">
 <head>
  <title>
</title>
<meta http-equiv="Content-Type" content="text/html;charset=utf-8" />
  <meta name='ocr-system' content='tesseract 3.04.00' />
  <meta name='ocr-capabilities' content='ocr_page ocr_carea ocr_par ocr_line ocrx_word'/>
</head>
<body>
  <div class='ocr_page' id='page_1' title='image "./quaeextantomniao02oviduoft_0072.png"; bbox 0 0 2268 3776; ppageno 0'>
   <div class='ocr_carea' id='block_1_1' title="bbox 255 288 325 342">
    <p class='ocr_par' dir='ltr' id='par_1_1' title="bbox 255 288 325 342">
     <span class='ocr_line' id='line_1_1' title="bbox 255 288 325 342; baseline 0.029 -2"><span class='ocrx_word' id='word_1_1' title='bbox 255 288 325 342; x_wconf 80' lang='lat'>58</span> 
     </span>
    </p>
   </div>
   <div class='ocr_carea' id='block_1_2' title="bbox 718 294 1557 358">
    <p class='ocr_par' dir='ltr' id='par_1_2' title="bbox 718 294 1557 358">
     <span class='ocr_line' id='line_1_2' title="bbox 718 294 1557 358; baseline 0.015 -13"><span class='ocrx_word' id='word_1_2' title='bbox 718 294 781 346; x_wconf 91' lang='grc' dir='ltr'>Ρ.</span> <span class='ocrx_word' id='word_1_3' title='bbox 840 294 1137 351; x_wconf 91' lang='lat' dir='ltr'><strong>OVIDII</strong></span> <span class='ocrx_word' id='word_1_4' title='bbox 1183 297 1557 358; x_wconf 88' lang='lat' dir='ltr'><strong>NASONIS</strong></span> 
     </span>
    </p>
   </div>
   <div class='ocr_carea' id='block_1_3' title="bbox 245 396 2029 974">
    <p class='ocr_par' dir='ltr' id='par_1_3' title="bbox 332 396 1686 481">
     <span class='ocr_line' id='line_1_3' title="bbox 332 396 1686 481; baseline 0.013 -26"><span class='ocrx_word' id='word_1_5' title='bbox 332 396 639 481; x_wconf 79' lang='lat' dir='ltr'>Molliaque</span> <span class='ocrx_word' id='word_1_6' title='bbox 670 401 739 460; x_wconf 90' lang='lat' dir='ltr'>ad</span> <span class='ocrx_word' id='word_1_7' title='bbox 770 402 1049 465; x_wconf 87' lang='lat' dir='ltr'>dominam</span> <span class='ocrx_word' id='word_1_8' title='bbox 1078 407 1245 468; x_wconf 88' lang='lat' dir='ltr'>verba</span> <span class='ocrx_word' id='word_1_9' title='bbox 1265 407 1488 471; x_wconf 88' lang='lat' dir='ltr'>ferenda</span> <span class='ocrx_word' id='word_1_10' title='bbox 1517 411 1686 473; x_wconf 83' lang='lat' dir='ltr'>dedi?</span> 
     </span>
    </p>

    <p class='ocr_par' dir='ltr' id='par_1_4' title="bbox 247 496 1591 681">
     <span class='ocr_line' id='line_1_4' title="bbox 247 496 1591 583; baseline 0.01 -28"><span class='ocrx_word' id='word_1_11' title='bbox 247 496 453 579; x_wconf 84' lang='lat' dir='ltr'><strong>Aptius</strong></span> <span class='ocrx_word' id='word_1_12' title='bbox 480 496 565 557; x_wconf 87' lang='lat' dir='ltr'>hae</span> <span class='ocrx_word' id='word_1_13' title='bbox 595 499 813 582; x_wconf 88' lang='lat' dir='ltr'>capiant</span> <span class='ocrx_word' id='word_1_14' title='bbox 841 503 1150 565; x_wconf 81' lang='lat' dir='ltr'>vadimonia</span> <span class='ocrx_word' id='word_1_15' title='bbox 1182 505 1399 583; x_wconf 85' lang='lat' dir='ltr'>garrula</span> <span class='ocrx_word' id='word_1_16' title='bbox 1430 532 1591 583; x_wconf 66' lang='lat' dir='ltr'>ceras,</span> 
     </span>
     <span class='ocr_line' id='line_1_5' title="bbox 331 594 1480 681; baseline 0.01 -30"><span class='ocrx_word' id='word_1_17' title='bbox 331 594 486 673; x_wconf 80' lang='lat' dir='ltr'>Quas</span> <span class='ocrx_word' id='word_1_18' title='bbox 516 594 715 678; x_wconf 90' lang='lat' dir='ltr'>aliquis</span> <span class='ocrx_word' id='word_1_19' title='bbox 747 597 885 660; x_wconf 92' lang='lat' dir='ltr'>duro</span> <span class='ocrx_word' id='word_1_20' title='bbox 915 601 1172 680; x_wconf 85' lang='lat' dir='ltr'>cognitor</span> <span class='ocrx_word' id='word_1_21' title='bbox 1199 626 1291 663; x_wconf 92' lang='lat' dir='ltr'>ore</span> <span class='ocrx_word' id='word_1_22' title='bbox 1319 601 1480 681; x_wconf 84' lang='lat' dir='ltr'>legat.</span> 
     </span>
    </p>

    <p class='ocr_par' dir='ltr' id='par_1_5' title="bbox 248 688 2029 880">
     <span class='ocr_line' id='line_1_6' title="bbox 248 688 2029 781; baseline 0.01 -34"><span class='ocrx_word' id='word_1_23' title='bbox 248 690 402 749; x_wconf 86' lang='lat' dir='ltr'>Inter</span> <span class='ocrx_word' id='word_1_24' title='bbox 430 690 806 773; x_wconf 87' lang='lat' dir='ltr'>ephemeridas</span> <span class='ocrx_word' id='word_1_25' title='bbox 832 688 1060 769; x_wconf 86' lang='lat' dir='ltr'>melius,</span> <span class='ocrx_word' id='word_1_26' title='bbox 1095 697 1420 781; x_wconf 90' lang='lat' dir='ltr'>tabulasque</span> <span class='ocrx_word' id='word_1_27' title='bbox 1446 700 1713 780; x_wconf 87' lang='lat' dir='ltr'>jacerent,</span> <span class='ocrx_word' id='word_1_28' title='bbox 1976 725 2029 765; x_wconf 85' lang='lat'>25</span> 
     </span>
     <span class='ocr_line' id='line_1_7' title="bbox 327 787 1522 880; baseline 0.011 -36"><span class='ocrx_word' id='word_1_29' title='bbox 327 788 394 845; x_wconf 90' lang='lat' dir='ltr'>In</span> <span class='ocrx_word' id='word_1_30' title='bbox 422 787 626 870; x_wconf 86' lang='lat' dir='ltr'>quibus</span> <span class='ocrx_word' id='word_1_31' title='bbox 653 790 933 853; x_wconf 87' lang='lat' dir='ltr'>absumtas</span> <span class='ocrx_word' id='word_1_32' title='bbox 963 794 1115 855; x_wconf 89' lang='lat' dir='ltr'>fleret</span> <span class='ocrx_word' id='word_1_33' title='bbox 1145 820 1338 856; x_wconf 90' lang='lat' dir='ltr'>avarus</span> <span class='ocrx_word' id='word_1_34' title='bbox 1370 820 1522 880; x_wconf 89' lang='lat' dir='ltr'>opes.</span> 
     </span>
    </p>

    <p class='ocr_par' dir='ltr' id='par_1_6' title="bbox 245 882 1744 974">
     <span class='ocr_line' id='line_1_8' title="bbox 245 882 1744 974; baseline 0.011 -35"><span class='ocrx_word' id='word_1_35' title='bbox 245 882 398 960; x_wconf 85' lang='lat' dir='ltr'>Ergo</span> <span class='ocrx_word' id='word_1_36' title='bbox 425 906 527 960; x_wconf 85' lang='lat' dir='ltr'>ego</span> <span class='ocrx_word' id='word_1_37' title='bbox 559 908 658 944; x_wconf 89' lang='lat' dir='ltr'>vos</span> <span class='ocrx_word' id='word_1_38' title='bbox 684 886 853 948; x_wconf 87' lang='lat' dir='ltr'>rebus</span> <span class='ocrx_word' id='word_1_39' title='bbox 883 888 1130 972; x_wconf 86' lang='lat' dir='ltr'>duplices</span> <span class='ocrx_word' id='word_1_40' title='bbox 1158 915 1263 974; x_wconf 89' lang='lat' dir='ltr'>pro</span> <span class='ocrx_word' id='word_1_41' title='bbox 1292 892 1518 954; x_wconf 90' lang='lat' dir='ltr'>nomine</span> <span class='ocrx_word' id='word_1_42' title='bbox 1550 894 1744 954; x_wconf 77' lang='lat' dir='ltr'>sensi?</span> 
     </span>
    </p>
   </div>
   <div class='ocr_carea' id='block_1_4' title="bbox 232 1036 1095 3519">
    <p class='ocr_par' dir='ltr' id='par_1_7' title="bbox 237 1036 1095 1887">
     <span class='ocr_line' id='line_1_9' title="bbox 239 1036 1088 1103; baseline 0.014 -23"><span class='ocrx_word' id='word_1_43' title='bbox 239 1036 248 1055; x_wconf 56' lang='lat'><em>³</em></span> <span class='ocrx_word' id='word_1_44' title='bbox 297 1040 363 1081; x_wconf 81' lang='lat'>23.</span> <span class='ocrx_word' id='word_1_45' title='bbox 380 1040 537 1095; x_wconf 73' lang='lat' dir='ltr'>Aptius</span> <span class='ocrx_word' id='word_1_46' title='bbox 550 1044 613 1084; x_wconf 80' lang='lat' dir='ltr'>hoe</span> <span class='ocrx_word' id='word_1_47' title='bbox 625 1048 802 1098; x_wconf 77' lang='lat' dir='ltr'>capiant</span> <span class='ocrx_word' id='word_1_48' title='bbox 808 1054 887 1089; x_wconf 88' lang='lat' dir='ltr'>etc.</span> <span class='ocrx_word' id='word_1_49' title='bbox 905 1046 1065 1091; x_wconf 85' lang='lat' dir='ltr'>Melius</span> <span class='ocrx_word' id='word_1_50' title='bbox 1076 1080 1088 1103; x_wconf 92' lang='lat'>,</span> 
     </span>
     <span class='ocr_line' id='line_1_10' title="bbox 243 1106 1091 1163; baseline 0.012 -16"><span class='ocrx_word' id='word_1_51' title='bbox 243 1106 586 1150; x_wconf 89' lang='lat' dir='ltr'>convenientius.</span> <span class='ocrx_word' id='word_1_52' title='bbox 614 1111 893 1163; x_wconf 85' lang='lat' dir='ltr'>Vadimonia;</span> <span class='ocrx_word' id='word_1_53' title='bbox 930 1113 982 1155; x_wconf 89' lang='lat' dir='ltr'>ab</span> <span class='ocrx_word' id='word_1_54' title='bbox 1002 1130 1091 1156; x_wconf 81' lang='lat' dir='ltr'>va-</span> 
     </span>
     <span class='ocr_line' id='line_1_11' title="bbox 240 1170 1092 1234; baseline 0.014 -24"><span class='ocrx_word' id='word_1_55' title='bbox 240 1171 357 1221; x_wconf 88' lang='lat' dir='ltr'>dari,</span> <span class='ocrx_word' id='word_1_56' title='bbox 381 1170 449 1213; x_wconf 84' lang='lat' dir='ltr'>vel</span> <span class='ocrx_word' id='word_1_57' title='bbox 469 1176 717 1225; x_wconf 72' lang='lat' dir='ltr'>conmdmi,</span> <span class='ocrx_word' id='word_1_58' title='bbox 744 1175 859 1231; x_wconf 88' lang='lat' dir='ltr'>quod</span> <span class='ocrx_word' id='word_1_59' title='bbox 878 1186 943 1220; x_wconf 86' lang='lat' dir='ltr'>est</span> <span class='ocrx_word' id='word_1_60' title='bbox 962 1178 1008 1220; x_wconf 92' lang='lat' dir='ltr'>in</span> <span class='ocrx_word' id='word_1_61' title='bbox 1024 1179 1092 1234; x_wconf 86' lang='lat' dir='ltr'>jus</span> 
     </span>
     <span class='ocr_line' id='line_1_12' title="bbox 242 1233 1092 1300; baseline 0.013 -25"><span class='ocrx_word' id='word_1_62' title='bbox 242 1233 398 1289; x_wconf 87' lang='lat' dir='ltr'>citare,</span> <span class='ocrx_word' id='word_1_63' title='bbox 421 1234 490 1278; x_wconf 85' lang='lat' dir='ltr'>die</span> <span class='ocrx_word' id='word_1_64' title='bbox 512 1236 624 1281; x_wconf 80' lang='lat' dir='ltr'>dicta</span> <span class='ocrx_word' id='word_1_65' title='bbox 646 1251 655 1278; x_wconf 92' lang='lat'>:</span> <span class='ocrx_word' id='word_1_66' title='bbox 676 1238 779 1283; x_wconf 91' lang='lat' dir='ltr'>hinc</span> <span class='ocrx_word' id='word_1_67' title='bbox 799 1257 899 1293; x_wconf 86' lang='lat' dir='ltr'>vas,</span> <span class='ocrx_word' id='word_1_68' title='bbox 924 1242 994 1285; x_wconf 86' lang='lat' dir='ltr'>ille</span> <span class='ocrx_word' id='word_1_69' title='bbox 1018 1244 1092 1300; x_wconf 90' lang='lat' dir='ltr'>qui</span> 
     </span>
     <span class='ocr_line' id='line_1_13' title="bbox 241 1299 1093 1366; baseline 0.014 -26"><span class='ocrx_word' id='word_1_70' title='bbox 241 1315 322 1354; x_wconf 92' lang='lat' dir='ltr'>pro</span> <span class='ocrx_word' id='word_1_71' title='bbox 337 1299 473 1343; x_wconf 91' lang='lat' dir='ltr'>altero</span> <span class='ocrx_word' id='word_1_72' title='bbox 486 1302 687 1358; x_wconf 85' lang='lat' dir='ltr'>spondet,</span> <span class='ocrx_word' id='word_1_73' title='bbox 703 1308 986 1350; x_wconf 79' lang='lat' dir='ltr'>vadimonium</span> <span class='ocrx_word' id='word_1_74' title='bbox 995 1325 1093 1366; x_wconf 88' lang='lat' dir='ltr'>pro-</span> 
     </span>
     <span class='ocr_line' id='line_1_14' title="bbox 242 1364 1091 1416; baseline 0.013 -11"><span class='ocrx_word' id='word_1_75' title='bbox 242 1364 387 1407; x_wconf 88' lang='lat' dir='ltr'>mittit.</span> <span class='ocrx_word' id='word_1_76' title='bbox 413 1366 479 1409; x_wconf 91' lang='lat' dir='ltr'>Ut</span> <span class='ocrx_word' id='word_1_77' title='bbox 499 1376 647 1409; x_wconf 90' lang='lat' dir='ltr'>autem</span> <span class='ocrx_word' id='word_1_78' title='bbox 669 1372 793 1411; x_wconf 89' lang='lat' dir='ltr'>vadis</span> <span class='ocrx_word' id='word_1_79' title='bbox 813 1387 980 1415; x_wconf 88' lang='lat' dir='ltr'>nomen</span> <span class='ocrx_word' id='word_1_80' title='bbox 1002 1373 1091 1416; x_wconf 87' lang='lat' dir='ltr'>duo</span> 
     </span>
     <span class='ocr_line' id='line_1_15' title="bbox 241 1429 1092 1490; baseline 0.013 -19"><span class='ocrx_word' id='word_1_81' title='bbox 241 1429 450 1485; x_wconf 89' lang='lat' dir='ltr'>denotat,</span> <span class='ocrx_word' id='word_1_82' title='bbox 484 1447 587 1474; x_wconf 91' lang='lat' dir='ltr'>eum</span> <span class='ocrx_word' id='word_1_83' title='bbox 609 1432 677 1475; x_wconf 90' lang='lat' dir='ltr'>cui</span> <span class='ocrx_word' id='word_1_84' title='bbox 699 1433 789 1477; x_wconf 89' lang='lat' dir='ltr'>dies</span> <span class='ocrx_word' id='word_1_85' title='bbox 811 1435 923 1479; x_wconf 88' lang='lat' dir='ltr'>dicta</span> <span class='ocrx_word' id='word_1_86' title='bbox 943 1437 998 1480; x_wconf 90' lang='lat' dir='ltr'>sit</span> <span class='ocrx_word' id='word_1_87' title='bbox 1014 1471 1025 1490; x_wconf 88' lang='lat'>,</span> <span class='ocrx_word' id='word_1_88' title='bbox 1049 1447 1092 1481; x_wconf 85' lang='lat' dir='ltr'>ct</span> 
     </span>
     <span class='ocr_line' id='line_1_16' title="bbox 239 1494 1092 1555; baseline 0.012 -19"><span class='ocrx_word' id='word_1_89' title='bbox 239 1494 364 1537; x_wconf 87' lang='lat' dir='ltr'>illum</span> <span class='ocrx_word' id='word_1_90' title='bbox 386 1496 459 1552; x_wconf 88' lang='lat' dir='ltr'>qui</span> <span class='ocrx_word' id='word_1_91' title='bbox 480 1513 560 1553; x_wconf 89' lang='lat' dir='ltr'>pro</span> <span class='ocrx_word' id='word_1_92' title='bbox 582 1497 654 1540; x_wconf 86' lang='lat' dir='ltr'>illo</span> <span class='ocrx_word' id='word_1_93' title='bbox 676 1498 763 1542; x_wconf 82' lang='lat' dir='ltr'>fide</span> <span class='ocrx_word' id='word_1_94' title='bbox 784 1500 934 1555; x_wconf 82' lang='lat' dir='ltr'>jussit;</span> <span class='ocrx_word' id='word_1_95' title='bbox 967 1502 1027 1546; x_wconf 92' lang='lat' dir='ltr'>sic</span> <span class='ocrx_word' id='word_1_96' title='bbox 1049 1512 1092 1546; x_wconf 84' lang='lat' dir='ltr'>et</span> 
     </span>
     <span class='ocr_line' id='line_1_17' title="bbox 237 1562 1095 1625; baseline 0.013 -24"><span class='ocrx_word' id='word_1_97' title='bbox 237 1562 522 1604; x_wconf 78' lang='lat' dir='ltr'>vadimonium</span> <span class='ocrx_word' id='word_1_98' title='bbox 541 1562 646 1606; x_wconf 90' lang='lat' dir='ltr'>duas</span> <span class='ocrx_word' id='word_1_99' title='bbox 668 1580 842 1622; x_wconf 86' lang='lat' dir='ltr'>quoque</span> <span class='ocrx_word' id='word_1_100' title='bbox 871 1583 940 1611; x_wconf 90' lang='lat' dir='ltr'>res</span> <span class='ocrx_word' id='word_1_101' title='bbox 959 1568 1095 1625; x_wconf 85' lang='lat' dir='ltr'>signi-</span> 
     </span>
     <span class='ocr_line' id='line_1_18' title="bbox 239 1626 1091 1690; baseline 0.012 -21"><span class='ocrx_word' id='word_1_102' title='bbox 239 1626 340 1670; x_wconf 86' lang='lat' dir='ltr'>ficat</span> <span class='ocrx_word' id='word_1_103' title='bbox 356 1643 365 1671; x_wconf 91' lang='lat'>:</span> <span class='ocrx_word' id='word_1_104' title='bbox 381 1628 515 1684; x_wconf 80' lang='lat' dir='ltr'>ipsam</span> <span class='ocrx_word' id='word_1_105' title='bbox 527 1633 730 1690; x_wconf 58' lang='grc' dir='ltr'><em>ἐμφάνειαν</em></span> <span class='ocrx_word' id='word_1_106' title='bbox 740 1666 751 1687; x_wconf 92' lang='grc'>,</span> <span class='ocrx_word' id='word_1_107' title='bbox 763 1634 1091 1688; x_wconf 84' lang='lat' dir='ltr'>exhibitionem;</span> 
     </span>
     <span class='ocr_line' id='line_1_19' title="bbox 238 1696 1092 1758; baseline 0.011 -23"><span class='ocrx_word' id='word_1_108' title='bbox 238 1701 284 1735; x_wconf 91' lang='lat' dir='ltr'>et</span> <span class='ocrx_word' id='word_1_109' title='bbox 297 1696 498 1752; x_wconf 61' lang='grc' dir='ltr'><strong><em>ἐμφανείας</em></strong></span> <span class='ocrx_word' id='word_1_110' title='bbox 511 1698 644 1751; x_wconf 74' lang='grc' dir='ltr'>ἐγγύην</span> <span class='ocrx_word' id='word_1_111' title='bbox 654 1730 665 1752; x_wconf 83' lang='grc'>,</span> <span class='ocrx_word' id='word_1_112' title='bbox 682 1697 955 1744; x_wconf 82' lang='lat' dir='ltr'>exhibitionis</span> <span class='ocrx_word' id='word_1_113' title='bbox 966 1717 1092 1758; x_wconf 90' lang='lat' dir='ltr'>spon-</span> 
     </span>
     <span class='ocr_line' id='line_1_20' title="bbox 237 1758 1094 1822; baseline 0.011 -22"><span class='ocrx_word' id='word_1_114' title='bbox 237 1758 421 1802; x_wconf 90' lang='lat' dir='ltr'>sionem.</span> <span class='ocrx_word' id='word_1_115' title='bbox 447 1762 643 1805; x_wconf 83' lang='lat' dir='ltr'>Garrula.</span> <span class='ocrx_word' id='word_1_116' title='bbox 666 1763 930 1807; x_wconf 88' lang='lat' dir='ltr'>Forensium</span> <span class='ocrx_word' id='word_1_117' title='bbox 948 1766 1094 1822; x_wconf 89' lang='lat' dir='ltr'>loqua-</span> 
     </span>
     <span class='ocr_line' id='line_1_21' title="bbox 238 1823 935 1887; baseline 0.009 -21"><span class='ocrx_word' id='word_1_118' title='bbox 238 1823 415 1868; x_wconf 84' lang='lat' dir='ltr'>citatem</span> <span class='ocrx_word' id='word_1_119' title='bbox 436 1825 610 1869; x_wconf 85' lang='lat' dir='ltr'>videtur</span> <span class='ocrx_word' id='word_1_120' title='bbox 628 1829 935 1887; x_wconf 78' lang='lat' dir='ltr'>perstringere.</span> 
     </span>
    </p>

    <p class='ocr_par' dir='ltr' id='par_1_8' title="bbox 232 1892 1094 3247">
     <span class='ocr_line' id='line_1_22' title="bbox 292 1892 1093 1950; baseline 0.009 -18"><span class='ocrx_word' id='word_1_121' title='bbox 292 1892 359 1945; x_wconf 77' lang='lat'>24.</span> <span class='ocrx_word' id='word_1_122' title='bbox 385 1892 503 1945; x_wconf 76' lang='lat' dir='ltr'>Quas</span> <span class='ocrx_word' id='word_1_123' title='bbox 522 1896 679 1949; x_wconf 83' lang='lat' dir='ltr'>aliquis</span> <span class='ocrx_word' id='word_1_124' title='bbox 697 1896 800 1938; x_wconf 87' lang='lat' dir='ltr'>duro</span> <span class='ocrx_word' id='word_1_125' title='bbox 816 1899 1010 1950; x_wconf 77' lang='lat' dir='ltr'>cognilor</span> <span class='ocrx_word' id='word_1_126' title='bbox 1023 1913 1093 1940; x_wconf 89' lang='lat' dir='ltr'>ore</span> 
     </span>
     <span class='ocr_line' id='line_1_23' title="bbox 236 1956 1093 2015; baseline 0.011 -19"><span class='ocrx_word' id='word_1_127' title='bbox 236 1957 365 2010; x_wconf 73' lang='lat' dir='ltr'>legat.</span> <span class='ocrx_word' id='word_1_128' title='bbox 395 1956 500 1999; x_wconf 88' lang='lat' dir='ltr'>Late</span> <span class='ocrx_word' id='word_1_129' title='bbox 523 1957 774 2003; x_wconf 90' lang='lat' dir='ltr'>Gronovius</span> <span class='ocrx_word' id='word_1_130' title='bbox 788 1992 800 2015; x_wconf 91' lang='lat'>,</span> <span class='ocrx_word' id='word_1_131' title='bbox 835 1960 906 2004; x_wconf 90' lang='lat' dir='ltr'>lib.</span> <span class='ocrx_word' id='word_1_132' title='bbox 930 1975 978 2005; x_wconf 81' lang='lat' dir='ltr'>IV</span> <span class='ocrx_word' id='word_1_133' title='bbox 992 1996 1002 2013; x_wconf 93' lang='lat'><em>,</em></span> <span class='ocrx_word' id='word_1_134' title='bbox 1039 1965 1093 2005; x_wconf 90' lang='lat' dir='ltr'>de</span> 
     </span>
     <span class='ocr_line' id='line_1_24' title="bbox 236 2022 1094 2083; baseline 0.012 -22"><span class='ocrx_word' id='word_1_135' title='bbox 236 2022 394 2063; x_wconf 82' lang='lat' dir='ltr'>Pecun.</span> <span class='ocrx_word' id='word_1_136' title='bbox 416 2027 573 2074; x_wconf 82' lang='lat' dir='ltr'>veteri,</span> <span class='ocrx_word' id='word_1_137' title='bbox 605 2039 696 2081; x_wconf 91' lang='lat' dir='ltr'>cap.</span> <span class='ocrx_word' id='word_1_138' title='bbox 716 2037 775 2068; x_wconf 90' lang='lat'>111</span> <span class='ocrx_word' id='word_1_139' title='bbox 788 2058 800 2077; x_wconf 89' lang='lat'>‚</span> <span class='ocrx_word' id='word_1_140' title='bbox 825 2024 879 2069; x_wconf 93' lang='lat' dir='ltr'>de</span> <span class='ocrx_word' id='word_1_141' title='bbox 900 2027 1094 2083; x_wconf 73' lang='lat' dir='ltr'>cognito-</span> 
     </span>
     <span class='ocr_line' id='line_1_25' title="bbox 233 2089 1089 2150; baseline 0.009 -21"><span class='ocrx_word' id='word_1_142' title='bbox 233 2090 369 2139; x_wconf 81' lang='lat' dir='ltr'>ribus,</span> <span class='ocrx_word' id='word_1_143' title='bbox 394 2104 503 2144; x_wconf 86' lang='lat' dir='ltr'>quos</span> <span class='ocrx_word' id='word_1_144' title='bbox 524 2105 603 2146; x_wconf 89' lang='lat' dir='ltr'>pro</span> <span class='ocrx_word' id='word_1_145' title='bbox 625 2089 925 2135; x_wconf 84' lang='lat' dir='ltr'>defensoribus</span> <span class='ocrx_word' id='word_1_146' title='bbox 946 2094 1060 2150; x_wconf 85' lang='lat' dir='ltr'>capit</span> <span class='ocrx_word' id='word_1_147' title='bbox 1077 2126 1089 2149; x_wconf 87' lang='lat'>,</span> 
     </span>
     <span class='ocr_line' id='line_1_26' title="bbox 236 2151 1089 2213; baseline 0.009 -20"><span class='ocrx_word' id='word_1_148' title='bbox 236 2151 426 2209; x_wconf 87' lang='lat' dir='ltr'>disputat</span> <span class='ocrx_word' id='word_1_149' title='bbox 444 2165 454 2193; x_wconf 89' lang='lat'><strong>:</strong></span> <span class='ocrx_word' id='word_1_150' title='bbox 475 2154 551 2197; x_wconf 89' lang='lat' dir='ltr'>sed</span> <span class='ocrx_word' id='word_1_151' title='bbox 568 2155 668 2211; x_wconf 86' lang='lat' dir='ltr'>quia</span> <span class='ocrx_word' id='word_1_152' title='bbox 683 2158 788 2199; x_wconf 88' lang='lat' dir='ltr'>duro</span> <span class='ocrx_word' id='word_1_153' title='bbox 801 2173 872 2200; x_wconf 87' lang='lat' dir='ltr'>ore</span> <span class='ocrx_word' id='word_1_154' title='bbox 889 2157 1064 2200; x_wconf 80' lang='lat' dir='ltr'>additur</span> <span class='ocrx_word' id='word_1_155' title='bbox 1078 2192 1089 2213; x_wconf 92' lang='lat'>,</span> 
     </span>
     <span class='ocr_line' id='line_1_27' title="bbox 236 2218 1092 2281; baseline 0.006 -20"><span class='ocrx_word' id='word_1_156' title='bbox 236 2235 319 2275; x_wconf 85' lang='lat' dir='ltr'>ego</span> <span class='ocrx_word' id='word_1_157' title='bbox 338 2218 409 2263; x_wconf 90' lang='lat' dir='ltr'>hic</span> <span class='ocrx_word' id='word_1_158' title='bbox 429 2220 572 2276; x_wconf 89' lang='lat' dir='ltr'>potius</span> <span class='ocrx_word' id='word_1_159' title='bbox 600 2236 703 2263; x_wconf 90' lang='lat' dir='ltr'>cum</span> <span class='ocrx_word' id='word_1_160' title='bbox 727 2221 908 2281; x_wconf 87' lang='lat' dir='ltr'>Micyllo</span> <span class='ocrx_word' id='word_1_161' title='bbox 930 2222 984 2266; x_wconf 91' lang='lat' dir='ltr'>de</span> <span class='ocrx_word' id='word_1_162' title='bbox 999 2224 1092 2280; x_wconf 86' lang='lat' dir='ltr'>ju—</span> 
     </span>
     <span class='ocr_line' id='line_1_28' title="bbox 235 2284 1091 2345; baseline 0.008 -21"><span class='ocrx_word' id='word_1_163' title='bbox 235 2285 356 2335; x_wconf 83' lang='lat' dir='ltr'>dice,</span> <span class='ocrx_word' id='word_1_164' title='bbox 388 2284 456 2326; x_wconf 89' lang='lat' dir='ltr'>vel</span> <span class='ocrx_word' id='word_1_165' title='bbox 484 2284 740 2342; x_wconf 80' lang='lat' dir='ltr'>magistratu</span> <span class='ocrx_word' id='word_1_166' title='bbox 763 2319 774 2341; x_wconf 93' lang='lat'><strong><em>‚</em></strong></span> <span class='ocrx_word' id='word_1_167' title='bbox 809 2287 884 2343; x_wconf 91' lang='lat' dir='ltr'>qui</span> <span class='ocrx_word' id='word_1_168' title='bbox 915 2288 1091 2345; x_wconf 86' lang='lat' dir='ltr'>proprie</span> 
     </span>
     <span class='ocr_line' id='line_1_29' title="bbox 235 2350 1093 2408; baseline 0.009 -20"><span class='ocrx_word' id='word_1_169' title='bbox 235 2362 483 2401; x_wconf 73' lang='lat' dir='ltr'>cognoscere</span> <span class='ocrx_word' id='word_1_170' title='bbox 498 2350 657 2393; x_wconf 88' lang='lat' dir='ltr'>dicitur</span> <span class='ocrx_word' id='word_1_171' title='bbox 673 2385 685 2406; x_wconf 86' lang='lat'>,</span> <span class='ocrx_word' id='word_1_172' title='bbox 707 2351 973 2408; x_wconf 89' lang='lat' dir='ltr'>capiendum</span> <span class='ocrx_word' id='word_1_173' title='bbox 986 2369 1093 2396; x_wconf 89' lang='lat' dir='ltr'>cen-</span> 
     </span>
     <span class='ocr_line' id='line_1_30' title="bbox 235 2416 1093 2472; baseline 0.009 -18"><span class='ocrx_word' id='word_1_174' title='bbox 235 2429 311 2455; x_wconf 88' lang='lat' dir='ltr'>seo</span> <span class='ocrx_word' id='word_1_175' title='bbox 333 2428 343 2455; x_wconf 93' lang='lat'><strong>:</strong></span> <span class='ocrx_word' id='word_1_176' title='bbox 363 2416 467 2457; x_wconf 83' lang='lat' dir='ltr'>duro</span> <span class='ocrx_word' id='word_1_177' title='bbox 495 2424 644 2458; x_wconf 89' lang='lat' dir='ltr'>autem</span> <span class='ocrx_word' id='word_1_178' title='bbox 664 2432 734 2460; x_wconf 91' lang='lat' dir='ltr'>ore</span> <span class='ocrx_word' id='word_1_179' title='bbox 751 2451 762 2468; x_wconf 82' lang='lat'><em>‚</em></span> <span class='ocrx_word' id='word_1_180' title='bbox 797 2417 868 2461; x_wconf 89' lang='lat' dir='ltr'>hic</span> <span class='ocrx_word' id='word_1_181' title='bbox 887 2434 982 2460; x_wconf 89' lang='lat' dir='ltr'>non</span> <span class='ocrx_word' id='word_1_182' title='bbox 997 2450 1009 2472; x_wconf 88' lang='lat'>‚</span> <span class='ocrx_word' id='word_1_183' title='bbox 1042 2426 1093 2462; x_wconf 85' lang='lat' dir='ltr'>ut</span> 
     </span>
     <span class='ocr_line' id='line_1_31' title="bbox 237 2477 1088 2540; baseline 0.008 -21"><span class='ocrx_word' id='word_1_184' title='bbox 237 2477 338 2521; x_wconf 86' lang='lat' dir='ltr'>alias</span> <span class='ocrx_word' id='word_1_185' title='bbox 349 2511 360 2533; x_wconf 92' lang='lat'>,</span> <span class='ocrx_word' id='word_1_186' title='bbox 377 2494 458 2535; x_wconf 92' lang='lat' dir='ltr'>pro</span> <span class='ocrx_word' id='word_1_187' title='bbox 472 2479 743 2536; x_wconf 88' lang='lat' dir='ltr'>impudenti;</span> <span class='ocrx_word' id='word_1_188' title='bbox 765 2482 841 2525; x_wconf 86' lang='lat' dir='ltr'>sed</span> <span class='ocrx_word' id='word_1_189' title='bbox 859 2498 939 2540; x_wconf 90' lang='lat' dir='ltr'>pro</span> <span class='ocrx_word' id='word_1_190' title='bbox 952 2487 1088 2536; x_wconf 67' lang='lat' dir='ltr'>insti,</span> 
     </span>
     <span class='ocr_line' id='line_1_32' title="bbox 236 2545 1093 2602; baseline 0.008 -16"><span class='ocrx_word' id='word_1_191' title='bbox 236 2559 380 2587; x_wconf 69' lang='lat' dir='ltr'>severo</span> <span class='ocrx_word' id='word_1_192' title='bbox 409 2545 686 2602; x_wconf 88' lang='lat' dir='ltr'>capiendum.</span> <span class='ocrx_word' id='word_1_193' title='bbox 708 2547 761 2590; x_wconf 93' lang='lat' dir='ltr'>B.</span> <span class='ocrx_word' id='word_1_194' title='bbox 790 2572 846 2580; x_wconf 93' lang='lat'><strong>—</strong></span> <span class='ocrx_word' id='word_1_195' title='bbox 872 2551 992 2592; x_wconf 88' lang='lat' dir='ltr'>Duro</span> <span class='ocrx_word' id='word_1_196' title='bbox 1016 2563 1093 2592; x_wconf 83' lang='lat' dir='ltr'>co-</span> 
     </span>
     <span class='ocr_line' id='line_1_33' title="bbox 232 2612 1091 2670; baseline 0.008 -19"><span class='ocrx_word' id='word_1_197' title='bbox 232 2613 380 2664; x_wconf 72' lang='lat' dir='ltr'>gnitor</span> <span class='ocrx_word' id='word_1_198' title='bbox 391 2627 460 2653; x_wconf 84' lang='lat' dir='ltr'>ore</span> <span class='ocrx_word' id='word_1_199' title='bbox 479 2614 609 2666; x_wconf 77' lang='lat' dir='ltr'>legat.</span> <span class='ocrx_word' id='word_1_200' title='bbox 630 2613 720 2656; x_wconf 87' lang='lat' dir='ltr'>Pro</span> <span class='ocrx_word' id='word_1_201' title='bbox 741 2612 884 2668; x_wconf 79' lang='lat' dir='ltr'>judice</span> <span class='ocrx_word' id='word_1_202' title='bbox 901 2647 914 2669; x_wconf 84' lang='lat'>,</span> <span class='ocrx_word' id='word_1_203' title='bbox 936 2620 1091 2670; x_wconf 70' lang='lat' dir='ltr'>cogni-</span> 
     </span>
     <span class='ocr_line' id='line_1_34' title="bbox 236 2674 1092 2736; baseline 0.006 -19"><span class='ocrx_word' id='word_1_204' title='bbox 236 2680 307 2718; x_wconf 80' lang='lat' dir='ltr'>tor</span> <span class='ocrx_word' id='word_1_205' title='bbox 333 2674 405 2718; x_wconf 86' lang='lat' dir='ltr'>hic</span> <span class='ocrx_word' id='word_1_206' title='bbox 436 2674 745 2734; x_wconf 86' lang='lat' dir='ltr'>intelligendus</span> <span class='ocrx_word' id='word_1_207' title='bbox 768 2695 778 2730; x_wconf 92' lang='lat'>;</span> <span class='ocrx_word' id='word_1_208' title='bbox 809 2679 886 2721; x_wconf 87' lang='lat' dir='ltr'>sed</span> <span class='ocrx_word' id='word_1_209' title='bbox 915 2680 1092 2736; x_wconf 86' lang='lat' dir='ltr'>propria</span> 
     </span>
     <span class='ocr_line' id='line_1_35' title="bbox 235 2741 1088 2800; baseline 0.007 -18"><span class='ocrx_word' id='word_1_210' title='bbox 235 2741 357 2783; x_wconf 84' lang='lat' dir='ltr'>verbi</span> <span class='ocrx_word' id='word_1_211' title='bbox 371 2742 620 2798; x_wconf 86' lang='lat' dir='ltr'>acceptione</span> <span class='ocrx_word' id='word_1_212' title='bbox 635 2747 830 2798; x_wconf 75' lang='lat' dir='ltr'>cognitor</span> <span class='ocrx_word' id='word_1_213' title='bbox 839 2742 1063 2788; x_wconf 88' lang='lat' dir='ltr'>dicebatur</span> <span class='ocrx_word' id='word_1_214' title='bbox 1075 2779 1088 2800; x_wconf 88' lang='lat'><em>‚</em></span> 
     </span>
     <span class='ocr_line' id='line_1_36' title="bbox 237 2807 1091 2868; baseline 0.008 -20"><span class='ocrx_word' id='word_1_215' title='bbox 237 2808 313 2862; x_wconf 85' lang='lat' dir='ltr'>qui</span> <span class='ocrx_word' id='word_1_216' title='bbox 333 2807 468 2850; x_wconf 89' lang='lat' dir='ltr'>alium</span> <span class='ocrx_word' id='word_1_217' title='bbox 491 2808 754 2853; x_wconf 87' lang='lat' dir='ltr'>defendebat</span> <span class='ocrx_word' id='word_1_218' title='bbox 772 2843 785 2865; x_wconf 89' lang='lat'>,</span> <span class='ocrx_word' id='word_1_219' title='bbox 818 2811 963 2868; x_wconf 87' lang='lat' dir='ltr'>sicque</span> <span class='ocrx_word' id='word_1_220' title='bbox 985 2827 1091 2855; x_wconf 90' lang='lat' dir='ltr'>cau-</span> 
     </span>
     <span class='ocr_line' id='line_1_37' title="bbox 236 2876 1090 2931; baseline 0.007 -17"><span class='ocrx_word' id='word_1_221' title='bbox 236 2887 329 2914; x_wconf 81' lang='lat' dir='ltr'>sam</span> <span class='ocrx_word' id='word_1_222' title='bbox 350 2876 555 2916; x_wconf 83' lang='lat' dir='ltr'>noscebat</span> <span class='ocrx_word' id='word_1_223' title='bbox 567 2907 577 2925; x_wconf 91' lang='lat'><strong><em>‚</em></strong></span> <span class='ocrx_word' id='word_1_224' title='bbox 616 2890 749 2931; x_wconf 89' lang='lat' dir='ltr'>quam</span> <span class='ocrx_word' id='word_1_225' title='bbox 769 2884 819 2919; x_wconf 89' lang='lat' dir='ltr'>ut</span> <span class='ocrx_word' id='word_1_226' title='bbox 836 2891 962 2919; x_wconf 88' lang='lat' dir='ltr'>suam</span> <span class='ocrx_word' id='word_1_227' title='bbox 981 2885 1090 2920; x_wconf 89' lang='lat' dir='ltr'>tue—</span> 
     </span>
     <span class='ocr_line' id='line_1_38' title="bbox 235 2939 1089 2997; baseline 0.006 -17"><span class='ocrx_word' id='word_1_228' title='bbox 235 2939 367 2980; x_wconf 79' lang='lat' dir='ltr'>batur</span> <span class='ocrx_word' id='word_1_229' title='bbox 387 2955 397 2981; x_wconf 88' lang='lat'>:</span> <span class='ocrx_word' id='word_1_230' title='bbox 420 2955 443 2981; x_wconf 85' lang='lat' dir='ltr'>a</span> <span class='ocrx_word' id='word_1_231' title='bbox 467 2955 544 2981; x_wconf 91' lang='lat' dir='ltr'>reo</span> <span class='ocrx_word' id='word_1_232' title='bbox 565 2939 815 2996; x_wconf 84' lang='lat' dir='ltr'>eligebatur.</span> <span class='ocrx_word' id='word_1_233' title='bbox 839 2940 911 2985; x_wconf 89' lang='lat' dir='ltr'>Sic</span> <span class='ocrx_word' id='word_1_234' title='bbox 930 2943 1089 2997; x_wconf 84' lang='lat' dir='ltr'>defen—</span> 
     </span>
     <span class='ocr_line' id='line_1_39' title="bbox 235 3004 1089 3061; baseline 0.006 -16"><span class='ocrx_word' id='word_1_235' title='bbox 235 3019 371 3046; x_wconf 85' lang='lat' dir='ltr'>sorem</span> <span class='ocrx_word' id='word_1_236' title='bbox 384 3004 681 3047; x_wconf 80' lang='lat' dir='ltr'>calamitatum</span> <span class='ocrx_word' id='word_1_237' title='bbox 691 3021 872 3048; x_wconf 90' lang='lat' dir='ltr'>suarum</span> <span class='ocrx_word' id='word_1_238' title='bbox 887 3039 898 3061; x_wconf 95' lang='lat'>,</span> <span class='ocrx_word' id='word_1_239' title='bbox 914 3010 1089 3051; x_wconf 83' lang='lat' dir='ltr'>ultorem</span> 
     </span>
     <span class='ocr_line' id='line_1_40' title="bbox 235 3066 1093 3128; baseline 0.005 -17"><span class='ocrx_word' id='word_1_240' title='bbox 235 3069 502 3125; x_wconf 80' lang='lat' dir='ltr'>injuriarum</span> <span class='ocrx_word' id='word_1_241' title='bbox 518 3102 530 3125; x_wconf 92' lang='lat'>‚</span> <span class='ocrx_word' id='word_1_242' title='bbox 562 3079 607 3113; x_wconf 89' lang='lat' dir='ltr'>et</span> <span class='ocrx_word' id='word_1_243' title='bbox 627 3075 877 3126; x_wconf 75' lang='lat' dir='ltr'>cognitorem</span> <span class='ocrx_word' id='word_1_244' title='bbox 895 3073 1003 3128; x_wconf 80' lang='lat' dir='ltr'>juris</span> <span class='ocrx_word' id='word_1_245' title='bbox 1022 3066 1093 3116; x_wconf 82' lang='lat' dir='ltr'>sui</span> 
     </span>
     <span class='ocr_line' id='line_1_41' title="bbox 240 3134 1089 3191; baseline 0.005 -13"><span class='ocrx_word' id='word_1_246' title='bbox 240 3134 506 3179; x_wconf 88' lang='lat' dir='ltr'>Ciceronem</span> <span class='ocrx_word' id='word_1_247' title='bbox 526 3169 537 3191; x_wconf 91' lang='lat'><strong><em>‚</em></strong></span> <span class='ocrx_word' id='word_1_248' title='bbox 573 3137 708 3180; x_wconf 88' lang='lat' dir='ltr'>Siculi</span> <span class='ocrx_word' id='word_1_249' title='bbox 729 3154 819 3181; x_wconf 87' lang='lat' dir='ltr'>esse</span> <span class='ocrx_word' id='word_1_250' title='bbox 840 3139 1089 3183; x_wconf 86' lang='lat' dir='ltr'>voluerunt.</span> 
     </span>
     <span class='ocr_line' id='line_1_42' title="bbox 237 3201 734 3247; baseline 0.004 -3"><span class='ocrx_word' id='word_1_251' title='bbox 237 3201 432 3246; x_wconf 84' lang='lat' dir='ltr'>Divinat.</span> <span class='ocrx_word' id='word_1_252' title='bbox 453 3203 501 3245; x_wconf 90' lang='lat' dir='ltr'>in</span> <span class='ocrx_word' id='word_1_253' title='bbox 523 3203 652 3247; x_wconf 90' lang='lat' dir='ltr'>Verr.</span> <span class='ocrx_word' id='word_1_254' title='bbox 673 3218 734 3246; x_wconf 86' lang='lat' dir='ltr'>1v.</span> 
     </span>
    </p>

    <p class='ocr_par' dir='ltr' id='par_1_9' title="bbox 236 3262 1089 3519">
     <span class='ocr_line' id='line_1_43' title="bbox 294 3262 1084 3335; baseline 0.009 -25"><span class='ocrx_word' id='word_1_255' title='bbox 294 3269 361 3311; x_wconf 86' lang='lat'>25.</span> <span class='ocrx_word' id='word_1_256' title='bbox 385 3271 508 3312; x_wconf 81' lang='lat' dir='ltr'>Inler</span> <span class='ocrx_word' id='word_1_257' title='bbox 528 3272 827 3325; x_wconf 79' lang='lat' dir='ltr'>ephemeridas.</span> <span class='ocrx_word' id='word_1_258' title='bbox 863 3262 1060 3335; x_wconf 56' lang='grc' dir='ltr'>ἐφημερὶς</span> <span class='ocrx_word' id='word_1_259' title='bbox 1074 3306 1084 3323; x_wconf 92' lang='grc'><strong>,</strong></span> 
     </span>
     <span class='ocr_line' id='line_1_44' title="bbox 236 3334 1089 3393; baseline 0.005 -16"><span class='ocrx_word' id='word_1_260' title='bbox 236 3334 371 3379; x_wconf 87' lang='lat' dir='ltr'>latine</span> <span class='ocrx_word' id='word_1_261' title='bbox 394 3338 573 3379; x_wconf 74' lang='lat' dir='ltr'>diat-mm</span> <span class='ocrx_word' id='word_1_262' title='bbox 592 3353 604 3379; x_wconf 88' lang='grc'>,·</span> <span class='ocrx_word' id='word_1_263' title='bbox 627 3337 737 3380; x_wconf 89' lang='lat' dir='ltr'>Gall.</span> <span class='ocrx_word' id='word_1_264' title='bbox 748 3339 931 3393; x_wconf 82' lang='lat' dir='ltr'>journal</span> <span class='ocrx_word' id='word_1_265' title='bbox 941 3353 955 3390; x_wconf 84' lang='lat'><em>;</em></span> <span class='ocrx_word' id='word_1_266' title='bbox 980 3338 1089 3381; x_wconf 91' lang='lat' dir='ltr'>liber</span> 
     </span>
     <span class='ocr_line' id='line_1_45' title="bbox 238 3400 1089 3457; baseline 0.002 -16"><span class='ocrx_word' id='word_1_267' title='bbox 238 3408 303 3442; x_wconf 90' lang='lat' dir='ltr'>est</span> <span class='ocrx_word' id='word_1_268' title='bbox 323 3400 369 3442; x_wconf 90' lang='lat' dir='ltr'>in</span> <span class='ocrx_word' id='word_1_269' title='bbox 402 3416 488 3457; x_wconf 86' lang='lat' dir='ltr'>quo</span> <span class='ocrx_word' id='word_1_270' title='bbox 516 3403 674 3443; x_wconf 85' lang='lat' dir='ltr'>dieram</span> <span class='ocrx_word' id='word_1_271' title='bbox 692 3402 962 3457; x_wconf 87' lang='lat' dir='ltr'>singulorum</span> <span class='ocrx_word' id='word_1_272' title='bbox 996 3411 1089 3446; x_wconf 89' lang='lat' dir='ltr'>acta</span> 
     </span>
     <span class='ocr_line' id='line_1_46' title="bbox 246 3462 822 3519; baseline 0 -12"><span class='ocrx_word' id='word_1_273' title='bbox 246 3462 522 3508; x_wconf 73' lang='lat' dir='ltr'>adnotantur.</span> <span class='ocrx_word' id='word_1_274' title='bbox 546 3465 657 3508; x_wconf 88' lang='lat' dir='ltr'>Gell.</span> <span class='ocrx_word' id='word_1_275' title='bbox 677 3480 706 3509; x_wconf 80' lang='lat' dir='ltr'><strong>v</strong></span> <span class='ocrx_word' id='word_1_276' title='bbox 721 3498 733 3519; x_wconf 83' lang='lat'><strong>,</strong></span> <span class='ocrx_word' id='word_1_277' title='bbox 761 3466 822 3507; x_wconf 89' lang='lat'>18.</span> 
     </span>
    </p>
   </div>
   <div class='ocr_carea' id='block_1_5' title="bbox 1171 1049 2035 2536">
    <p class='ocr_par' dir='ltr' id='par_1_10' title="bbox 1171 1049 2035 1228">
     <span class='ocr_line' id='line_1_47' title="bbox 1230 1049 2034 1107; baseline 0.004 -15"><span class='ocrx_word' id='word_1_278' title='bbox 1230 1049 1294 1092; x_wconf 89' lang='lat'>26.</span> <span class='ocrx_word' id='word_1_279' title='bbox 1315 1051 1368 1092; x_wconf 82' lang='lat' dir='ltr'>In</span> <span class='ocrx_word' id='word_1_280' title='bbox 1387 1052 1535 1106; x_wconf 82' lang='lat' dir='ltr'>quibus</span> <span class='ocrx_word' id='word_1_281' title='bbox 1555 1052 1915 1107; x_wconf 78' lang='lat' dir='ltr'>absumlasflerel</span> <span class='ocrx_word' id='word_1_282' title='bbox 1933 1067 2034 1095; x_wconf 66' lang='lat' dir='ltr'>aaa«</span> 
     </span>
     <span class='ocr_line' id='line_1_48' title="bbox 1171 1115 1990 1172; baseline 0.001 -16"><span class='ocrx_word' id='word_1_283' title='bbox 1171 1130 1244 1156; x_wconf 89' lang='lat' dir='ltr'>rus</span> <span class='ocrx_word' id='word_1_284' title='bbox 1264 1130 1376 1169; x_wconf 87' lang='lat' dir='ltr'>opes.</span> <span class='ocrx_word' id='word_1_285' title='bbox 1399 1116 1531 1172; x_wconf 87' lang='lat' dir='ltr'>Prop.</span> <span class='ocrx_word' id='word_1_286' title='bbox 1551 1128 1609 1158; x_wconf 87' lang='lat'>111</span> <span class='ocrx_word' id='word_1_287' title='bbox 1623 1147 1635 1170; x_wconf 88' lang='lat'>,</span> <span class='ocrx_word' id='word_1_288' title='bbox 1659 1115 1727 1159; x_wconf 90' lang='lat' dir='ltr'>El.</span> <span class='ocrx_word' id='word_1_289' title='bbox 1751 1130 1851 1160; x_wconf 83' lang='lat' dir='ltr'>xxn</span> <span class='ocrx_word' id='word_1_290' title='bbox 1867 1148 1879 1170; x_wconf 87' lang='lat'>‚</span> <span class='ocrx_word' id='word_1_291' title='bbox 1905 1132 1959 1159; x_wconf 85' lang='lat'>20</span> <span class='ocrx_word' id='word_1_292' title='bbox 1979 1130 1990 1157; x_wconf 73' lang='grc' dir='ltr'>ε</span> 
     </span>
     <span class='ocr_line' id='line_1_49' title="bbox 1174 1185 2035 1228; baseline 0.002 -13"><span class='ocrx_word' id='word_1_293' title='bbox 1174 1185 1232 1216; x_wconf 85' lang='lat' dir='ltr'>Me</span> <span class='ocrx_word' id='word_1_294' title='bbox 1247 1186 1416 1225; x_wconf 83' lang='lat' dir='ltr'>miserum,</span> <span class='ocrx_word' id='word_1_295' title='bbox 1424 1185 1475 1216; x_wconf 82' lang='lat' dir='ltr'>bis</span> <span class='ocrx_word' id='word_1_296' title='bbox 1483 1186 1602 1228; x_wconf 84' lang='lat' dir='ltr'>aliquis</span> <span class='ocrx_word' id='word_1_297' title='bbox 1610 1186 1769 1218; x_wconf 78' lang='lat' dir='ltr'>rationem</span> <span class='ocrx_word' id='word_1_298' title='bbox 1778 1186 1890 1218; x_wconf 75' lang='lat' dir='ltr'>scribit</span> <span class='ocrx_word' id='word_1_299' title='bbox 1898 1196 2015 1218; x_wconf 74' lang='lat' dir='ltr'>avarus</span> <span class='ocrx_word' id='word_1_300' title='bbox 2024 1211 2035 1226; x_wconf 89' lang='lat'>‚</span> 
     </span>
    </p>

    <p class='ocr_par' dir='ltr' id='par_1_11' title="bbox 1215 1246 1855 1291">
     <span class='ocr_line' id='line_1_50' title="bbox 1215 1246 1855 1291; baseline 0.002 -14"><span class='ocrx_word' id='word_1_301' title='bbox 1215 1247 1258 1277; x_wconf 83' lang='lat' dir='ltr'>Et</span> <span class='ocrx_word' id='word_1_302' title='bbox 1276 1247 1368 1287; x_wconf 85' lang='lat' dir='ltr'>ponit</span> <span class='ocrx_word' id='word_1_303' title='bbox 1382 1246 1482 1277; x_wconf 79' lang='lat' dir='ltr'>duras</span> <span class='ocrx_word' id='word_1_304' title='bbox 1501 1247 1586 1278; x_wconf 83' lang='lat' dir='ltr'>inter</span> <span class='ocrx_word' id='word_1_305' title='bbox 1598 1247 1855 1291; x_wconf 77' lang='lat' dir='ltr'>Ephemeridas.</span> 
     </span>
    </p>

    <p class='ocr_par' dir='ltr' id='par_1_12' title="bbox 1172 1310 2032 1694">
     <span class='ocr_line' id='line_1_51' title="bbox 1228 1310 2032 1364; baseline 0.001 -14"><span class='ocrx_word' id='word_1_306' title='bbox 1228 1324 1292 1363; x_wconf 86' lang='lat'>27.</span> <span class='ocrx_word' id='word_1_307' title='bbox 1313 1310 1428 1363; x_wconf 75' lang='lat' dir='ltr'>Ergo</span> <span class='ocrx_word' id='word_1_308' title='bbox 1437 1323 1514 1363; x_wconf 73' lang='lat' dir='ltr'>ego</span> <span class='ocrx_word' id='word_1_309' title='bbox 1527 1324 1604 1351; x_wconf 86' lang='lat' dir='ltr'>vos</span> <span class='ocrx_word' id='word_1_310' title='bbox 1618 1312 1740 1351; x_wconf 87' lang='lat' dir='ltr'>rebus</span> <span class='ocrx_word' id='word_1_311' title='bbox 1753 1311 1945 1364; x_wconf 81' lang='lat' dir='ltr'>duplices</span> <span class='ocrx_word' id='word_1_312' title='bbox 1952 1325 2032 1363; x_wconf 87' lang='lat' dir='ltr'>pro</span> 
     </span>
     <span class='ocr_line' id='line_1_52' title="bbox 1174 1373 2031 1428; baseline 0.004 -16"><span class='ocrx_word' id='word_1_313' title='bbox 1174 1375 1340 1413; x_wconf 85' lang='lat' dir='ltr'>nomine</span> <span class='ocrx_word' id='word_1_314' title='bbox 1358 1376 1485 1414; x_wconf 88' lang='lat' dir='ltr'>sensi.</span> <span class='ocrx_word' id='word_1_315' title='bbox 1505 1374 1711 1428; x_wconf 89' lang='lat' dir='ltr'>Duplices</span> <span class='ocrx_word' id='word_1_316' title='bbox 1727 1390 1751 1416; x_wconf 88' lang='lat' dir='ltr'>a</span> <span class='ocrx_word' id='word_1_317' title='bbox 1771 1373 1941 1417; x_wconf 86' lang='lat' dir='ltr'>duobus</span> <span class='ocrx_word' id='word_1_318' title='bbox 1960 1374 2031 1415; x_wconf 86' lang='lat' dir='ltr'>fo-</span> 
     </span>
     <span class='ocr_line' id='line_1_53' title="bbox 1172 1437 2025 1495; baseline 0.004 -16"><span class='ocrx_word' id='word_1_319' title='bbox 1172 1437 1238 1480; x_wconf 86' lang='lat' dir='ltr'>liis</span> <span class='ocrx_word' id='word_1_320' title='bbox 1266 1437 1326 1481; x_wconf 92' lang='lat' dir='ltr'>sic</span> <span class='ocrx_word' id='word_1_321' title='bbox 1354 1437 1456 1481; x_wconf 80' lang='lat' dir='ltr'>dicti</span> <span class='ocrx_word' id='word_1_322' title='bbox 1475 1471 1487 1492; x_wconf 90' lang='lat'>,</span> <span class='ocrx_word' id='word_1_323' title='bbox 1517 1447 1567 1482; x_wconf 91' lang='lat' dir='ltr'>ut</span> <span class='ocrx_word' id='word_1_324' title='bbox 1596 1442 1785 1495; x_wconf 68' lang='lat' dir='ltr'>implices</span> <span class='ocrx_word' id='word_1_325' title='bbox 1815 1456 1837 1482; x_wconf 89' lang='lat' dir='ltr'>a</span> <span class='ocrx_word' id='word_1_326' title='bbox 1859 1440 1996 1482; x_wconf 89' lang='lat' dir='ltr'>tribus</span> <span class='ocrx_word' id='word_1_327' title='bbox 2014 1471 2025 1492; x_wconf 96' lang='lat'>,</span> 
     </span>
     <span class='ocr_line' id='line_1_54' title="bbox 1177 1503 2030 1559; baseline 0.002 -14"><span class='ocrx_word' id='word_1_328' title='bbox 1177 1503 1251 1559; x_wconf 92' lang='lat' dir='ltr'>qui</span> <span class='ocrx_word' id='word_1_329' title='bbox 1265 1504 1399 1546; x_wconf 86' lang='lat' dir='ltr'>etiam</span> <span class='ocrx_word' id='word_1_330' title='bbox 1414 1505 1545 1548; x_wconf 85' lang='lat' dir='ltr'>rebus</span> <span class='ocrx_word' id='word_1_331' title='bbox 1562 1506 1783 1548; x_wconf 89' lang='lat' dir='ltr'>amatoriis</span> <span class='ocrx_word' id='word_1_332' title='bbox 1797 1514 1841 1548; x_wconf 87' lang='lat' dir='ltr'>et</span> <span class='ocrx_word' id='word_1_333' title='bbox 1852 1505 2030 1547; x_wconf 78' lang='lat' dir='ltr'>leviori-</span> 
     </span>
     <span class='ocr_line' id='line_1_55' title="bbox 1173 1569 2029 1629; baseline 0.004 -18"><span class='ocrx_word' id='word_1_334' title='bbox 1173 1569 1254 1612; x_wconf 88' lang='lat' dir='ltr'>bus</span> <span class='ocrx_word' id='word_1_335' title='bbox 1263 1569 1569 1614; x_wconf 81' lang='lat' dir='ltr'>inserviebant.</span> <span class='ocrx_word' id='word_1_336' title='bbox 1580 1571 1788 1615; x_wconf 87' lang='lat' dir='ltr'>Testatur</span> <span class='ocrx_word' id='word_1_337' title='bbox 1798 1570 2029 1629; x_wconf 75' lang='lat' dir='ltr'>Martialis,</span> 
     </span>
     <span class='ocr_line' id='line_1_56' title="bbox 1172 1633 1652 1694; baseline 0.006 -17"><span class='ocrx_word' id='word_1_338' title='bbox 1172 1633 1286 1678; x_wconf 88' lang='lat' dir='ltr'>libro</span> <span class='ocrx_word' id='word_1_339' title='bbox 1309 1649 1390 1679; x_wconf 81' lang='lat' dir='ltr'>xlv</span> <span class='ocrx_word' id='word_1_340' title='bbox 1406 1670 1417 1691; x_wconf 93' lang='lat'>,</span> <span class='ocrx_word' id='word_1_341' title='bbox 1443 1636 1570 1694; x_wconf 86' lang='lat' dir='ltr'>Epig.</span> <span class='ocrx_word' id='word_1_342' title='bbox 1591 1638 1618 1680; x_wconf 85' lang='grc'><strong>6</strong></span> <span class='ocrx_word' id='word_1_343' title='bbox 1641 1653 1652 1680; x_wconf 89' lang='lat'>:</span> 
     </span>
    </p>

    <p class='ocr_par' dir='ltr' id='par_1_13' title="bbox 1173 1704 2015 1748">
     <span class='ocr_line' id='line_1_57' title="bbox 1173 1704 2015 1748; baseline 0.002 -13"><span class='ocrx_word' id='word_1_344' title='bbox 1173 1704 1267 1735; x_wconf 79' lang='lat' dir='ltr'>Tunc</span> <span class='ocrx_word' id='word_1_345' title='bbox 1284 1705 1430 1747; x_wconf 77' lang='lat' dir='ltr'>triplices</span> <span class='ocrx_word' id='word_1_346' title='bbox 1445 1712 1572 1736; x_wconf 77' lang='lat' dir='ltr'>nostros</span> <span class='ocrx_word' id='word_1_347' title='bbox 1587 1717 1653 1739; x_wconf 76' lang='lat' dir='ltr'>non</span> <span class='ocrx_word' id='word_1_348' title='bbox 1669 1706 1749 1736; x_wconf 74' lang='lat' dir='ltr'>vilia</span> <span class='ocrx_word' id='word_1_349' title='bbox 1762 1706 1846 1737; x_wconf 85' lang='lat' dir='ltr'>dona</span> <span class='ocrx_word' id='word_1_350' title='bbox 1862 1705 1993 1748; x_wconf 78' lang='lat' dir='ltr'>putabis</span> <span class='ocrx_word' id='word_1_351' title='bbox 2004 1730 2015 1746; x_wconf 88' lang='lat'>,</span> 
     </span>
    </p>

    <p class='ocr_par' dir='ltr' id='par_1_14' title="bbox 1171 1765 2033 2536">
     <span class='ocr_line' id='line_1_58' title="bbox 1214 1765 1910 1805; baseline 0.004 -10"><span class='ocrx_word' id='word_1_352' title='bbox 1214 1765 1328 1805; x_wconf 84' lang='lat' dir='ltr'>Quum</span> <span class='ocrx_word' id='word_1_353' title='bbox 1343 1776 1377 1796; x_wconf 83' lang='lat' dir='ltr'>se</span> <span class='ocrx_word' id='word_1_354' title='bbox 1394 1772 1565 1797; x_wconf 71' lang='lat' dir='ltr'>venturum</span> <span class='ocrx_word' id='word_1_355' title='bbox 1586 1766 1704 1797; x_wconf 77' lang='lat' dir='ltr'>scribet.</span> <span class='ocrx_word' id='word_1_356' title='bbox 1718 1767 1821 1798; x_wconf 74' lang='lat' dir='ltr'>amica</span> <span class='ocrx_word' id='word_1_357' title='bbox 1837 1767 1910 1798; x_wconf 87' lang='lat' dir='ltr'>tibi.</span> 
     </span>
     <span class='ocr_line' id='line_1_59' title="bbox 1174 1825 2033 1884; baseline 0.007 -17"><span class='ocrx_word' id='word_1_358' title='bbox 1174 1827 1395 1884; x_wconf 73' lang='lat' dir='ltr'>Dtplycba</span> <span class='ocrx_word' id='word_1_359' title='bbox 1413 1825 1577 1870; x_wconf 80' lang='lat' dir='ltr'>Graecis</span> <span class='ocrx_word' id='word_1_360' title='bbox 1598 1826 1710 1870; x_wconf 81' lang='lat' dir='ltr'>dicta</span> <span class='ocrx_word' id='word_1_361' title='bbox 1728 1860 1739 1881; x_wconf 94' lang='lat'><strong><em>‚</em></strong></span> <span class='ocrx_word' id='word_1_362' title='bbox 1783 1829 1854 1871; x_wconf 72' lang='grc' dir='ltr'>ἄπο</span> <span class='ocrx_word' id='word_1_363' title='bbox 1887 1833 1945 1877; x_wconf 60' lang='grc' dir='ltr'>δὶς</span> <span class='ocrx_word' id='word_1_364' title='bbox 1964 1837 2033 1874; x_wconf 73' lang='grc' dir='ltr'>καὶ</span> 
     </span>
     <span class='ocr_line' id='line_1_60' title="bbox 1174 1891 2031 1947; baseline 0.001 -12"><span class='ocrx_word' id='word_1_365' title='bbox 1174 1895 1352 1935; x_wconf 63' lang='grc' dir='ltr'>’πάσσειν</span> <span class='ocrx_word' id='word_1_366' title='bbox 1363 1923 1374 1945; x_wconf 86' lang='grc'><strong>,</strong></span> <span class='ocrx_word' id='word_1_367' title='bbox 1393 1894 1458 1934; x_wconf 85' lang='lat' dir='ltr'>bis</span> <span class='ocrx_word' id='word_1_368' title='bbox 1464 1895 1640 1947; x_wconf 85' lang='lat' dir='ltr'>plicare.</span> <span class='ocrx_word' id='word_1_369' title='bbox 1659 1891 1801 1936; x_wconf 83' lang='lat' dir='ltr'>Erant</span> <span class='ocrx_word' id='word_1_370' title='bbox 1815 1901 1963 1936; x_wconf 90' lang='lat' dir='ltr'>autem</span> <span class='ocrx_word' id='word_1_371' title='bbox 1976 1894 2031 1936; x_wconf 88' lang='lat' dir='ltr'>li-</span> 
     </span>
     <span class='ocr_line' id='line_1_61' title="bbox 1174 1955 2030 2015; baseline 0.004 -17"><span class='ocrx_word' id='word_1_372' title='bbox 1174 1956 1276 1999; x_wconf 88' lang='lat' dir='ltr'>belli</span> <span class='ocrx_word' id='word_1_373' title='bbox 1304 1955 1492 1999; x_wconf 85' lang='lat' dir='ltr'>duarum</span> <span class='ocrx_word' id='word_1_374' title='bbox 1515 1957 1772 2000; x_wconf 85' lang='lat' dir='ltr'>tabellarum</span> <span class='ocrx_word' id='word_1_375' title='bbox 1793 1974 1871 2001; x_wconf 89' lang='lat' dir='ltr'>seu</span> <span class='ocrx_word' id='word_1_376' title='bbox 1899 1959 2030 2015; x_wconf 85' lang='lat' dir='ltr'>pagi—</span> 
     </span>
     <span class='ocr_line' id='line_1_62' title="bbox 1172 2023 2029 2081; baseline 0.002 -17"><span class='ocrx_word' id='word_1_377' title='bbox 1172 2037 1346 2065; x_wconf 87' lang='lat' dir='ltr'>narum.</span> <span class='ocrx_word' id='word_1_378' title='bbox 1374 2023 1589 2081; x_wconf 77' lang='lat' dir='ltr'>Dtptychi</span> <span class='ocrx_word' id='word_1_379' title='bbox 1603 2038 1685 2065; x_wconf 86' lang='lat' dir='ltr'>vox</span> <span class='ocrx_word' id='word_1_380' title='bbox 1705 2024 1895 2066; x_wconf 88' lang='lat' dir='ltr'>occurrit</span> <span class='ocrx_word' id='word_1_381' title='bbox 1913 2023 2029 2079; x_wconf 88' lang='lat' dir='ltr'>apud</span> 
     </span>
     <span class='ocr_line' id='line_1_63' title="bbox 1173 2087 2030 2147; baseline -0.001 -16"><span class='ocrx_word' id='word_1_382' title='bbox 1173 2087 1517 2147; x_wconf 87' lang='lat' dir='ltr'>Symmachum,</span> <span class='ocrx_word' id='word_1_383' title='bbox 1540 2088 1588 2131; x_wconf 89' lang='lat' dir='ltr'>in</span> <span class='ocrx_word' id='word_1_384' title='bbox 1610 2088 1814 2145; x_wconf 81' lang='lat' dir='ltr'>Epistolis</span> <span class='ocrx_word' id='word_1_385' title='bbox 1835 2104 1929 2131; x_wconf 91' lang='lat' dir='ltr'>non</span> <span class='ocrx_word' id='word_1_386' title='bbox 1950 2105 2030 2131; x_wconf 91' lang='lat' dir='ltr'>se·-</span> 
     </span>
     <span class='ocr_line' id='line_1_64' title="bbox 1173 2153 2031 2210; baseline -0.001 -15"><span class='ocrx_word' id='word_1_387' title='bbox 1173 2153 1293 2205; x_wconf 86' lang='lat' dir='ltr'>mel;</span> <span class='ocrx_word' id='word_1_388' title='bbox 1317 2169 1577 2210; x_wconf 82' lang='lat' dir='ltr'>eorumque</span> <span class='ocrx_word' id='word_1_389' title='bbox 1607 2154 1798 2196; x_wconf 83' lang='lat' dir='ltr'>sormam</span> <span class='ocrx_word' id='word_1_390' title='bbox 1835 2153 2031 2196; x_wconf 81' lang='lat' dir='ltr'>exhibuit</span> 
     </span>
     <span class='ocr_line' id='line_1_65' title="bbox 1174 2218 2029 2274; baseline -0.001 -13"><span class='ocrx_word' id='word_1_391' title='bbox 1174 2218 1446 2263; x_wconf 82' lang='lat' dir='ltr'>doctissimus</span> <span class='ocrx_word' id='word_1_392' title='bbox 1474 2218 1740 2263; x_wconf 77' lang='lat' dir='ltr'>Sir-mundus</span> <span class='ocrx_word' id='word_1_393' title='bbox 1757 2252 1770 2274; x_wconf 87' lang='lat'>,</span> <span class='ocrx_word' id='word_1_394' title='bbox 1806 2220 2029 2262; x_wconf 79' lang='lat' dir='ltr'>Animad-</span> 
     </span>
     <span class='ocr_line' id='line_1_66' title="bbox 1174 2283 2028 2340; baseline -0.002 -13"><span class='ocrx_word' id='word_1_395' title='bbox 1174 2287 1431 2327; x_wconf 70' lang='lat' dir='ltr'>versionibus</span> <span class='ocrx_word' id='word_1_396' title='bbox 1451 2283 1504 2327; x_wconf 89' lang='lat' dir='ltr'>ad</span> <span class='ocrx_word' id='word_1_397' title='bbox 1533 2283 1770 2328; x_wconf 88' lang='lat' dir='ltr'>Sidonium</span> <span class='ocrx_word' id='word_1_398' title='bbox 1792 2283 2028 2340; x_wconf 89' lang='lat' dir='ltr'>Apollina—</span> 
     </span>
     <span class='ocr_line' id='line_1_67' title="bbox 1173 2349 2033 2406; baseline -0.002 -14"><span class='ocrx_word' id='word_1_399' title='bbox 1173 2366 1272 2393; x_wconf 90' lang='lat' dir='ltr'>rem</span> <span class='ocrx_word' id='word_1_400' title='bbox 1286 2367 1296 2402; x_wconf 86' lang='lat'>;</span> <span class='ocrx_word' id='word_1_401' title='bbox 1315 2365 1472 2392; x_wconf 86' lang='lat' dir='ltr'>eorum</span> <span class='ocrx_word' id='word_1_402' title='bbox 1488 2349 1585 2392; x_wconf 84' lang='lat' dir='ltr'>dieo</span> <span class='ocrx_word' id='word_1_403' title='bbox 1599 2384 1610 2401; x_wconf 88' lang='lat'><strong><em>‚</em></strong></span> <span class='ocrx_word' id='word_1_404' title='bbox 1634 2365 1732 2406; x_wconf 88' lang='lat' dir='ltr'>quae</span> <span class='ocrx_word' id='word_1_405' title='bbox 1759 2365 1783 2391; x_wconf 88' lang='lat' dir='ltr'>a</span> <span class='ocrx_word' id='word_1_406' title='bbox 1795 2349 1921 2391; x_wconf 83' lang='lat' dir='ltr'>novis</span> <span class='ocrx_word' id='word_1_407' title='bbox 1935 2364 2033 2390; x_wconf 88' lang='lat' dir='ltr'>ma-</span> 
     </span>
     <span class='ocr_line' id='line_1_68' title="bbox 1173 2414 2026 2473; baseline -0.002 -15"><span class='ocrx_word' id='word_1_408' title='bbox 1173 2415 1420 2473; x_wconf 86' lang='lat' dir='ltr'>gistratibus</span> <span class='ocrx_word' id='word_1_409' title='bbox 1438 2415 1644 2472; x_wconf 86' lang='lat' dir='ltr'>sportulae</span> <span class='ocrx_word' id='word_1_410' title='bbox 1666 2415 1761 2458; x_wconf 92' lang='lat' dir='ltr'>loco</span> <span class='ocrx_word' id='word_1_411' title='bbox 1784 2414 1838 2457; x_wconf 90' lang='lat' dir='ltr'>ad</span> <span class='ocrx_word' id='word_1_412' title='bbox 1865 2414 2026 2456; x_wconf 88' lang='lat' dir='ltr'>amicos</span> 
     </span>
     <span class='ocr_line' id='line_1_69' title="bbox 1171 2480 2028 2536; baseline -0.002 -13"><span class='ocrx_word' id='word_1_413' title='bbox 1171 2487 1335 2523; x_wconf 78' lang='lat' dir='ltr'>munus</span> <span class='ocrx_word' id='word_1_414' title='bbox 1345 2480 1646 2523; x_wconf 86' lang='lat' dir='ltr'>mittebantur.</span> <span class='ocrx_word' id='word_1_415' title='bbox 1658 2480 1817 2536; x_wconf 87' lang='lat' dir='ltr'>Liquet</span> <span class='ocrx_word' id='word_1_416' title='bbox 1829 2480 1962 2523; x_wconf 89' lang='lat' dir='ltr'>etiam</span> <span class='ocrx_word' id='word_1_417' title='bbox 1978 2496 2028 2522; x_wconf 89' lang='lat' dir='ltr'>ex</span> 
     </span>
    </p>
   </div>
   <div class='ocr_carea' id='block_1_6' title="bbox 1154 2545 2029 2604">
    <p class='ocr_par' dir='ltr' id='par_1_15' title="bbox 1154 2545 2029 2604">
     <span class='ocr_line' id='line_1_70' title="bbox 1154 2545 2029 2604; baseline -0.003 -14"><span class='ocrx_word' id='word_1_418' title='bbox 1154 2562 1159 2566; x_wconf 64' lang='grc'>“·</span> <span class='ocrx_word' id='word_1_419' title='bbox 1172 2546 1257 2590; x_wconf 93' lang='lat' dir='ltr'>hoc</span> <span class='ocrx_word' id='word_1_420' title='bbox 1267 2547 1453 2590; x_wconf 87' lang='lat' dir='ltr'>Nasonis</span> <span class='ocrx_word' id='word_1_421' title='bbox 1466 2545 1578 2600; x_wconf 90' lang='lat' dir='ltr'>loco,</span> <span class='ocrx_word' id='word_1_422' title='bbox 1593 2548 1814 2604; x_wconf 78' lang='lat' dir='ltr'>sztycba</span> <span class='ocrx_word' id='word_1_423' title='bbox 1826 2561 1918 2587; x_wconf 91' lang='lat' dir='ltr'>non</span> <span class='ocrx_word' id='word_1_424' title='bbox 1929 2554 2029 2587; x_wconf 87' lang='lat' dir='ltr'>tan—</span> 
     </span>
    </p>
   </div>
   <div class='ocr_carea' id='block_1_7' title="bbox 1157 2607 2028 3506">
    <p class='ocr_par' dir='ltr' id='par_1_16' title="bbox 1171 2607 2027 2927">
     <span class='ocr_line' id='line_1_71' title="bbox 1172 2607 2027 2665; baseline -0.004 -11"><span class='ocrx_word' id='word_1_425' title='bbox 1172 2620 1270 2655; x_wconf 88' lang='lat' dir='ltr'>tum</span> <span class='ocrx_word' id='word_1_426' title='bbox 1301 2607 1483 2654; x_wconf 73' lang='lat' dir='ltr'>ebaraea</span> <span class='ocrx_word' id='word_1_427' title='bbox 1514 2611 1644 2654; x_wconf 80' lang='lat' dir='ltr'>fuisse</span> <span class='ocrx_word' id='word_1_428' title='bbox 1667 2643 1680 2664; x_wconf 94' lang='lat'>,</span> <span class='ocrx_word' id='word_1_429' title='bbox 1732 2610 1873 2665; x_wconf 87' lang='lat' dir='ltr'>qualia</span> <span class='ocrx_word' id='word_1_430' title='bbox 1910 2610 2027 2652; x_wconf 89' lang='lat' dir='ltr'>inter</span> 
     </span>
     <span class='ocr_line' id='line_1_72' title="bbox 1172 2672 2027 2733; baseline -0.005 -14"><span class='ocrx_word' id='word_1_431' title='bbox 1172 2675 1385 2733; x_wconf 85' lang='lat' dir='ltr'>sportulas</span> <span class='ocrx_word' id='word_1_432' title='bbox 1399 2676 1495 2732; x_wconf 87' lang='lat' dir='ltr'>jam·</span> <span class='ocrx_word' id='word_1_433' title='bbox 1506 2691 1530 2717; x_wconf 89' lang='lat' dir='ltr'>a</span> <span class='ocrx_word' id='word_1_434' title='bbox 1543 2675 1668 2718; x_wconf 88' lang='lat' dir='ltr'>nobis</span> <span class='ocrx_word' id='word_1_435' title='bbox 1685 2674 1923 2717; x_wconf 88' lang='lat' dir='ltr'>recensita:</span> <span class='ocrx_word' id='word_1_436' title='bbox 1949 2672 2027 2716; x_wconf 88' lang='lat' dir='ltr'>sed</span> 
     </span>
     <span class='ocr_line' id='line_1_73' title="bbox 1171 2739 2025 2799; baseline -0.004 -15"><span class='ocrx_word' id='word_1_437' title='bbox 1171 2741 1318 2799; x_wconf 86' lang='lat' dir='ltr'>lignea</span> <span class='ocrx_word' id='word_1_438' title='bbox 1345 2757 1544 2797; x_wconf 88' lang='lat' dir='ltr'>quoque,</span> <span class='ocrx_word' id='word_1_439' title='bbox 1574 2749 1620 2783; x_wconf 86' lang='lat' dir='ltr'>et</span> <span class='ocrx_word' id='word_1_440' title='bbox 1647 2739 1828 2796; x_wconf 87' lang='lat' dir='ltr'>quidem</span> <span class='ocrx_word' id='word_1_441' title='bbox 1856 2755 2025 2782; x_wconf 86' lang='lat' dir='ltr'>acerna.</span> 
     </span>
     <span class='ocr_line' id='line_1_74' title="bbox 1171 2804 2027 2864; baseline -0.002 -14"><span class='ocrx_word' id='word_1_442' title='bbox 1171 2807 1292 2850; x_wconf 89' lang='lat' dir='ltr'>Petr.</span> <span class='ocrx_word' id='word_1_443' title='bbox 1312 2806 1499 2850; x_wconf 87' lang='lat' dir='ltr'>Scriver.</span> <span class='ocrx_word' id='word_1_444' title='bbox 1520 2804 1575 2848; x_wconf 86' lang='lat' dir='ltr'>ad</span> <span class='ocrx_word' id='word_1_445' title='bbox 1598 2806 1753 2862; x_wconf 82' lang='lat' dir='ltr'>Veget.</span> <span class='ocrx_word' id='word_1_446' title='bbox 1778 2818 1816 2846; x_wconf 90' lang='lat'>11</span> <span class='ocrx_word' id='word_1_447' title='bbox 1831 2839 1843 2858; x_wconf 92' lang='lat'>‚</span> <span class='ocrx_word' id='word_1_448' title='bbox 1871 2822 1947 2864; x_wconf 81' lang='lat'>19,</span> <span class='ocrx_word' id='word_1_449' title='bbox 1967 2804 2027 2848; x_wconf 89' lang='lat' dir='ltr'>sic</span> 
     </span>
     <span class='ocr_line' id='line_1_75' title="bbox 1172 2870 1624 2927; baseline -0.007 -12"><span class='ocrx_word' id='word_1_450' title='bbox 1172 2872 1397 2916; x_wconf 88' lang='lat' dir='ltr'>Nasonem</span> <span class='ocrx_word' id='word_1_451' title='bbox 1416 2870 1593 2927; x_wconf 82' lang='lat' dir='ltr'>corrigit</span> <span class='ocrx_word' id='word_1_452' title='bbox 1613 2885 1624 2912; x_wconf 90' lang='lat'>:</span> 
     </span>
    </p>

    <p class='ocr_par' dir='ltr' id='par_1_17' title="bbox 1157 2938 2028 3506">
     <span class='ocr_line' id='line_1_76' title="bbox 1170 2938 2023 2981; baseline -0.004 -10"><span class='ocrx_word' id='word_1_453' title='bbox 1170 2941 1261 2980; x_wconf 80' lang='lat' dir='ltr'>Ergo</span> <span class='ocrx_word' id='word_1_454' title='bbox 1273 2951 1331 2981; x_wconf 82' lang='lat' dir='ltr'>ego</span> <span class='ocrx_word' id='word_1_455' title='bbox 1342 2951 1400 2971; x_wconf 83' lang='lat' dir='ltr'>vos</span> <span class='ocrx_word' id='word_1_456' title='bbox 1411 2951 1464 2978; x_wconf 89' lang='lat' dir='ltr'>re,</span> <span class='ocrx_word' id='word_1_457' title='bbox 1480 2950 1540 2971; x_wconf 80' lang='lat' dir='ltr'>vos</span> <span class='ocrx_word' id='word_1_458' title='bbox 1550 2939 1696 2979; x_wconf 79' lang='lat' dir='ltr'>duplices</span> <span class='ocrx_word' id='word_1_459' title='bbox 1709 2949 1767 2980; x_wconf 80' lang='lat' dir='ltr'>pro</span> <span class='ocrx_word' id='word_1_460' title='bbox 1779 2938 1912 2970; x_wconf 82' lang='lat' dir='ltr'>nomine</span> <span class='ocrx_word' id='word_1_461' title='bbox 1924 2938 2023 2968; x_wconf 81' lang='lat' dir='ltr'>sensi.</span> 
     </span>
     <span class='ocr_line' id='line_1_77' title="bbox 1175 2999 2028 3058; baseline -0.005 -13"><span class='ocrx_word' id='word_1_462' title='bbox 1175 3001 1313 3058; x_wconf 88' lang='lat' dir='ltr'>Quod</span> <span class='ocrx_word' id='word_1_463' title='bbox 1324 3002 1485 3044; x_wconf 90' lang='lat' dir='ltr'>merito</span> <span class='ocrx_word' id='word_1_464' title='bbox 1498 3016 1602 3044; x_wconf 87' lang='lat' dir='ltr'>sane</span> <span class='ocrx_word' id='word_1_465' title='bbox 1617 3000 1880 3057; x_wconf 87' lang='lat' dir='ltr'>improbavit</span> <span class='ocrx_word' id='word_1_466' title='bbox 1894 2999 1940 3042; x_wconf 91' lang='lat' dir='ltr'>in</span> <span class='ocrx_word' id='word_1_467' title='bbox 1952 2999 2008 3041; x_wconf 91' lang='lat' dir='ltr'>ob</span> <span class='ocrx_word' id='word_1_468' title='bbox 2021 3022 2028 3027; x_wconf 59' lang='lat'>&lt;</span> 
     </span>
     <span class='ocr_line' id='line_1_78' title="bbox 1172 3065 2027 3120; baseline -0.008 -9"><span class='ocrx_word' id='word_1_469' title='bbox 1172 3067 1487 3112; x_wconf 82' lang='lat' dir='ltr'>servationibus</span> <span class='ocrx_word' id='word_1_470' title='bbox 1510 3065 1650 3109; x_wconf 89' lang='lat' dir='ltr'>Gron.</span> <span class='ocrx_word' id='word_1_471' title='bbox 1668 3099 1680 3120; x_wconf 89' lang='lat'>,</span> <span class='ocrx_word' id='word_1_472' title='bbox 1708 3065 1777 3107; x_wconf 91' lang='lat' dir='ltr'>lib.</span> <span class='ocrx_word' id='word_1_473' title='bbox 1800 3077 1884 3117; x_wconf 89' lang='lat'>111,</span> <span class='ocrx_word' id='word_1_474' title='bbox 1907 3080 1943 3106; x_wconf 91' lang='lat' dir='ltr'>c.</span> <span class='ocrx_word' id='word_1_475' title='bbox 1963 3075 2027 3105; x_wconf 87' lang='lat' dir='ltr'>v1.</span> 
     </span>
     <span class='ocr_line' id='line_1_79' title="bbox 1169 3129 2028 3188; baseline -0.01 -12"><span class='ocrx_word' id='word_1_476' title='bbox 1169 3156 1225 3167; x_wconf 91' lang='lat'>—-</span> <span class='ocrx_word' id='word_1_477' title='bbox 1243 3134 1462 3188; x_wconf 83' lang='lat' dir='ltr'>Duplices.</span> <span class='ocrx_word' id='word_1_478' title='bbox 1505 3130 1625 3186; x_wconf 89' lang='lat' dir='ltr'>Quia</span> <span class='ocrx_word' id='word_1_479' title='bbox 1643 3129 1803 3173; x_wconf 82' lang='lat' dir='ltr'>scilicet</span> <span class='ocrx_word' id='word_1_480' title='bbox 1835 3142 2028 3171; x_wconf 86' lang='lat' dir='ltr'>numero</span> 
     </span>
     <span class='ocr_line' id='line_1_80' title="bbox 1169 3198 2022 3255; baseline -0.009 -12"><span class='ocrx_word' id='word_1_481' title='bbox 1169 3202 1360 3255; x_wconf 81' lang='lat' dir='ltr'>duplices</span> <span class='ocrx_word' id='word_1_482' title='bbox 1375 3233 1386 3249; x_wconf 87' lang='lat'><em>‚</em></span> <span class='ocrx_word' id='word_1_483' title='bbox 1422 3198 1614 3255; x_wconf 87' lang='lat' dir='ltr'>duplices</span> <span class='ocrx_word' id='word_1_484' title='bbox 1635 3213 1809 3254; x_wconf 89' lang='lat' dir='ltr'>quoque</span> <span class='ocrx_word' id='word_1_485' title='bbox 1825 3210 1923 3239; x_wconf 87' lang='lat' dir='ltr'>sum</span> <span class='ocrx_word' id='word_1_486' title='bbox 1940 3210 2022 3236; x_wconf 83' lang='lat' dir='ltr'>ex·-</span> 
     </span>
     <span class='ocr_line' id='line_1_81' title="bbox 1170 3263 2021 3322; baseline -0.009 -14"><span class='ocrx_word' id='word_1_487' title='bbox 1170 3274 1319 3322; x_wconf 89' lang='lat' dir='ltr'>pertus</span> <span class='ocrx_word' id='word_1_488' title='bbox 1334 3283 1343 3317; x_wconf 92' lang='grc'>;</span> <span class='ocrx_word' id='word_1_489' title='bbox 1365 3263 1411 3307; x_wconf 88' lang='lat' dir='ltr'>id</span> <span class='ocrx_word' id='word_1_490' title='bbox 1425 3272 1489 3308; x_wconf 90' lang='lat' dir='ltr'>est</span> <span class='ocrx_word' id='word_1_491' title='bbox 1500 3272 1653 3307; x_wconf 89' lang='lat' dir='ltr'>mente</span> <span class='ocrx_word' id='word_1_492' title='bbox 1665 3271 1818 3320; x_wconf 84' lang='lat' dir='ltr'>poetae‚</span> <span class='ocrx_word' id='word_1_493' title='bbox 1834 3263 2021 3308; x_wconf 81' lang='lat' dir='ltr'>dolosas,</span> 
     </span>
     <span class='ocr_line' id='line_1_82' title="bbox 1157 3326 2025 3389; baseline -0.01 -14"><span class='ocrx_word' id='word_1_494' title='bbox 1157 3332 1382 3389; x_wconf 82' lang='lat' dir='ltr'>fallaces!</span> <span class='ocrx_word' id='word_1_495' title='bbox 1425 3331 1539 3386; x_wconf 85' lang='lat' dir='ltr'>Quis</span> <span class='ocrx_word' id='word_1_496' title='bbox 1582 3346 1676 3373; x_wconf 88' lang='lat' dir='ltr'>non</span> <span class='ocrx_word' id='word_1_497' title='bbox 1703 3336 1805 3373; x_wconf 83' lang='lat' dir='ltr'>cum&#39;</span> <span class='ocrx_word' id='word_1_498' title='bbox 1835 3326 1986 3371; x_wconf 85' lang='lat' dir='ltr'>Persio</span> <span class='ocrx_word' id='word_1_499' title='bbox 2010 3359 2025 3379; x_wconf 88' lang='grc'>,,</span> 
     </span>
     <span class='ocr_line' id='line_1_83' title="bbox 1171 3395 2024 3454; baseline -0.006 -13"><span class='ocrx_word' id='word_1_500' title='bbox 1171 3405 1289 3454; x_wconf 77' lang='lat' dir='ltr'>turpe</span> <span class='ocrx_word' id='word_1_501' title='bbox 1321 3403 1367 3441; x_wconf 81' lang='lat' dir='ltr'>et</span> <span class='ocrx_word' id='word_1_502' title='bbox 1390 3401 1628 3440; x_wconf 83' lang='lat' dir='ltr'>miserabile</span> <span class='ocrx_word' id='word_1_503' title='bbox 1643 3431 1653 3449; x_wconf 83' lang='lat'><strong>,</strong></span> <span class='ocrx_word' id='word_1_504' title='bbox 1691 3395 1773 3440; x_wconf 87' lang='lat' dir='ltr'>nisi</span> <span class='ocrx_word' id='word_1_505' title='bbox 1793 3395 2024 3452; x_wconf 77' lang='lat' dir='ltr'>ignoscen—</span> 
     </span>
     <span class='ocr_line' id='line_1_84' title="bbox 1174 3461 1807 3506; baseline -0.003 -2"><span class='ocrx_word' id='word_1_506' title='bbox 1174 3463 1282 3506; x_wconf 87' lang='lat' dir='ltr'>dum</span> <span class='ocrx_word' id='word_1_507' title='bbox 1303 3463 1351 3505; x_wconf 90' lang='lat' dir='ltr'>in</span> <span class='ocrx_word' id='word_1_508' title='bbox 1372 3479 1420 3505; x_wconf 89' lang='lat' dir='ltr'>re</span> <span class='ocrx_word' id='word_1_509' title='bbox 1443 3461 1628 3504; x_wconf 86' lang='lat' dir='ltr'>ludicra!</span> <span class='ocrx_word' id='word_1_510' title='bbox 1800 3464 1807 3470; x_wconf 77' lang='grc'><strong>”</strong></span> 
     </span>
    </p>
   </div>
  </div>
 </body>
</html>
