2268 3776
273 325 379 378 358
733 327 801 379 P.
862 325 1159 382 OVIDII
1206 327 1582 386 NASONIS

267 438 375 500 Sed
400 442 496 513 sit,
514 456 579 501 ut
602 443 661 501 in
684 441 899 516 multis,
921 445 1122 525 modus
1142 444 1233 506 hic
1259 470 1483 530 quoque
1508 448 1782 509 :rusticus
1807 447 1946 510 alter
1973 468 2055 510 305

348 542 571 612 Motus3
598 541 655 599 in
686 542 902 603 incessu
930 543 1154 603 mollior
1184 543 1320 604 alter
1350 545 1470 605 erit.

267 637 403 696 Pars
433 636 650 696 humeri
685 652 871 699 tamen·
894 639 1003 700 ima
1033 641 1142 711 tui,
1174 664 1302 723 pars
1333 665 1546 702 summa
1576 639 1766 702 lacerti

349 733 513 793 Nuda
543 735 644 808 sit,
673 760 703 795 a
732 736 862 797 laeva
893 738 1284 820 conspicienda
1313 762 1497 799 manu.

267 831 392 890 Hoc
423 856 519 891 vos
550 834 850 917 praecipue,
878 836 1073 909 niveae,
1102 837 1293 908 decet;
1326 837 1435 897 hoe
1464 837 1565 897 ubi
1588 836 1709 895 ‘vidi
1730 883 1745 908 ,

351 928 560 990 Oscula
589 930 728 992 ferre
756 932 1016 1006 humer0‚
1045 958 1152 1017 qua
1181 948 1360 1017 patet,
1391 956 1571 1016 usque
1601 931 1756 993 libet.
1979 952 2061 993 310

270 1054 560 1117 MONSTRA
592 1059 757 1118 maris
789 1059 1008 1119 Sirenes
1037 1074 1219 1133 erant,
1253 1067 1374 1142 quae
1405 1082 1539 1118 voce
1568 1080 1768 1119 canora

352 1152 679 1231 Quamlibet
709 1156 973 1218 admissas
1006 1158 1290 1219 detinuere
1321 1171 1483 1217 rates.

269 1247 375 1307 His
406 1273 504 1310 sua
533 1251 858 1336 Sisyphides
882 1254 1086 1315 auditis
1117 1278 1282 1338 poene
1309 1252 1537 1314 resolvit

358 1348 636 1431 Corpora,
667 1375 795 1411 nam
822 1353 987 1413 sociis
1019 1351 1159 1412 illita
1187 1377 1310 1413 cera
1337 1351 1461 1412 fuit.

271 1445 385 1504 Res
413 1461 498 1506 est
525 1440 733 1508 blanda
763 1473 931 1508 canor
955 1474 967 1509 t
994 1449 1208 1510 discant
1235 1463 1453 1510 cantare
1484 1446 1702 1532 puellae.
1986 1464 2070 1506 315

354 1542 466 1602 Pro
497 1542 637 1605 facie
667 1544 858 1606 multis
886 1571 994 1606 vox
1026 1570 1125 1607 sua
1154 1545 1278 1607 lena
1304 1544 1451 1605 fuit.⁸

272 1642 347 1699 Et
374 1641 543 1701 modo
577 1643 898 1703 marmoreis
923 1643 1165 1705 referant
1188 1643 1376 1704 audita
1405 1641 1668 1714 theatris3

357 1741 433 1798 Et
453 1740 624 1800 modo
657 1741 886 1803 Niliacis
917 1743 1159 1803 carmina
1187 1741 1310 1803 lusa
1338 1740 1538 1802 modis.

276 1835 391 1894 Nec
420 1834 695 1918 plectrum
727 1838 949 1912 dextra,
978 1839 1245 1900 citharam
1275 1838 1520 1899 tenuisse
1545 1835 1770 1896 sinistra

278 1988 461 2043 deforme
476 1995 564 2041 esl‚·
580 1994 639 2038 el,
660 1993 885 2033 accedente
901 1995 1033 2041 mola,
1058 1989 1136 2049 (ad

277 2054 497 2097 incessum
519 2056 654 2109 refer)
668 2073 800 2111 prope
822 2060 1072 2100 obscaenum.

334 2118 428 2174 307.
459 2121 569 2161 Pars
600 2122 766 2162 humeri
781 2126 921 2163 lamen
947 2126 1035 2164 ima
1061 2125 1136 2164 lui.

280 2184 392 2228 Haec
410 2185 623 2229 libertinis
643 2195 820 2230 tantum
839 2197 883 2231 et
899 2189 1139 2232 meretrici-

280 2252 361 2294 bus
371 2252 606 2295 convenire
620 2253 770 2297 docuit
783 2254 955 2297 Ferrar.
966 2254 1040 2297 lib.
1050 2255 1136 2309 ΙΙΙ,

281 2318 334 2361 de
360 2319 427 2362 Re
451 2321 638 2363 Vestiar.
660 2322 712 2364 23
738 2333 748 2360 τ
775 2331 819 2365 et
839 2322 1031 2381 Bynaeus
1050 2356 1061 2378 ,
1086 2322 1141 2366 de

192 2421 200 2433 ,
281 2384 431 2428 calceis
453 2386 524 2428 lib.
548 2386 617 2440 II,
644 2403 736 2443 cap.
756 2401 809 2441 v,
844 2387 880 2444 3.
902 2389 941 2430 6.
964 2388 1033 2431 De
1054 2405 1141 2431 ex-

281 2455 404 2493 serlzlr
434 2468 540 2495 vero
579 2455 759 2496 humeris
798 2453 896 2497 vide
929 2455 1141 2498 eumdem

285 2516 456 2558 Ferrar.
482 2532 498 2559 1
516 2550 528 2572 ‚
551 2534 589 2575 9.
626 2518 789 2561 Tenul.
811 2519 866 2561 ad
889 2520 1042 2564 Front.
1064 2535 1104 2563 11
1126 2554 1138 2576 ,

284 2590 457 2637 strateg.
483 2599 498 2623 1
516 2613 527 2633 ‚
554 2582 604 2635 3,
629 2592 672 2625 et
692 2585 853 2627 Wass.
882 2584 936 2627 ad
966 2584 1141 2630 Sallust.

289 2647 416 2691 Catil.
431 2663 539 2691 XLIV
555 2681 567 2702 ‚
593 2650 664 2692 ubi
680 2650 908 2707 distinguit
926 2653 1045 2696 inter
1060 2670 1144 2695 nu-

285 2717 385 2756 dare
411 2716 619 2756 humerum
640 2722 684 2756 et
705 2731 891 2758 exserere
910 2729 923 2755 .·
946 2717 1029 2760 hoc
1050 2734 1141 2761 esse

289 2779 422 2821 etiam
446 2779 643 2834 proferre
663 2812 674 2833 ,
706 2779 868 2835 jactare
884 2813 895 2833 ,
922 2780 1109 2824 educere
1129 2799 1141 2833 ;

288 2854 331 2888 et
349 2845 406 2888 ita
423 2861 647 2901 possemus
662 2845 746 2888 hoc
766 2856 1035 2902 praeceptum
1050 2847 1144 2891 Na·-

288 2911 403 2953 sonis
416 2944 428 2965 ,
445 2927 535 2954 non
558 2910 609 2953 ad
627 2910 886 2955 exserendos
908 2911 1114 2955 humeros
1129 2945 1141 2968 ‚

291 2975 365 3018 sed
381 2985 502 3032 parte
520 2985 694 3019 tantum
707 2978 793 3019 ima
807 2976 1040 3021 nudandos
1052 2995 1145 3021 res--

291 3040 484 3097 tringere
507 3074 518 3095 ,
559 3058 615 3084 ne
644 3042 969 3086 inverecundiae
997 3043 1145 3087 nimiae

292 3106 500 3162 magister
523 3107 735 3150 videatur.
761 3108 924 3151 BURM.

347 3172 395 3214 31
408 3189 440 3214 1.
464 3174 659 3216 Monsfra
679 3178 809 3216 maris
829 3174 993 3216 Sirenes
1014 3179 1146 3217 eranl.

294 3235 364 3278 De
382 3236 608 3282 Sirenibus
630 3249 673 3282 et
692 3239 865 3282 illarum
889 3247 1021 3283 cantu
1047 3238 1148 3282 vide

298 3301 485 3345 Homer.
518 3303 676 3363 Odyss.
704 3315 772 3361 Μ,
803 3306 857 3363 39
878 3339 888 3356 ‚
932 3322 1023 3362 sqq.
1058 3305 1149 3348 165.

298 3367 452 3423 Virgil.
478 3369 654 3414 AEneid.
680 3385 709 3413 v
729 3405 740 3426 ,
764 3371 844 3426 864
859 3405 870 3426 ,
904 3379 948 3414 et
970 3387 1066 3428 quae
1090 3371 1150 3413 ibi

297 3441 424 3475 notat
437 3434 486 3476 cl.
501 3436 650 3494 Heyn.
673 3435 818 3480 Addas
831 3453 1006 3494 quoque
1022 3437 1151 3493 Apol-

297 3495 384 3541 lon..
414 3512 490 3554 lv,
514 3503 618 3559 8913
651 3511 695 3545 et
726 3501 867 3558 Orph.
902 3503 1148 3559 Argonaut.

1224 1991 1342 2033 1232.
1357 1990 1616 2032 —Monslra
1627 1991 1771 2030 martlr.
1794 1986 1860 2029 Ita
1876 1984 1960 2028 dici
1975 1999 2075 2026 om-

1219 2072 1298 2099 nes
1328 2055 1553 2098 inusitatas
1583 2053 1746 2095 formas
1775 2050 1958 2107 piscium
1985 2049 2076 2092 do-

1220 2121 1311 2165 cuit
1340 2119 1493 2163 Barth.
1522 2117 1576 2161 ad
1603 2116 1833 2161 Claudian.
1853 2129 1916 2170 11,
1940 2114 2078 2157 Laud.

1222 2186 1362 2230 stilic.
1385 2186 1453 2228 28.

1285 2252 1382 2294 312.
1416 2252 1639 2305 Quaslibet
1671 2251 1900 2291 admissas.
1940 2247 2079 2291 Recte

1225 2315 1441 2375 Scaliger,
1470 2317 1712 2371 Quamlibet
1727 2316 1943 2356 admissas
1962 2315 2081 2355 deti-

1223 2400 1346 2426 nuere
1363 2389 1478 2427 rates
1489 2417 1501 2435 ,
1524 2380 1765 2439 legendum
1779 2387 2081 2423 annotaverat.

1224 2450 1347 2493 DAN.
1377 2450 1546 2492 Hssms.
1583 2447 1737 2491 Scribe·
1768 2462 1871 2490 cum
1902 2444 2048 2501 Regio
2067 2475 2079 2497 ,

1230 2516 1483 2569 Quamlibet.
1494 2512 1568 2557 Sic
1591 2512 1724 2556 Trist.
1746 2512 1792 2566 I,
1815 2511 1978 2567 Eleg.x
1992 2541 2004 2564 ,
2025 2508 2052 2552 6
2071 2523 2082 2550 :

1263 2583 1454 2624 Quamlibet
1464 2592 1607 2623 egressas
1621 2587 1759 2622 occupat
1770 2587 1844 2611 ante
1858 2586 1955 2610 rates.

1225 2644 1341 2687 Vide
1364 2645 1501 2689 Notas
1518 2642 1571 2687 ad
1591 2642 1727 2700 Epist.
1743 2655 1793 2684 v1
1807 2675 1819 2695 ,
1843 2657 1952 2684 vers.
1980 2642 2082 2694 140:

1225 2710 1430 2754 eamdem
1452 2724 1607 2752 vocem
1626 2708 1710 2750 hoc
1730 2707 1823 2763 ipso
1844 2706 1956 2749 libro
1980 2721 2084 2748 mox

1225 2776 1362 2819 semel
1381 2776 1633 2830 iterumque
1655 2772 1952 2815 restituemus.
1975 2772 2037 2814 H.

1281 2840 1306 2882 3
1316 2857 1329 2881 1
1338 2839 1468 2881 &His
1475 2854 1554 2880 sua
1563 2838 1809 2894 Sisyphides
1822 2845 1903 2879 ete.
1914 2836 2081 2891 Ulixes,

1225 2904 1338 2947 illius
1353 2902 1527 2962 Sisyphi
1546 2901 1676 2956 filius,
1700 2901 1791 2958 qui,
1813 2901 1930 2944 illata
1948 2901 2011 2953 vi,
2034 2910 2086 2945 ut
2106 2911 2109 2913 ’

1227 2969 1352 3011 aiunt
1367 3000 1378 3021 ,
1405 2966 1655 3026 Autolycae‚
1682 2966 1854 3009 Laertae
1875 2966 2054 3023 conjugi
2069 2998 2081 3021 ‚

1228 3035 1406 3079 Ulixem
1421 3050 1531 3077 exea
1544 3033 1887 3090 suscepit.Quod
1903 3032 2084 3089 quidem

1228 3101 1439 3157 probrum
1463 3100 1542 3155 ipsi
1566 3099 1676 3156 Aiax
1699 3098 1873 3153 objicit,
1897 3098 2084 3140 Metam.

1230 3181 1339 3222 xm,
1373 3168 1422 3210 31
1439 3200 1451 3222 ,
1474 3183 1567 3223 sqq.
1589 3165 1662 3208 ubi
1684 3165 1739 3208 de
1767 3164 1900 3207 armis
1924 3163 2084 3207 Achil-

1229 3233 1279 3278 lis
1298 3268 1309 3289 ,
1337 3234 1516 3278 Ulixem
1541 3234 1660 3277 inter
1690 3241 1733 3276 et
1763 3232 1946 3289 Ajacem
1964 3264 1976 3287 ,
2008 3247 2085 3275 so—

1229 3301 1391 3344 lemnis
1414 3299 1683 3357 disceptatio.

1287 3365 1380 3422 317.
1412 3364 1628 3421 Referunt.
1656 3365 1881 3407 Resonant.
1909 3359 2086 3405 Patavi-

1234 3447 1316 3474 nus
1328 3440 1371 3474 et
1383 3430 1564 3488 Argent.
1586 3429 1672 3473 vid.
1695 3429 1796 3473 Am.
1807 3429 1869 3482 II,
1882 3428 1950 3471 El.
1965 3441 2028 3482 vl,
2040 3427 2083 3470 6:

1274 3507 1338 3539 Pro
1353 3507 1447 3546 longa
1465 3513 1613 3538 resonent
1624 3505 1765 3537 carmina
1778 3511 1885 3536 vestra
1898 3502 1986 3535 tuba.
