<?xml version="1.0" encoding="UTF-8"?>
<!DOCTYPE html PUBLIC "-//W3C//DTD XHTML 1.0 Transitional//EN"
    "http://www.w3.org/TR/xhtml1/DTD/xhtml1-transitional.dtd">
<html xmlns="http://www.w3.org/1999/xhtml" xml:lang="en" lang="en">
 <head>
  <title>
</title>
<meta http-equiv="Content-Type" content="text/html;charset=utf-8" />
  <meta name='ocr-system' content='tesseract 3.04.00' />
  <meta name='ocr-capabilities' content='ocr_page ocr_carea ocr_par ocr_line ocrx_word'/>
</head>
<body>
  <div class='ocr_page' id='page_1' title='image "./quaeextantomniao02oviduoft_0249.png"; bbox 0 0 2268 3776; ppageno 0'>
   <div class='ocr_carea' id='block_1_1' title="bbox 541 321 1611 380">
    <p class='ocr_par' dir='ltr' id='par_1_1' title="bbox 541 321 1611 380">
     <span class='ocr_line' id='line_1_1' title="bbox 541 321 1611 380; baseline 0.001 -3"><span class='ocrx_word' id='word_1_1' title='bbox 541 321 797 378; x_wconf 88' lang='lat' dir='ltr'><strong>ARTIS</strong></span> <span class='ocrx_word' id='word_1_2' title='bbox 841 321 1310 377; x_wconf 86' lang='lat' dir='ltr'><strong>AMATORIAE</strong></span> <span class='ocrx_word' id='word_1_3' title='bbox 1361 325 1519 380; x_wconf 89' lang='lat' dir='ltr'><strong>LIB.</strong></span> <span class='ocrx_word' id='word_1_4' title='bbox 1564 328 1611 379; x_wconf 92' lang='grc' dir='ltr'><strong>Ι.</strong></span> 
     </span>
    </p>
   </div>
   <div class='ocr_carea' id='block_1_2' title="bbox 1855 326 1959 379">
    <p class='ocr_par' dir='ltr' id='par_1_2' title="bbox 1855 326 1959 379">
     <span class='ocr_line' id='line_1_2' title="bbox 1855 326 1959 379; baseline 0 -1"><span class='ocrx_word' id='word_1_5' title='bbox 1855 326 1959 379; x_wconf 80' lang='lat'><strong>235</strong></span> 
     </span>
    </p>
   </div>
   <div class='ocr_carea' id='block_1_3' title="bbox 192 437 1967 1204">
    <p class='ocr_par' dir='ltr' id='par_1_3' title="bbox 192 437 1967 1204">
     <span class='ocr_line' id='line_1_3' title="bbox 279 437 1424 500; baseline 0.001 -3"><span class='ocrx_word' id='word_1_6' title='bbox 279 438 533 498; x_wconf 81' lang='lat' dir='ltr'><strong>Porticus</strong></span> <span class='ocrx_word' id='word_1_7' title='bbox 562 437 799 499; x_wconf 83' lang='lat' dir='ltr'><strong>auctoris</strong></span> <span class='ocrx_word' id='word_1_8' title='bbox 825 438 981 498; x_wconf 87' lang='lat' dir='ltr'><strong>Livia</strong></span> <span class='ocrx_word' id='word_1_9' title='bbox 1007 461 1210 498; x_wconf 91' lang='lat' dir='ltr'><strong>nomen</strong></span> <span class='ocrx_word' id='word_1_10' title='bbox 1241 438 1424 500; x_wconf 86' lang='lat' dir='ltr'><strong>habet.</strong></span> 
     </span>
     <span class='ocr_line' id='line_1_4' title="bbox 199 534 1642 617; baseline 0.003 -23"><span class='ocrx_word' id='word_1_11' title='bbox 199 534 432 617; x_wconf 82' lang='lat' dir='ltr'><strong>Quaque</strong></span> <span class='ocrx_word' id='word_1_12' title='bbox 455 556 648 617; x_wconf 90' lang='lat' dir='ltr'><strong>parare</strong></span> <span class='ocrx_word' id='word_1_13' title='bbox 675 556 861 595; x_wconf 85' lang='lat' dir='ltr'><strong>necem</strong></span> <span class='ocrx_word' id='word_1_14' title='bbox 890 534 1103 595; x_wconf 91' lang='lat' dir='ltr'><strong>miseris</strong></span> <span class='ocrx_word' id='word_1_15' title='bbox 1128 535 1472 617; x_wconf 83' lang='lat' dir='ltr'><strong>patruelibus</strong></span> <span class='ocrx_word' id='word_1_16' title='bbox 1502 561 1642 597; x_wconf 82' lang='lat' dir='ltr'><strong>ausae</strong></span> 
     </span>
     <span class='ocr_line' id='line_1_5' title="bbox 277 634 1485 720; baseline 0 -24"><span class='ocrx_word' id='word_1_17' title='bbox 277 634 521 709; x_wconf 85' lang='lat' dir='ltr'><strong>Belides,</strong></span> <span class='ocrx_word' id='word_1_18' title='bbox 553 651 608 697; x_wconf 90' lang='lat' dir='ltr'><strong>et</strong></span> <span class='ocrx_word' id='word_1_19' title='bbox 629 637 820 696; x_wconf 88' lang='lat' dir='ltr'><strong>stricto</strong></span> <span class='ocrx_word' id='word_1_20' title='bbox 853 651 962 698; x_wconf 90' lang='lat' dir='ltr'><strong>stat</strong></span> <span class='ocrx_word' id='word_1_21' title='bbox 990 636 1138 698; x_wconf 89' lang='lat' dir='ltr'><strong>ferus</strong></span> <span class='ocrx_word' id='word_1_22' title='bbox 1166 660 1293 698; x_wconf 91' lang='lat' dir='ltr'><strong>ense</strong></span> <span class='ocrx_word' id='word_1_23' title='bbox 1317 649 1485 720; x_wconf 83' lang='lat' dir='ltr'><strong>pater.</strong></span> 
     </span>
     <span class='ocr_line' id='line_1_6' title="bbox 198 732 1967 817; baseline -0.001 -24"><span class='ocrx_word' id='word_1_24' title='bbox 198 734 312 793; x_wconf 89' lang='lat' dir='ltr'><strong>Nec</strong></span> <span class='ocrx_word' id='word_1_25' title='bbox 341 746 394 794; x_wconf 93' lang='lat' dir='ltr'><strong>te</strong></span> <span class='ocrx_word' id='word_1_26' title='bbox 422 747 706 815; x_wconf 85' lang='lat' dir='ltr'><strong>praetereat</strong></span> <span class='ocrx_word' id='word_1_27' title='bbox 733 733 933 794; x_wconf 86' lang='lat' dir='ltr'><strong>Veneri</strong></span> <span class='ocrx_word' id='word_1_28' title='bbox 961 733 1212 817; x_wconf 88' lang='lat' dir='ltr'><strong>ploratus</strong></span> <span class='ocrx_word' id='word_1_29' title='bbox 1240 732 1487 807; x_wconf 85' lang='lat' dir='ltr'><strong>Adonis;</strong></span> <span class='ocrx_word' id='word_1_30' title='bbox 1916 755 1967 809; x_wconf 54' lang='grc' dir='ltr'><strong>γ’,</strong></span> 
     </span>
     <span class='ocr_line' id='line_1_7' title="bbox 279 827 1397 914; baseline 0.003 -26"><span class='ocrx_word' id='word_1_31' title='bbox 279 827 549 912; x_wconf 90' lang='lat' dir='ltr'><strong>Cultaque</strong></span> <span class='ocrx_word' id='word_1_32' title='bbox 579 829 772 892; x_wconf 86' lang='lat' dir='ltr'><strong>Judaeo</strong></span> <span class='ocrx_word' id='word_1_33' title='bbox 803 830 1034 913; x_wconf 89' lang='lat' dir='ltr'><strong>septima</strong></span> <span class='ocrx_word' id='word_1_34' title='bbox 1062 853 1210 892; x_wconf 89' lang='lat' dir='ltr'><strong>sacra</strong></span> <span class='ocrx_word' id='word_1_35' title='bbox 1240 830 1397 914; x_wconf 84' lang='lat' dir='ltr'><strong>Syro.</strong></span> 
     </span>
     <span class='ocr_line' id='line_1_8' title="bbox 195 922 1662 1010; baseline 0.002 -26"><span class='ocrx_word' id='word_1_36' title='bbox 195 924 319 984; x_wconf 89' lang='lat' dir='ltr'><strong>Neu</strong></span> <span class='ocrx_word' id='word_1_37' title='bbox 346 922 473 1003; x_wconf 88' lang='lat' dir='ltr'><strong>suge</strong></span> <span class='ocrx_word' id='word_1_38' title='bbox 499 923 741 1004; x_wconf 82' lang='lat' dir='ltr'><strong>linigerae</strong></span> <span class='ocrx_word' id='word_1_39' title='bbox 768 926 1131 1010; x_wconf 84' lang='lat' dir='ltr'><strong>Memphitica</strong></span> <span class='ocrx_word' id='word_1_40' title='bbox 1158 924 1360 1010; x_wconf 86' lang='lat' dir='ltr'><strong>templa</strong></span> <span class='ocrx_word' id='word_1_41' title='bbox 1387 927 1625 1008; x_wconf 81' lang='lat' dir='ltr'><strong>juvencae</strong></span> <span class='ocrx_word' id='word_1_42' title='bbox 1651 953 1662 987; x_wconf 91' lang='lat'>:</span> 
     </span>
     <span class='ocr_line' id='line_1_9' title="bbox 275 1021 1432 1107; baseline -0.001 -24"><span class='ocrx_word' id='word_1_43' title='bbox 275 1021 486 1084; x_wconf 89' lang='lat' dir='ltr'><strong>Multas</strong></span> <span class='ocrx_word' id='word_1_44' title='bbox 514 1021 607 1083; x_wconf 92' lang='lat' dir='ltr'><strong>illa</strong></span> <span class='ocrx_word' id='word_1_45' title='bbox 636 1023 766 1084; x_wconf 89' lang='lat' dir='ltr'><strong>facit</strong></span> <span class='ocrx_word' id='word_1_46' title='bbox 784 1070 799 1096; x_wconf 91' lang='lat'>‚</span> <span class='ocrx_word' id='word_1_47' title='bbox 833 1023 985 1107; x_wconf 90' lang='lat' dir='ltr'><strong>quod</strong></span> <span class='ocrx_word' id='word_1_48' title='bbox 1010 1022 1117 1085; x_wconf 89' lang='lat' dir='ltr'><strong>fuit</strong></span> <span class='ocrx_word' id='word_1_49' title='bbox 1144 1023 1266 1107; x_wconf 90' lang='lat' dir='ltr'><strong>ipsa</strong></span> <span class='ocrx_word' id='word_1_50' title='bbox 1286 1023 1432 1083; x_wconf 85' lang='lat' dir='ltr'><strong>Jovi.</strong></span> 
     </span>
     <span class='ocr_line' id='line_1_10' title="bbox 192 1117 1675 1204; baseline 0 -26"><span class='ocrx_word' id='word_1_51' title='bbox 192 1119 269 1178; x_wconf 86' lang='lat' dir='ltr'><strong>Et</strong></span> <span class='ocrx_word' id='word_1_52' title='bbox 298 1117 420 1180; x_wconf 88' lang='lat' dir='ltr'><strong>fora</strong></span> <span class='ocrx_word' id='word_1_53' title='bbox 442 1120 801 1193; x_wconf 83' lang='lat' dir='ltr'><strong>conveniunt,</strong></span> <span class='ocrx_word' id='word_1_54' title='bbox 829 1121 954 1204; x_wconf 91' lang='lat' dir='ltr'><strong>quis</strong></span> <span class='ocrx_word' id='word_1_55' title='bbox 981 1120 1198 1182; x_wconf 88' lang='lat' dir='ltr'><strong>credere</strong></span> <span class='ocrx_word' id='word_1_56' title='bbox 1227 1120 1446 1204; x_wconf 75' lang='lat' dir='ltr'><strong>possit?</strong></span> <span class='ocrx_word' id='word_1_57' title='bbox 1474 1120 1675 1191; x_wconf 84' lang='lat' dir='ltr'><strong>amori3</strong></span> 
     </span>
    </p>
   </div>
   <div class='ocr_carea' id='block_1_4' title="bbox 187 1297 1042 1680">
    <p class='ocr_par' dir='ltr' id='par_1_4' title="bbox 187 1297 1041 1548">
     <span class='ocr_line' id='line_1_11' title="bbox 192 1297 1040 1354; baseline 0.002 -13"><span class='ocrx_word' id='word_1_58' title='bbox 192 1297 356 1342; x_wconf 80' lang='lat' dir='ltr'><strong>Athen.</strong></span> <span class='ocrx_word' id='word_1_59' title='bbox 380 1298 511 1342; x_wconf 87' lang='lat' dir='ltr'><strong>Attic.</strong></span> <span class='ocrx_word' id='word_1_60' title='bbox 524 1298 595 1342; x_wconf 93' lang='lat' dir='ltr'><strong>lib.</strong></span> <span class='ocrx_word' id='word_1_61' title='bbox 612 1313 630 1342; x_wconf 91' lang='lat'>1</span> <span class='ocrx_word' id='word_1_62' title='bbox 648 1332 660 1354; x_wconf 85' lang='lat'>,</span> <span class='ocrx_word' id='word_1_63' title='bbox 682 1316 717 1343; x_wconf 90' lang='lat' dir='ltr'><strong>c.</strong></span> <span class='ocrx_word' id='word_1_64' title='bbox 737 1301 760 1342; x_wconf 85' lang='lat'>5</span> <span class='ocrx_word' id='word_1_65' title='bbox 779 1332 791 1354; x_wconf 89' lang='lat'>,</span> <span class='ocrx_word' id='word_1_66' title='bbox 813 1299 886 1344; x_wconf 90' lang='lat' dir='ltr'><strong>ubi</strong></span> <span class='ocrx_word' id='word_1_67' title='bbox 908 1299 1040 1344; x_wconf 84' lang='lat' dir='ltr'><strong>etiam</strong></span> 
     </span>
     <span class='ocr_line' id='line_1_12' title="bbox 194 1362 1040 1408; baseline 0.002 -2"><span class='ocrx_word' id='word_1_68' title='bbox 194 1362 322 1407; x_wconf 90' lang='lat' dir='ltr'><strong>docet</strong></span> <span class='ocrx_word' id='word_1_69' title='bbox 352 1362 454 1407; x_wconf 88' lang='lat' dir='ltr'><strong>inde</strong></span> <span class='ocrx_word' id='word_1_70' title='bbox 483 1363 641 1407; x_wconf 87' lang='lat' dir='ltr'><strong>multas</strong></span> <span class='ocrx_word' id='word_1_71' title='bbox 662 1363 825 1408; x_wconf 87' lang='lat' dir='ltr'><strong>tabulas</strong></span> <span class='ocrx_word' id='word_1_72' title='bbox 849 1364 1040 1408; x_wconf 86' lang='lat' dir='ltr'><strong>Romam</strong></span> 
     </span>
     <span class='ocr_line' id='line_1_13' title="bbox 192 1427 1041 1488; baseline 0.004 -17"><span class='ocrx_word' id='word_1_73' title='bbox 192 1427 431 1472; x_wconf 88' lang='lat' dir='ltr'><strong>translatas.</strong></span> <span class='ocrx_word' id='word_1_74' title='bbox 458 1451 514 1461; x_wconf 97' lang='lat'>—</span> <span class='ocrx_word' id='word_1_75' title='bbox 538 1431 638 1483; x_wconf 72' lang='lat' dir='ltr'><em>(111oe</em></span> <span class='ocrx_word' id='word_1_76' title='bbox 650 1433 782 1485; x_wconf 58' lang='lat' dir='ltr'><strong>pez-1125</strong></span> <span class='ocrx_word' id='word_1_77' title='bbox 803 1429 892 1473; x_wconf 90' lang='lat' dir='ltr'><strong>duo</strong></span> <span class='ocrx_word' id='word_1_78' title='bbox 912 1447 923 1475; x_wconf 90' lang='lat'><strong>:</strong></span> <span class='ocrx_word' id='word_1_79' title='bbox 947 1446 1041 1488; x_wconf 77' lang='lat' dir='ltr'><strong>que</strong></span> 
     </span>
     <span class='ocr_line' id='line_1_14' title="bbox 187 1493 795 1548; baseline 0.003 -12"><span class='ocrx_word' id='word_1_80' title='bbox 187 1497 349 1548; x_wconf 64' lang='lat' dir='ltr'><strong>presso·</strong></span> <span class='ocrx_word' id='word_1_81' title='bbox 365 1493 616 1537; x_wconf 74' lang='lat' dir='ltr'><strong>Vossianus.</strong></span> <span class='ocrx_word' id='word_1_82' title='bbox 632 1494 795 1538; x_wconf 74' lang='lat' dir='ltr'><strong>Bunm.</strong></span> 
     </span>
    </p>

    <p class='ocr_par' dir='ltr' id='par_1_5' title="bbox 194 1560 1042 1680">
     <span class='ocr_line' id='line_1_15' title="bbox 231 1560 1041 1615; baseline 0.005 -14"><span class='ocrx_word' id='word_1_83' title='bbox 231 1574 315 1615; x_wconf 68' lang='lat'><strong>7²·</strong></span> <span class='ocrx_word' id='word_1_84' title='bbox 337 1560 532 1602; x_wconf 75' lang='lat' dir='ltr'><strong>Porticus</strong></span> <span class='ocrx_word' id='word_1_85' title='bbox 546 1563 732 1603; x_wconf 74' lang='lat' dir='ltr'><strong>auctoris</strong></span> <span class='ocrx_word' id='word_1_86' title='bbox 752 1560 878 1603; x_wconf 76' lang='lat' dir='ltr'><strong>Livia</strong></span> <span class='ocrx_word' id='word_1_87' title='bbox 893 1577 1041 1605; x_wconf 79' lang='lat' dir='ltr'><strong>nomen</strong></span> 
     </span>
     <span class='ocr_line' id='line_1_16' title="bbox 194 1624 1042 1680; baseline 0.006 -14"><span class='ocrx_word' id='word_1_88' title='bbox 194 1625 331 1667; x_wconf 80' lang='lat' dir='ltr'><strong>habet.</strong></span> <span class='ocrx_word' id='word_1_89' title='bbox 347 1624 417 1668; x_wconf 76' lang='lat' dir='ltr'><strong>Ibiv</strong></span> <span class='ocrx_word' id='word_1_90' title='bbox 429 1624 557 1669; x_wconf 77' lang='lat' dir='ltr'><strong>fuisse</strong></span> <span class='ocrx_word' id='word_1_91' title='bbox 578 1624 796 1680; x_wconf 85' lang='lat' dir='ltr'><strong>creditur,</strong></span> <span class='ocrx_word' id='word_1_92' title='bbox 819 1626 893 1670; x_wconf 90' lang='lat' dir='ltr'><strong>ubi</strong></span> <span class='ocrx_word' id='word_1_93' title='bbox 914 1636 1042 1671; x_wconf 88' lang='lat' dir='ltr'><strong>antea</strong></span> 
     </span>
    </p>
   </div>
   <div class='ocr_carea' id='block_1_5' title="bbox 106 1687 1042 1747">
    <p class='ocr_par' dir='ltr' id='par_1_6' title="bbox 106 1687 1042 1747">
     <span class='ocr_line' id='line_1_17' title="bbox 106 1687 1042 1747; baseline 0.005 -17"><span class='ocrx_word' id='word_1_94' title='bbox 106 1719 113 1730; x_wconf 80' lang='grc'>,</span> <span class='ocrx_word' id='word_1_95' title='bbox 199 1687 382 1733; x_wconf 74' lang='lat' dir='ltr'><strong>Coesaris</strong></span> <span class='ocrx_word' id='word_1_96' title='bbox 401 1688 581 1742; x_wconf 83' lang='lat' dir='ltr'><strong>domus;</strong></span> <span class='ocrx_word' id='word_1_97' title='bbox 606 1705 654 1733; x_wconf 88' lang='lat' dir='ltr'><strong>ae</strong></span> <span class='ocrx_word' id='word_1_98' title='bbox 670 1699 819 1747; x_wconf 87' lang='lat' dir='ltr'><strong>postea</strong></span> <span class='ocrx_word' id='word_1_99' title='bbox 839 1691 956 1734; x_wconf 87' lang='lat' dir='ltr'><strong>Julia</strong></span> <span class='ocrx_word' id='word_1_100' title='bbox 978 1692 1042 1735; x_wconf 91' lang='lat' dir='ltr'><strong>in-</strong></span> 
     </span>
    </p>
   </div>
   <div class='ocr_carea' id='block_1_6' title="bbox 188 1752 1043 2401">
    <p class='ocr_par' dir='ltr' id='par_1_7' title="bbox 188 1752 1042 2198">
     <span class='ocr_line' id='line_1_18' title="bbox 196 1752 1041 1812; baseline 0.004 -16"><span class='ocrx_word' id='word_1_101' title='bbox 196 1761 347 1812; x_wconf 84' lang='lat' dir='ltr'><strong>gentes</strong></span> <span class='ocrx_word' id='word_1_102' title='bbox 368 1752 480 1798; x_wconf 68' lang='lat' dir='ltr'><strong>mdes</strong></span> <span class='ocrx_word' id='word_1_103' title='bbox 502 1762 770 1798; x_wconf 81' lang='lat' dir='ltr'><strong>exstruxerat</strong></span> <span class='ocrx_word' id='word_1_104' title='bbox 788 1770 798 1798; x_wconf 72' lang='grc' dir='ltr'>ε</span> <span class='ocrx_word' id='word_1_105' title='bbox 818 1770 923 1811; x_wconf 86' lang='lat' dir='ltr'><strong>quas</strong></span> <span class='ocrx_word' id='word_1_106' title='bbox 946 1754 1041 1798; x_wconf 86' lang='lat' dir='ltr'><strong>Au·</strong></span> 
     </span>
     <span class='ocr_line' id='line_1_19' title="bbox 195 1818 1042 1877; baseline 0.004 -16"><span class='ocrx_word' id='word_1_107' title='bbox 195 1826 345 1877; x_wconf 73' lang='lat' dir='ltr'><strong>gustus</strong></span> <span class='ocrx_word' id='word_1_108' title='bbox 361 1833 499 1875; x_wconf 83' lang='lat' dir='ltr'><strong>quum</strong></span> <span class='ocrx_word' id='word_1_109' title='bbox 512 1827 626 1863; x_wconf 83' lang='lat' dir='ltr'><strong>esset</strong></span> <span class='ocrx_word' id='word_1_110' title='bbox 645 1818 897 1874; x_wconf 87' lang='lat' dir='ltr'><strong>demolitus,</strong></span> <span class='ocrx_word' id='word_1_111' title='bbox 918 1835 1042 1877; x_wconf 59' lang='lat' dir='ltr'><strong>repo*</strong></span> 
     </span>
     <span class='ocr_line' id='line_1_20' title="bbox 193 1883 1037 1943; baseline 0.004 -16"><span class='ocrx_word' id='word_1_112' title='bbox 193 1884 278 1928; x_wconf 86' lang='lat' dir='ltr'><strong>suit</strong></span> <span class='ocrx_word' id='word_1_113' title='bbox 293 1883 454 1929; x_wconf 87' lang='lat' dir='ltr'><strong>ibidem</strong></span> <span class='ocrx_word' id='word_1_114' title='bbox 458 1890 668 1942; x_wconf 73' lang='lat' dir='ltr'><strong>porticum</strong></span> <span class='ocrx_word' id='word_1_115' title='bbox 680 1918 693 1941; x_wconf 83' lang='lat'>,</span> <span class='ocrx_word' id='word_1_116' title='bbox 709 1901 842 1943; x_wconf 88' lang='lat' dir='ltr'><strong>quam</strong></span> <span class='ocrx_word' id='word_1_117' title='bbox 852 1888 1018 1930; x_wconf 66' lang='lat' dir='ltr'><strong>Liuiam</strong></span> <span class='ocrx_word' id='word_1_118' title='bbox 1027 1921 1037 1939; x_wconf 85' lang='lat'><strong><em>‚</em></strong></span> 
     </span>
     <span class='ocr_line' id='line_1_21' title="bbox 192 1949 1040 2009; baseline 0.006 -17"><span class='ocrx_word' id='word_1_119' title='bbox 192 1949 336 1994; x_wconf 88' lang='lat' dir='ltr'><strong>uxoris</strong></span> <span class='ocrx_word' id='word_1_120' title='bbox 353 1949 408 1994; x_wconf 88' lang='lat' dir='ltr'><strong>de</strong></span> <span class='ocrx_word' id='word_1_121' title='bbox 423 1950 606 1995; x_wconf 88' lang='lat' dir='ltr'><strong>nomine</strong></span> <span class='ocrx_word' id='word_1_122' title='bbox 621 1984 633 2007; x_wconf 92' lang='lat'>‚</span> <span class='ocrx_word' id='word_1_123' title='bbox 651 1950 892 2009; x_wconf 86' lang='lat' dir='ltr'><strong>adpellavit.</strong></span> <span class='ocrx_word' id='word_1_124' title='bbox 911 1954 1040 1997; x_wconf 86' lang='lat' dir='ltr'><strong>Hanc</strong></span> 
     </span>
     <span class='ocr_line' id='line_1_22' title="bbox 192 2014 1042 2076; baseline 0.005 -18"><span class='ocrx_word' id='word_1_125' title='bbox 192 2029 216 2058; x_wconf 87' lang='lat' dir='ltr'><strong>a</strong></span> <span class='ocrx_word' id='word_1_126' title='bbox 239 2014 419 2059; x_wconf 84' lang='lat' dir='ltr'><strong>Nerone</strong></span> <span class='ocrx_word' id='word_1_127' title='bbox 442 2014 636 2061; x_wconf 79' lang='lat' dir='ltr'><strong>dirutam</strong></span> <span class='ocrx_word' id='word_1_128' title='bbox 659 2018 810 2062; x_wconf 89' lang='lat' dir='ltr'><strong>serunt</strong></span> <span class='ocrx_word' id='word_1_129' title='bbox 825 2051 838 2073; x_wconf 90' lang='lat'>‚</span> <span class='ocrx_word' id='word_1_130' title='bbox 869 2034 957 2076; x_wconf 91' lang='lat' dir='ltr'><strong>quo</strong></span> <span class='ocrx_word' id='word_1_131' title='bbox 976 2019 1042 2062; x_wconf 90' lang='lat' dir='ltr'><strong>la-</strong></span> 
     </span>
     <span class='ocr_line' id='line_1_23' title="bbox 190 2079 1042 2129; baseline 0.007 -6"><span class='ocrx_word' id='word_1_132' title='bbox 190 2080 276 2124; x_wconf 88' lang='lat' dir='ltr'><strong>tius</strong></span> <span class='ocrx_word' id='word_1_133' title='bbox 293 2079 480 2125; x_wconf 78' lang='lat' dir='ltr'><strong>domum</strong></span> <span class='ocrx_word' id='word_1_134' title='bbox 497 2098 624 2127; x_wconf 87' lang='lat' dir='ltr'><strong>suam</strong></span> <span class='ocrx_word' id='word_1_135' title='bbox 644 2099 815 2128; x_wconf 82' lang='lat' dir='ltr'><strong>auream</strong></span> <span class='ocrx_word' id='word_1_136' title='bbox 838 2085 1042 2129; x_wconf 86' lang='lat' dir='ltr'><strong>extende-</strong></span> 
     </span>
     <span class='ocr_line' id='line_1_24' title="bbox 188 2145 993 2198; baseline 0.006 -9"><span class='ocrx_word' id='word_1_137' title='bbox 188 2153 284 2198; x_wconf 75' lang='lat' dir='ltr'><strong>ret3</strong></span> <span class='ocrx_word' id='word_1_138' title='bbox 307 2145 383 2190; x_wconf 83' lang='lat' dir='ltr'><strong>sed</strong></span> <span class='ocrx_word' id='word_1_139' title='bbox 404 2161 430 2190; x_wconf 80' lang='lat' dir='ltr'><strong>a</strong></span> <span class='ocrx_word' id='word_1_140' title='bbox 451 2145 711 2192; x_wconf 88' lang='lat' dir='ltr'><strong>Domitiano</strong></span> <span class='ocrx_word' id='word_1_141' title='bbox 734 2149 993 2194; x_wconf 74' lang='lat' dir='ltr'><strong>restitutam.</strong></span> 
     </span>
    </p>

    <p class='ocr_par' dir='ltr' id='par_1_8' title="bbox 189 2212 1043 2401">
     <span class='ocr_line' id='line_1_25' title="bbox 247 2212 1043 2272; baseline 0.006 -18"><span class='ocrx_word' id='word_1_142' title='bbox 247 2212 310 2266; x_wconf 74' lang='grc'><strong>74.</strong></span> <span class='ocrx_word' id='word_1_143' title='bbox 333 2212 507 2272; x_wconf 56' lang='lat' dir='ltr'><strong>Eques</strong></span> <span class='ocrx_word' id='word_1_144' title='bbox 525 2246 536 2265; x_wconf 87' lang='lat'>,</span> <span class='ocrx_word' id='word_1_145' title='bbox 569 2219 614 2256; x_wconf 81' lang='lat' dir='ltr'><strong>et</strong></span> <span class='ocrx_word' id='word_1_146' title='bbox 639 2218 787 2258; x_wconf 53' lang='lat' dir='ltr'><strong>sini-to</strong></span> <span class='ocrx_word' id='word_1_147' title='bbox 816 2221 907 2258; x_wconf 76' lang='lat' dir='ltr'><strong>stat</strong></span> <span class='ocrx_word' id='word_1_148' title='bbox 917 2217 1043 2272; x_wconf 84' lang='lat' dir='ltr'><strong>serus</strong></span> 
     </span>
     <span class='ocr_line' id='line_1_26' title="bbox 189 2276 1042 2332; baseline 0.007 -15"><span class='ocrx_word' id='word_1_149' title='bbox 189 2291 288 2318; x_wconf 82' lang='lat' dir='ltr'><strong>ense</strong></span> <span class='ocrx_word' id='word_1_150' title='bbox 300 2282 436 2332; x_wconf 79' lang='lat' dir='ltr'><strong>paler.</strong></span> <span class='ocrx_word' id='word_1_151' title='bbox 457 2276 527 2322; x_wconf 88' lang='lat' dir='ltr'><strong>De</strong></span> <span class='ocrx_word' id='word_1_152' title='bbox 549 2279 729 2324; x_wconf 83' lang='lat' dir='ltr'><strong>Porticu</strong></span> <span class='ocrx_word' id='word_1_153' title='bbox 749 2279 905 2324; x_wconf 85' lang='lat' dir='ltr'><strong>eadem</strong></span> <span class='ocrx_word' id='word_1_154' title='bbox 926 2281 1042 2325; x_wconf 90' lang='lat' dir='ltr'><strong>Pro-</strong></span> 
     </span>
     <span class='ocr_line' id='line_1_27' title="bbox 195 2341 782 2401; baseline 0.009 -19"><span class='ocrx_word' id='word_1_155' title='bbox 195 2348 305 2396; x_wconf 91' lang='lat' dir='ltr'><strong>pert.</strong></span> <span class='ocrx_word' id='word_1_156' title='bbox 325 2354 388 2396; x_wconf 89' lang='lat'><strong>11,</strong></span> <span class='ocrx_word' id='word_1_157' title='bbox 412 2341 534 2401; x_wconf 87' lang='lat' dir='ltr'><strong>Eleg.</strong></span> <span class='ocrx_word' id='word_1_158' title='bbox 555 2357 698 2398; x_wconf 84' lang='lat' dir='ltr'><strong>xxm,</strong></span> <span class='ocrx_word' id='word_1_159' title='bbox 724 2345 750 2387; x_wconf 85' lang='lat'>3</span> <span class='ocrx_word' id='word_1_160' title='bbox 771 2360 782 2388; x_wconf 88' lang='lat'><strong>:</strong></span> 
     </span>
    </p>
   </div>
   <div class='ocr_carea' id='block_1_7' title="bbox 190 2415 1000 2518">
    <p class='ocr_par' dir='ltr' id='par_1_9' title="bbox 190 2415 1000 2518">
     <span class='ocr_line' id='line_1_28' title="bbox 190 2415 1000 2460; baseline 0.007 -14"><span class='ocrx_word' id='word_1_161' title='bbox 190 2415 274 2446; x_wconf 76' lang='lat' dir='ltr'><strong>Tot·</strong></span> <span class='ocrx_word' id='word_1_162' title='bbox 287 2422 354 2447; x_wconf 71' lang='lat' dir='ltr'><strong>eret</strong></span> <span class='ocrx_word' id='word_1_163' title='bbox 366 2415 401 2447; x_wconf 87' lang='lat' dir='ltr'><strong>in</strong></span> <span class='ocrx_word' id='word_1_164' title='bbox 416 2417 559 2458; x_wconf 69' lang='lat' dir='ltr'><strong>spatium</strong></span> <span class='ocrx_word' id='word_1_165' title='bbox 575 2418 682 2450; x_wconf 66' lang='lat' dir='ltr'><strong>Pamin</strong></span> <span class='ocrx_word' id='word_1_166' title='bbox 701 2418 825 2460; x_wconf 69' lang='lat' dir='ltr'><strong>digestu</strong></span> <span class='ocrx_word' id='word_1_167' title='bbox 839 2420 1000 2452; x_wconf 79' lang='lat' dir='ltr'><strong>columnis</strong></span> 
     </span>
     <span class='ocr_line' id='line_1_29' title="bbox 233 2477 895 2518; baseline 0.009 -13"><span class='ocrx_word' id='word_1_168' title='bbox 233 2477 324 2507; x_wconf 76' lang='lat' dir='ltr'><strong>Inter</strong></span> <span class='ocrx_word' id='word_1_169' title='bbox 333 2487 414 2518; x_wconf 72' lang='lat' dir='ltr'><strong>ques</strong></span> <span class='ocrx_word' id='word_1_170' title='bbox 425 2477 530 2510; x_wconf 68' lang='lat' dir='ltr'><strong>numi</strong></span> <span class='ocrx_word' id='word_1_171' title='bbox 546 2477 667 2510; x_wconf 69' lang='lat' dir='ltr'><strong>femin·</strong></span> <span class='ocrx_word' id='word_1_172' title='bbox 686 2478 782 2510; x_wconf 75' lang='lat' dir='ltr'><strong>turba</strong></span> <span class='ocrx_word' id='word_1_173' title='bbox 797 2481 895 2511; x_wconf 75' lang='lat' dir='ltr'><strong>senis.</strong></span> 
     </span>
    </p>
   </div>
   <div class='ocr_carea' id='block_1_8' title="bbox 159 2536 1041 3507">
    <p class='ocr_par' dir='ltr' id='par_1_10' title="bbox 193 2536 785 2591">
     <span class='ocr_line' id='line_1_30' title="bbox 193 2536 785 2591; baseline 0.003 -12"><span class='ocrx_word' id='word_1_174' title='bbox 193 2536 277 2580; x_wconf 83' lang='lat' dir='ltr'><strong>Vel</strong></span> <span class='ocrx_word' id='word_1_175' title='bbox 290 2569 302 2591; x_wconf 92' lang='lat'>,</span> <span class='ocrx_word' id='word_1_176' title='bbox 324 2546 375 2582; x_wconf 85' lang='lat' dir='ltr'><strong>ut</strong></span> <span class='ocrx_word' id='word_1_177' title='bbox 395 2538 454 2582; x_wconf 90' lang='lat' dir='ltr'><strong>ait</strong></span> <span class='ocrx_word' id='word_1_178' title='bbox 473 2538 572 2582; x_wconf 83' lang='lat' dir='ltr'><strong>alibi</strong></span> <span class='ocrx_word' id='word_1_179' title='bbox 593 2539 754 2585; x_wconf 86' lang='lat' dir='ltr'><strong>Noster</strong></span> <span class='ocrx_word' id='word_1_180' title='bbox 775 2553 785 2581; x_wconf 90' lang='lat'><strong>:</strong></span> 
     </span>
    </p>

    <p class='ocr_par' dir='ltr' id='par_1_11' title="bbox 162 2606 1041 2987">
     <span class='ocr_line' id='line_1_31' title="bbox 191 2606 956 2649; baseline 0.009 -12"><span class='ocrx_word' id='word_1_181' title='bbox 191 2606 287 2647; x_wconf 72' lang='lat' dir='ltr'><strong>Signa</strong></span> <span class='ocrx_word' id='word_1_182' title='bbox 299 2607 476 2649; x_wconf 69' lang='lat' dir='ltr'><strong>peregrinis</strong></span> <span class='ocrx_word' id='word_1_183' title='bbox 489 2608 546 2640; x_wconf 78' lang='lat' dir='ltr'><strong>ubi</strong></span> <span class='ocrx_word' id='word_1_184' title='bbox 561 2616 638 2642; x_wconf 82' lang='lat' dir='ltr'><strong>sunt</strong></span> <span class='ocrx_word' id='word_1_185' title='bbox 648 2610 771 2642; x_wconf 74' lang='lat' dir='ltr'><strong>altem</strong></span> <span class='ocrx_word' id='word_1_186' title='bbox 781 2612 956 2644; x_wconf 80' lang='lat' dir='ltr'><strong>columnis.</strong></span> 
     </span>
     <span class='ocr_line' id='line_1_32' title="bbox 193 2667 1039 2730; baseline 0.008 -19"><span class='ocrx_word' id='word_1_187' title='bbox 193 2667 329 2712; x_wconf 85' lang='lat' dir='ltr'><strong>Unde</strong></span> <span class='ocrx_word' id='word_1_188' title='bbox 362 2678 531 2714; x_wconf 86' lang='lat' dir='ltr'><strong>constat</strong></span> <span class='ocrx_word' id='word_1_189' title='bbox 559 2671 620 2715; x_wconf 85' lang='lat' dir='ltr'><strong>ita</strong></span> <span class='ocrx_word' id='word_1_190' title='bbox 652 2671 877 2730; x_wconf 85' lang='lat' dir='ltr'><strong>dispositas</strong></span> <span class='ocrx_word' id='word_1_191' title='bbox 910 2674 1039 2718; x_wconf 88' lang='lat' dir='ltr'><strong>suisse</strong></span> 
     </span>
     <span class='ocr_line' id='line_1_33' title="bbox 162 2732 1041 2799; baseline 0.008 -22"><span class='ocrx_word' id='word_1_192' title='bbox 162 2744 166 2747; x_wconf 84' lang='lat'>&#39;</span> <span class='ocrx_word' id='word_1_193' title='bbox 189 2732 446 2778; x_wconf 63' lang='lat' dir='ltr'><strong>Danaidum</strong></span> <span class='ocrx_word' id='word_1_194' title='bbox 492 2736 731 2795; x_wconf 79' lang='lat' dir='ltr'><strong>imagines,</strong></span> <span class='ocrx_word' id='word_1_195' title='bbox 782 2748 832 2783; x_wconf 88' lang='lat' dir='ltr'><strong>ut</strong></span> <span class='ocrx_word' id='word_1_196' title='bbox 861 2740 1041 2799; x_wconf 82' lang='lat' dir='ltr'><strong>singulae</strong></span> 
     </span>
     <span class='ocr_line' id='line_1_34' title="bbox 189 2798 1039 2849; baseline 0.008 -7"><span class='ocrx_word' id='word_1_197' title='bbox 189 2798 407 2845; x_wconf 74' lang='lat' dir='ltr'><strong>columnae</strong></span> <span class='ocrx_word' id='word_1_198' title='bbox 452 2816 588 2845; x_wconf 84' lang='lat' dir='ltr'><strong>unam</strong></span> <span class='ocrx_word' id='word_1_199' title='bbox 620 2801 836 2849; x_wconf 79' lang='lat' dir='ltr'><strong>haberent</strong></span> <span class='ocrx_word' id='word_1_200' title='bbox 872 2804 919 2848; x_wconf 89' lang='lat' dir='ltr'><strong>in</strong></span> <span class='ocrx_word' id='word_1_201' title='bbox 958 2805 1039 2849; x_wconf 89' lang='lat' dir='ltr'><strong>in-</strong></span> 
     </span>
     <span class='ocr_line' id='line_1_35' title="bbox 190 2864 1039 2928; baseline 0.013 -24"><span class='ocrx_word' id='word_1_202' title='bbox 190 2864 504 2910; x_wconf 77' lang='lat' dir='ltr'><strong>tercolumniis.</strong></span> <span class='ocrx_word' id='word_1_203' title='bbox 531 2867 716 2911; x_wconf 85' lang='lat' dir='ltr'><strong>Stabant</strong></span> <span class='ocrx_word' id='word_1_204' title='bbox 741 2877 788 2913; x_wconf 89' lang='lat' dir='ltr'><strong>et</strong></span> <span class='ocrx_word' id='word_1_205' title='bbox 817 2879 1039 2928; x_wconf 82' lang='lat' dir='ltr'><strong>equestres</strong></span> 
     </span>
     <span class='ocr_line' id='line_1_36' title="bbox 191 2924 484 2987; baseline 0.017 -17"><span class='ocrx_word' id='word_1_206' title='bbox 191 2924 484 2987; x_wconf 79' lang='lat' dir='ltr'><strong>AEgypti&#39;filii.</strong></span> 
     </span>
    </p>

    <p class='ocr_par' dir='ltr' id='par_1_12' title="bbox 159 2995 1040 3507">
     <span class='ocr_line' id='line_1_37' title="bbox 159 2995 1040 3056; baseline 0.012 -21"><span class='ocrx_word' id='word_1_207' title='bbox 159 3007 173 3014; x_wconf 68' lang='grc'><strong>“</strong></span> <span class='ocrx_word' id='word_1_208' title='bbox 245 2995 309 3051; x_wconf 84' lang='lat'><strong>75.</strong></span> <span class='ocrx_word' id='word_1_209' title='bbox 333 2997 425 3039; x_wconf 85' lang='lat' dir='ltr'><strong>Nec</strong></span> <span class='ocrx_word' id='word_1_210' title='bbox 441 3002 482 3039; x_wconf 74' lang='lat' dir='ltr'><strong>te</strong></span> <span class='ocrx_word' id='word_1_211' title='bbox 491 3002 711 3051; x_wconf 66' lang='lat' dir='ltr'><strong>pretereat</strong></span> <span class='ocrx_word' id='word_1_212' title='bbox 729 3002 1040 3056; x_wconf 76' lang='lat' dir='ltr'><strong>Veneriplora-</strong></span> 
     </span>
     <span class='ocr_line' id='line_1_38' title="bbox 189 3059 1039 3122; baseline 0.013 -23"><span class='ocrx_word' id='word_1_213' title='bbox 189 3063 258 3100; x_wconf 81' lang='lat' dir='ltr'><strong>tus</strong></span> <span class='ocrx_word' id='word_1_214' title='bbox 267 3059 541 3104; x_wconf 68' lang='lat' dir='ltr'><strong>Ad0n12e.Nec</strong></span> <span class='ocrx_word' id='word_1_215' title='bbox 551 3063 722 3106; x_wconf 83' lang='lat' dir='ltr'><strong>omittat</strong></span> <span class='ocrx_word' id='word_1_216' title='bbox 732 3065 1039 3122; x_wconf 77' lang='lat' dir='ltr'><strong>proecipitAdo-</strong></span> 
     </span>
     <span class='ocr_line' id='line_1_39' title="bbox 188 3123 1039 3189; baseline 0.014 -26"><span class='ocrx_word' id='word_1_217' title='bbox 188 3126 263 3164; x_wconf 80' lang='lat' dir='ltr'><strong>nia</strong></span> <span class='ocrx_word' id='word_1_218' title='bbox 278 3156 290 3174; x_wconf 92' lang='lat'><em>,</em></span> <span class='ocrx_word' id='word_1_219' title='bbox 316 3138 412 3179; x_wconf 75' lang='lat' dir='ltr'><strong>quae</strong></span> <span class='ocrx_word' id='word_1_220' title='bbox 426 3123 471 3166; x_wconf 89' lang='lat' dir='ltr'><strong>in</strong></span> <span class='ocrx_word' id='word_1_221' title='bbox 489 3124 580 3168; x_wconf 81' lang='lat' dir='ltr'><strong>aede</strong></span> <span class='ocrx_word' id='word_1_222' title='bbox 595 3127 783 3171; x_wconf 82' lang='lat' dir='ltr'><strong>Veneris</strong></span> <span class='ocrx_word' id='word_1_223' title='bbox 799 3161 811 3183; x_wconf 91' lang='lat'>‚</span> <span class='ocrx_word' id='word_1_224' title='bbox 835 3129 922 3173; x_wconf 90' lang='lat' dir='ltr'><strong>ritu</strong></span> <span class='ocrx_word' id='word_1_225' title='bbox 943 3131 1039 3189; x_wconf 72' lang='lat' dir='ltr'><strong>Sy-</strong></span> 
     </span>
     <span class='ocr_line' id='line_1_40' title="bbox 189 3186 1040 3247; baseline 0.011 -18"><span class='ocrx_word' id='word_1_226' title='bbox 189 3186 310 3230; x_wconf 89' lang='lat' dir='ltr'><strong>riaco</strong></span> <span class='ocrx_word' id='word_1_227' title='bbox 324 3186 488 3232; x_wconf 84' lang='lat' dir='ltr'><strong>fiebant</strong></span> <span class='ocrx_word' id='word_1_228' title='bbox 502 3221 513 3243; x_wconf 96' lang='lat'>,</span> <span class='ocrx_word' id='word_1_229' title='bbox 532 3189 632 3245; x_wconf 86' lang='lat' dir='ltr'><strong>quia</strong></span> <span class='ocrx_word' id='word_1_230' title='bbox 642 3191 848 3247; x_wconf 79' lang='lat' dir='ltr'><strong>frequens</strong></span> <span class='ocrx_word' id='word_1_231' title='bbox 859 3193 931 3237; x_wconf 86' lang='lat' dir='ltr'><strong>bic</strong></span> <span class='ocrx_word' id='word_1_232' title='bbox 945 3211 1040 3238; x_wconf 88' lang='lat' dir='ltr'><strong>mu-</strong></span> 
     </span>
     <span class='ocr_line' id='line_1_41' title="bbox 188 3251 1039 3314; baseline 0.012 -20"><span class='ocrx_word' id='word_1_233' title='bbox 188 3251 350 3295; x_wconf 88' lang='lat' dir='ltr'><strong>lierum</strong></span> <span class='ocrx_word' id='word_1_234' title='bbox 371 3269 605 3298; x_wconf 84' lang='lat' dir='ltr'><strong>concursus</strong></span> <span class='ocrx_word' id='word_1_235' title='bbox 623 3287 634 3309; x_wconf 92' lang='lat'>,</span> <span class='ocrx_word' id='word_1_236' title='bbox 667 3259 731 3298; x_wconf 85' lang='lat' dir='ltr'><strong>ad</strong></span> <span class='ocrx_word' id='word_1_237' title='bbox 743 3260 1039 3314; x_wconf 78' lang='lat' dir='ltr'><strong>deplorandam</strong></span> 
     </span>
     <span class='ocr_line' id='line_1_42' title="bbox 191 3317 1038 3378; baseline 0.011 -18"><span class='ocrx_word' id='word_1_238' title='bbox 191 3317 408 3361; x_wconf 80' lang='lat' dir='ltr'><strong>Adonidis</strong></span> <span class='ocrx_word' id='word_1_239' title='bbox 441 3329 648 3363; x_wconf 82' lang='lat' dir='ltr'><strong>mortem.</strong></span> <span class='ocrx_word' id='word_1_240' title='bbox 679 3321 767 3374; x_wconf 86' lang='lat' dir='ltr'><strong>Sed</strong></span> <span class='ocrx_word' id='word_1_241' title='bbox 800 3337 896 3378; x_wconf 84' lang='lat' dir='ltr'><strong>quae</strong></span> <span class='ocrx_word' id='word_1_242' title='bbox 921 3340 1038 3378; x_wconf 79' lang='lat' dir='ltr'><strong>sacra</strong></span> 
     </span>
     <span class='ocr_line' id='line_1_43' title="bbox 190 3383 1039 3442; baseline 0.009 -16"><span class='ocrx_word' id='word_1_243' title='bbox 190 3383 374 3439; x_wconf 84' lang='lat' dir='ltr'><strong>ejulatus</strong></span> <span class='ocrx_word' id='word_1_244' title='bbox 397 3387 594 3442; x_wconf 90' lang='lat' dir='ltr'><strong>primum</strong></span> <span class='ocrx_word' id='word_1_245' title='bbox 614 3386 881 3431; x_wconf 86' lang='lat' dir='ltr'><strong>inchoabant</strong></span> <span class='ocrx_word' id='word_1_246' title='bbox 905 3398 949 3433; x_wconf 90' lang='lat' dir='ltr'><strong>et</strong></span> <span class='ocrx_word' id='word_1_247' title='bbox 967 3391 1039 3434; x_wconf 83' lang='lat' dir='ltr'><strong>la-</strong></span> 
     </span>
     <span class='ocr_line' id='line_1_44' title="bbox 190 3450 1034 3507; baseline 0.009 -15"><span class='ocrx_word' id='word_1_248' title='bbox 190 3457 339 3493; x_wconf 83' lang='lat' dir='ltr'><strong>menta</strong></span> <span class='ocrx_word' id='word_1_249' title='bbox 356 3482 367 3505; x_wconf 92' lang='lat'>,</span> <span class='ocrx_word' id='word_1_250' title='bbox 417 3450 571 3507; x_wconf 80' lang='lat' dir='ltr'><strong>gaudia</strong></span> <span class='ocrx_word' id='word_1_251' title='bbox 599 3467 700 3495; x_wconf 83' lang='lat' dir='ltr'><strong>mox</strong></span> <span class='ocrx_word' id='word_1_252' title='bbox 733 3461 776 3495; x_wconf 88' lang='lat' dir='ltr'><strong>et</strong></span> <span class='ocrx_word' id='word_1_253' title='bbox 810 3454 1034 3500; x_wconf 84' lang='lat' dir='ltr'><strong>immodici</strong></span> 
     </span>
    </p>
   </div>
   <div class='ocr_carea' id='block_1_9' title="bbox 1118 1298 1976 2916">
    <p class='ocr_par' dir='ltr' id='par_1_13' title="bbox 1120 1298 1970 1605">
     <span class='ocr_line' id='line_1_45' title="bbox 1121 1298 1963 1357; baseline -0.001 -14"><span class='ocrx_word' id='word_1_254' title='bbox 1121 1299 1279 1343; x_wconf 70' lang='lat' dir='ltr'><strong>laetitiae</strong></span> <span class='ocrx_word' id='word_1_255' title='bbox 1289 1299 1476 1357; x_wconf 89' lang='lat' dir='ltr'><strong>impetus</strong></span> <span class='ocrx_word' id='word_1_256' title='bbox 1489 1298 1771 1356; x_wconf 82' lang='lat' dir='ltr'><strong>excipiebant,</strong></span> <span class='ocrx_word' id='word_1_257' title='bbox 1789 1298 1862 1355; x_wconf 89' lang='lat' dir='ltr'><strong>qui</strong></span> <span class='ocrx_word' id='word_1_258' title='bbox 1876 1299 1963 1342; x_wconf 88' lang='lat' dir='ltr'><strong>red-</strong></span> 
     </span>
     <span class='ocr_line' id='line_1_46' title="bbox 1121 1363 1964 1408; baseline 0 -1"><span class='ocrx_word' id='word_1_259' title='bbox 1121 1363 1264 1408; x_wconf 89' lang='lat' dir='ltr'><strong>ditum</strong></span> <span class='ocrx_word' id='word_1_260' title='bbox 1278 1363 1360 1408; x_wconf 93' lang='lat' dir='ltr'><strong>luci</strong></span> <span class='ocrx_word' id='word_1_261' title='bbox 1378 1363 1584 1407; x_wconf 82' lang='lat' dir='ltr'><strong>Adonem</strong></span> <span class='ocrx_word' id='word_1_262' title='bbox 1596 1363 1964 1408; x_wconf 84' lang='lat' dir='ltr'><strong>concelebrarent.</strong></span> 
     </span>
     <span class='ocr_line' id='line_1_47' title="bbox 1122 1429 1965 1488; baseline -0.004 -14"><span class='ocrx_word' id='word_1_263' title='bbox 1122 1430 1327 1488; x_wconf 84' lang='lat' dir='ltr'><strong>Figurate</strong></span> <span class='ocrx_word' id='word_1_264' title='bbox 1344 1429 1435 1473; x_wconf 77' lang='lat' dir='ltr'><strong>haec</strong></span> <span class='ocrx_word' id='word_1_265' title='bbox 1449 1429 1599 1472; x_wconf 87' lang='lat' dir='ltr'><strong>omnia</strong></span> <span class='ocrx_word' id='word_1_266' title='bbox 1614 1462 1626 1484; x_wconf 87' lang='lat'><em>,</em></span> <span class='ocrx_word' id='word_1_267' title='bbox 1647 1444 1743 1486; x_wconf 79' lang='lat' dir='ltr'><strong>quae</strong></span> <span class='ocrx_word' id='word_1_268' title='bbox 1758 1430 1965 1486; x_wconf 86' lang='lat' dir='ltr'><strong>tropicam</strong></span> 
     </span>
     <span class='ocr_line' id='line_1_48' title="bbox 1120 1495 1970 1554; baseline -0.002 -14"><span class='ocrx_word' id='word_1_269' title='bbox 1120 1504 1431 1554; x_wconf 83' lang='lat' dir='ltr'><strong>tempestatum</strong></span> <span class='ocrx_word' id='word_1_270' title='bbox 1446 1496 1548 1538; x_wconf 88' lang='lat' dir='ltr'><strong>anni</strong></span> <span class='ocrx_word' id='word_1_271' title='bbox 1562 1495 1894 1539; x_wconf 82' lang='lat' dir='ltr'><strong>conversionem</strong></span> <span class='ocrx_word' id='word_1_272' title='bbox 1910 1496 1970 1538; x_wconf 74' lang='lat' dir='ltr'><strong>in-v</strong></span> 
     </span>
     <span class='ocr_line' id='line_1_49' title="bbox 1126 1561 1335 1605; baseline -0.01 0"><span class='ocrx_word' id='word_1_273' title='bbox 1126 1561 1335 1605; x_wconf 88' lang='lat' dir='ltr'><strong>dicarent.</strong></span> 
     </span>
    </p>

    <p class='ocr_par' dir='ltr' id='par_1_14' title="bbox 1122 1626 1971 2059">
     <span class='ocr_line' id='line_1_50' title="bbox 1179 1626 1970 1684; baseline -0.005 -14"><span class='ocrx_word' id='word_1_274' title='bbox 1179 1626 1242 1684; x_wconf 76' lang='lat'><strong>76.</strong></span> <span class='ocrx_word' id='word_1_275' title='bbox 1268 1628 1469 1682; x_wconf 70' lang='lat' dir='ltr'><strong>Culquue</strong></span> <span class='ocrx_word' id='word_1_276' title='bbox 1487 1627 1637 1669; x_wconf 72' lang='lat' dir='ltr'><strong>Jndaeo</strong></span> <span class='ocrx_word' id='word_1_277' title='bbox 1653 1630 1831 1681; x_wconf 76' lang='lat' dir='ltr'><strong>septima</strong></span> <span class='ocrx_word' id='word_1_278' title='bbox 1844 1639 1970 1667; x_wconf 83' lang='lat' dir='ltr'><strong>sacra</strong></span> 
     </span>
     <span class='ocr_line' id='line_1_51' title="bbox 1123 1688 1970 1748; baseline -0.002 -15"><span class='ocrx_word' id='word_1_279' title='bbox 1123 1690 1237 1748; x_wconf 83' lang='lat' dir='ltr'><strong>Sym.</strong></span> <span class='ocrx_word' id='word_1_280' title='bbox 1257 1691 1360 1748; x_wconf 76' lang='lat' dir='ltr'><strong>Sym</strong></span> <span class='ocrx_word' id='word_1_281' title='bbox 1370 1690 1536 1746; x_wconf 89' lang='lat' dir='ltr'><strong>optime</strong></span> <span class='ocrx_word' id='word_1_282' title='bbox 1558 1688 1850 1745; x_wconf 70' lang='lat' dir='ltr'><strong>Bodleianum</strong></span> <span class='ocrx_word' id='word_1_283' title='bbox 1862 1689 1970 1744; x_wconf 76' lang='lat' dir='ltr'><strong>frag—</strong></span> 
     </span>
     <span class='ocr_line' id='line_1_52' title="bbox 1122 1754 1969 1812; baseline -0.002 -13"><span class='ocrx_word' id='word_1_284' title='bbox 1122 1763 1327 1799; x_wconf 88' lang='lat' dir='ltr'><strong>mentum</strong></span> <span class='ocrx_word' id='word_1_285' title='bbox 1342 1787 1354 1810; x_wconf 87' lang='lat'>,</span> <span class='ocrx_word' id='word_1_286' title='bbox 1373 1770 1453 1812; x_wconf 88' lang='lat' dir='ltr'><strong>pro</strong></span> <span class='ocrx_word' id='word_1_287' title='bbox 1475 1754 1641 1798; x_wconf 81' lang='lat' dir='ltr'><strong>diversa</strong></span> <span class='ocrx_word' id='word_1_288' title='bbox 1660 1754 1858 1797; x_wconf 86' lang='lat' dir='ltr'><strong>lectione.</strong></span> <span class='ocrx_word' id='word_1_289' title='bbox 1881 1754 1969 1798; x_wconf 85' lang='lat' dir='ltr'><strong>Nisi</strong></span> 
     </span>
     <span class='ocr_line' id='line_1_53' title="bbox 1124 1818 1968 1878; baseline 0 -16"><span class='ocrx_word' id='word_1_290' title='bbox 1124 1818 1241 1876; x_wconf 88' lang='lat' dir='ltr'><strong>quod</strong></span> <span class='ocrx_word' id='word_1_291' title='bbox 1268 1822 1449 1862; x_wconf 75' lang='lat' dir='ltr'><strong>Idumaeo</strong></span> <span class='ocrx_word' id='word_1_292' title='bbox 1474 1820 1579 1878; x_wconf 77' lang='lat' dir='ltr'><strong>Sym</strong></span> <span class='ocrx_word' id='word_1_293' title='bbox 1607 1819 1763 1876; x_wconf 88' lang='lat' dir='ltr'><strong>reponi</strong></span> <span class='ocrx_word' id='word_1_294' title='bbox 1794 1818 1968 1862; x_wconf 78' lang='lat' dir='ltr'><strong>malim2</strong></span> 
     </span>
     <span class='ocr_line' id='line_1_54' title="bbox 1122 1885 1971 1943; baseline -0.002 -15"><span class='ocrx_word' id='word_1_295' title='bbox 1122 1885 1241 1942; x_wconf 85' lang='lat' dir='ltr'><strong>quod</strong></span> <span class='ocrx_word' id='word_1_296' title='bbox 1268 1885 1403 1943; x_wconf 76' lang='lat' dir='ltr'><strong>magis</strong></span> <span class='ocrx_word' id='word_1_297' title='bbox 1426 1886 1661 1943; x_wconf 88' lang='lat' dir='ltr'><strong>poeticum.</strong></span> <span class='ocrx_word' id='word_1_298' title='bbox 1695 1885 1768 1930; x_wconf 91' lang='lat' dir='ltr'><strong>Sic</strong></span> <span class='ocrx_word' id='word_1_299' title='bbox 1787 1895 1832 1930; x_wconf 91' lang='lat' dir='ltr'><strong>et</strong></span> <span class='ocrx_word' id='word_1_300' title='bbox 1858 1887 1971 1929; x_wconf 67' lang='lat' dir='ltr'><strong>infr..</strong></span> 
     </span>
     <span class='ocr_line' id='line_1_55' title="bbox 1123 1949 1971 2005; baseline 0.001 -13"><span class='ocrx_word' id='word_1_301' title='bbox 1123 1949 1229 2005; x_wconf 79' lang='lat'><strong>416,</strong></span> <span class='ocrx_word' id='word_1_302' title='bbox 1251 1950 1450 1994; x_wconf 88' lang='lat' dir='ltr'><strong>similiter</strong></span> <span class='ocrx_word' id='word_1_303' title='bbox 1481 1965 1532 1993; x_wconf 86' lang='lat' dir='ltr'><strong>ex</strong></span> <span class='ocrx_word' id='word_1_304' title='bbox 1564 1950 1780 1994; x_wconf 87' lang='lat' dir='ltr'><strong>Puteanei</strong></span> <span class='ocrx_word' id='word_1_305' title='bbox 1801 1965 1971 2005; x_wconf 79' lang='lat' dir='ltr'><strong>excerp-</strong></span> 
     </span>
     <span class='ocr_line' id='line_1_56' title="bbox 1123 2014 1515 2059; baseline 0 -1"><span class='ocrx_word' id='word_1_306' title='bbox 1123 2014 1179 2058; x_wconf 84' lang='lat' dir='ltr'><strong>tis</strong></span> <span class='ocrx_word' id='word_1_307' title='bbox 1200 2014 1483 2059; x_wconf 87' lang='lat' dir='ltr'><strong>scribendum</strong></span> <span class='ocrx_word' id='word_1_308' title='bbox 1505 2030 1515 2058; x_wconf 68' lang='grc' dir='ltr'>ε</span> 
     </span>
    </p>

    <p class='ocr_par' dir='ltr' id='par_1_15' title="bbox 1161 2084 1806 2125">
     <span class='ocr_line' id='line_1_57' title="bbox 1161 2084 1806 2125; baseline -0.002 -9"><span class='ocrx_word' id='word_1_309' title='bbox 1161 2085 1257 2116; x_wconf 73' lang='lat' dir='ltr'><strong>eun·</strong></span> <span class='ocrx_word' id='word_1_310' title='bbox 1271 2084 1444 2116; x_wconf 69' lang='lat' dir='ltr'><strong>Palo-tino</strong></span> <span class='ocrx_word' id='word_1_311' title='bbox 1457 2085 1595 2125; x_wconf 75' lang='lat' dir='ltr'><strong>septim</strong></span> <span class='ocrx_word' id='word_1_312' title='bbox 1607 2094 1697 2115; x_wconf 72' lang='lat' dir='ltr'><strong>sacru</strong></span> <span class='ocrx_word' id='word_1_313' title='bbox 1709 2085 1806 2125; x_wconf 80' lang='lat' dir='ltr'><strong>Syro.</strong></span> 
     </span>
    </p>

    <p class='ocr_par' dir='ltr' id='par_1_16' title="bbox 1122 2133 1970 2201">
     <span class='ocr_line' id='line_1_58' title="bbox 1122 2133 1970 2201; baseline -0.005 -10"><span class='ocrx_word' id='word_1_314' title='bbox 1122 2147 1239 2191; x_wconf 88' lang='lat' dir='ltr'><strong>Nam</strong></span> <span class='ocrx_word' id='word_1_315' title='bbox 1259 2154 1304 2190; x_wconf 90' lang='lat' dir='ltr'><strong>et</strong></span> <span class='ocrx_word' id='word_1_316' title='bbox 1320 2133 1406 2189; x_wconf 82' lang='lat' dir='ltr'><strong>iui‘c</strong></span> <span class='ocrx_word' id='word_1_317' title='bbox 1425 2148 1516 2188; x_wconf 79' lang='lat' dir='ltr'><strong>w‘ro</strong></span> <span class='ocrx_word' id='word_1_318' title='bbox 1536 2145 1775 2201; x_wconf 76' lang='lat' dir='ltr'><strong>legebatur.</strong></span> <span class='ocrx_word' id='word_1_319' title='bbox 1801 2146 1970 2189; x_wconf 78' lang='lat' dir='ltr'><strong>Hmns.</strong></span> 
     </span>
    </p>

    <p class='ocr_par' dir='ltr' id='par_1_17' title="bbox 1118 2209 1976 2860">
     <span class='ocr_line' id='line_1_59' title="bbox 1178 2209 1970 2268; baseline 0.001 -15"><span class='ocrx_word' id='word_1_320' title='bbox 1178 2228 1242 2268; x_wconf 89' lang='lat'><strong>77.</strong></span> <span class='ocrx_word' id='word_1_321' title='bbox 1270 2212 1363 2255; x_wconf 70' lang='lat' dir='ltr'><strong>Neu</strong></span> <span class='ocrx_word' id='word_1_322' title='bbox 1375 2209 1487 2265; x_wconf 70' lang='lat' dir='ltr'><strong>suge</strong></span> <span class='ocrx_word' id='word_1_323' title='bbox 1514 2213 1709 2265; x_wconf 54' lang='lat' dir='ltr'><strong>lingere.</strong></span> <span class='ocrx_word' id='word_1_324' title='bbox 1737 2210 1852 2254; x_wconf 84' lang='lat' dir='ltr'><strong>Vide</strong></span> <span class='ocrx_word' id='word_1_325' title='bbox 1873 2227 1970 2267; x_wconf 80' lang='lat' dir='ltr'><strong>quae</strong></span> 
     </span>
     <span class='ocr_line' id='line_1_60' title="bbox 1120 2274 1974 2332; baseline 0.001 -14"><span class='ocrx_word' id='word_1_326' title='bbox 1120 2276 1211 2332; x_wconf 82' lang='lat' dir='ltr'><strong>jam</strong></span> <span class='ocrx_word' id='word_1_327' title='bbox 1233 2275 1286 2319; x_wconf 88' lang='lat' dir='ltr'><strong>de</strong></span> <span class='ocrx_word' id='word_1_328' title='bbox 1307 2276 1436 2319; x_wconf 92' lang='lat' dir='ltr'><strong>sacris</strong></span> <span class='ocrx_word' id='word_1_329' title='bbox 1451 2283 1495 2318; x_wconf 88' lang='lat' dir='ltr'><strong>et</strong></span> <span class='ocrx_word' id='word_1_330' title='bbox 1508 2283 1625 2318; x_wconf 88' lang='lat' dir='ltr'><strong>casto</strong></span> <span class='ocrx_word' id='word_1_331' title='bbox 1639 2274 1763 2318; x_wconf 76' lang='lat' dir='ltr'><strong>Isidis</strong></span> <span class='ocrx_word' id='word_1_332' title='bbox 1777 2275 1974 2331; x_wconf 76' lang='lat' dir='ltr'><strong>praedixi-</strong></span> 
     </span>
     <span class='ocr_line' id='line_1_61' title="bbox 1120 2340 1972 2398; baseline 0.001 -16"><span class='ocrx_word' id='word_1_333' title='bbox 1120 2355 1244 2395; x_wconf 87' lang='lat' dir='ltr'><strong>mus,</strong></span> <span class='ocrx_word' id='word_1_334' title='bbox 1269 2340 1322 2384; x_wconf 85' lang='lat' dir='ltr'><strong>ad</strong></span> <span class='ocrx_word' id='word_1_335' title='bbox 1344 2340 1414 2383; x_wconf 85' lang='lat' dir='ltr'><strong>lib.</strong></span> <span class='ocrx_word' id='word_1_336' title='bbox 1435 2354 1473 2383; x_wconf 89' lang='lat'><strong>11</strong></span> <span class='ocrx_word' id='word_1_337' title='bbox 1487 2372 1499 2394; x_wconf 88' lang='lat'><strong><em>‚</em></strong></span> <span class='ocrx_word' id='word_1_338' title='bbox 1524 2340 1647 2398; x_wconf 82' lang='lat' dir='ltr'><strong>Eleg.</strong></span> <span class='ocrx_word' id='word_1_339' title='bbox 1663 2353 1701 2382; x_wconf 85' lang='lat'><strong>11</strong></span> <span class='ocrx_word' id='word_1_340' title='bbox 1718 2373 1732 2394; x_wconf 89' lang='lat'>,</span> <span class='ocrx_word' id='word_1_341' title='bbox 1751 2344 1818 2383; x_wconf 82' lang='lat'><strong>25.</strong></span> <span class='ocrx_word' id='word_1_342' title='bbox 1836 2340 1972 2384; x_wconf 78' lang='lat' dir='ltr'><strong>Plura</strong></span> 
     </span>
     <span class='ocr_line' id='line_1_62' title="bbox 1121 2405 1972 2462; baseline 0 -14"><span class='ocrx_word' id='word_1_343' title='bbox 1121 2405 1301 2461; x_wconf 88' lang='lat' dir='ltr'><strong>quidem</strong></span> <span class='ocrx_word' id='word_1_344' title='bbox 1321 2406 1503 2448; x_wconf 80' lang='lat' dir='ltr'><strong>fuerunt</strong></span> <span class='ocrx_word' id='word_1_345' title='bbox 1521 2405 1568 2447; x_wconf 88' lang='lat' dir='ltr'><strong>in</strong></span> <span class='ocrx_word' id='word_1_346' title='bbox 1585 2405 1692 2448; x_wconf 82' lang='lat' dir='ltr'><strong>urbe</strong></span> <span class='ocrx_word' id='word_1_347' title='bbox 1713 2405 1875 2462; x_wconf 86' lang='lat' dir='ltr'><strong>templa</strong></span> <span class='ocrx_word' id='word_1_348' title='bbox 1895 2406 1972 2449; x_wconf 89' lang='lat' dir='ltr'><strong>Isi-</strong></span> 
     </span>
     <span class='ocr_line' id='line_1_63' title="bbox 1121 2470 1972 2529; baseline 0.001 -16"><span class='ocrx_word' id='word_1_349' title='bbox 1121 2471 1186 2515; x_wconf 89' lang='lat' dir='ltr'><strong>dis</strong></span> <span class='ocrx_word' id='word_1_350' title='bbox 1198 2488 1207 2515; x_wconf 88' lang='lat'>:</span> <span class='ocrx_word' id='word_1_351' title='bbox 1219 2480 1263 2514; x_wconf 87' lang='lat' dir='ltr'><strong>at</strong></span> <span class='ocrx_word' id='word_1_352' title='bbox 1274 2486 1420 2515; x_wconf 81' lang='lat' dir='ltr'><strong>sermo</strong></span> <span class='ocrx_word' id='word_1_353' title='bbox 1431 2470 1501 2513; x_wconf 89' lang='lat' dir='ltr'><strong>hic</strong></span> <span class='ocrx_word' id='word_1_354' title='bbox 1523 2470 1576 2513; x_wconf 88' lang='lat' dir='ltr'><strong>de</strong></span> <span class='ocrx_word' id='word_1_355' title='bbox 1592 2470 1666 2513; x_wconf 91' lang='lat' dir='ltr'><strong>illo</strong></span> <span class='ocrx_word' id='word_1_356' title='bbox 1680 2471 1837 2529; x_wconf 82' lang='lat' dir='ltr'><strong>agitur,</strong></span> <span class='ocrx_word' id='word_1_357' title='bbox 1853 2472 1972 2528; x_wconf 85' lang='lat' dir='ltr'><strong>quod</strong></span> 
     </span>
     <span class='ocr_line' id='line_1_64' title="bbox 1120 2535 1972 2594; baseline 0.002 -16"><span class='ocrx_word' id='word_1_358' title='bbox 1120 2544 1215 2578; x_wconf 86' lang='lat' dir='ltr'><strong>erat</strong></span> <span class='ocrx_word' id='word_1_359' title='bbox 1233 2536 1279 2579; x_wconf 88' lang='lat' dir='ltr'><strong>in</strong></span> <span class='ocrx_word' id='word_1_360' title='bbox 1297 2535 1469 2593; x_wconf 88' lang='lat' dir='ltr'><strong>Campo</strong></span> <span class='ocrx_word' id='word_1_361' title='bbox 1485 2536 1650 2579; x_wconf 81' lang='lat' dir='ltr'><strong>Martio</strong></span> <span class='ocrx_word' id='word_1_362' title='bbox 1661 2569 1673 2590; x_wconf 93' lang='lat'>‚</span> <span class='ocrx_word' id='word_1_363' title='bbox 1689 2552 1824 2594; x_wconf 83' lang='lat' dir='ltr'><strong>prope</strong></span> <span class='ocrx_word' id='word_1_364' title='bbox 1839 2544 1972 2592; x_wconf 71' lang='lat' dir='ltr'><strong>septa.</strong></span> 
     </span>
     <span class='ocr_line' id='line_1_65' title="bbox 1119 2601 1976 2659; baseline 0.001 -16"><span class='ocrx_word' id='word_1_365' title='bbox 1119 2615 1218 2657; x_wconf 73' lang='lat' dir='ltr'><strong>quae</strong></span> <span class='ocrx_word' id='word_1_366' title='bbox 1231 2602 1351 2644; x_wconf 70' lang='lat' dir='ltr'><strong>Oet‘le</strong></span> <span class='ocrx_word' id='word_1_367' title='bbox 1362 2601 1587 2657; x_wconf 86' lang='lat' dir='ltr'><strong>quondam</strong></span> <span class='ocrx_word' id='word_1_368' title='bbox 1602 2601 1842 2657; x_wconf 84' lang='lat' dir='ltr'><strong>dictasunt,</strong></span> <span class='ocrx_word' id='word_1_369' title='bbox 1856 2603 1976 2659; x_wconf 82' lang='lat' dir='ltr'><strong>quod</strong></span> 
     </span>
     <span class='ocr_line' id='line_1_66' title="bbox 1119 2668 1974 2728; baseline 0.002 -17"><span class='ocrx_word' id='word_1_370' title='bbox 1119 2668 1182 2711; x_wconf 84' lang='lat' dir='ltr'><strong>ibi</strong></span> <span class='ocrx_word' id='word_1_371' title='bbox 1203 2668 1414 2726; x_wconf 88' lang='lat' dir='ltr'><strong>populus,</strong></span> <span class='ocrx_word' id='word_1_372' title='bbox 1437 2668 1490 2712; x_wconf 84' lang='lat' dir='ltr'><strong>ad</strong></span> <span class='ocrx_word' id='word_1_373' title='bbox 1509 2669 1720 2713; x_wconf 88' lang='lat' dir='ltr'><strong>creandos</strong></span> <span class='ocrx_word' id='word_1_374' title='bbox 1739 2670 1974 2728; x_wconf 81' lang='lat' dir='ltr'><strong>magistra-—</strong></span> 
     </span>
     <span class='ocr_line' id='line_1_67' title="bbox 1118 2734 1973 2792; baseline -0.002 -15"><span class='ocrx_word' id='word_1_375' title='bbox 1118 2742 1189 2778; x_wconf 88' lang='lat' dir='ltr'><strong>tus</strong></span> <span class='ocrx_word' id='word_1_376' title='bbox 1200 2767 1213 2790; x_wconf 91' lang='lat'><strong><em>‚</em></strong></span> <span class='ocrx_word' id='word_1_377' title='bbox 1229 2734 1349 2778; x_wconf 83' lang='lat' dir='ltr'><strong>velut</strong></span> <span class='ocrx_word' id='word_1_378' title='bbox 1367 2734 1558 2778; x_wconf 86' lang='lat' dir='ltr'><strong>inclusus</strong></span> <span class='ocrx_word' id='word_1_379' title='bbox 1576 2744 1818 2792; x_wconf 83' lang='lat' dir='ltr'><strong>cogeretur.</strong></span> <span class='ocrx_word' id='word_1_380' title='bbox 1839 2734 1973 2778; x_wconf 72' lang='lat' dir='ltr'><strong>Unel.-</strong></span> 
     </span>
     <span class='ocr_line' id='line_1_68' title="bbox 1119 2799 1510 2860; baseline 0.003 -18"><span class='ocrx_word' id='word_1_381' title='bbox 1119 2799 1281 2844; x_wconf 83' lang='lat' dir='ltr'><strong>Juven.</strong></span> <span class='ocrx_word' id='word_1_382' title='bbox 1299 2813 1377 2854; x_wconf 77' lang='lat' dir='ltr'><strong>vl,</strong></span> <span class='ocrx_word' id='word_1_383' title='bbox 1400 2803 1510 2860; x_wconf 77' lang='lat'><strong>⁵²9³</strong></span> 
     </span>
    </p>

    <p class='ocr_par' dir='ltr' id='par_1_18' title="bbox 1470 2876 1869 2916">
     <span class='ocr_line' id='line_1_69' title="bbox 1533 2876 1869 2916; baseline 0 -9"><span class='ocrx_word' id='word_1_384' title='bbox 1533 2876 1582 2907; x_wconf 85' lang='lat' dir='ltr'><strong>Ut</strong></span> <span class='ocrx_word' id='word_1_385' title='bbox 1594 2882 1722 2916; x_wconf 68' lang='lat' dir='ltr'><strong>spergat</strong></span> <span class='ocrx_word' id='word_1_386' title='bbox 1738 2876 1771 2906; x_wconf 85' lang='lat' dir='ltr'><strong>in</strong></span> <span class='ocrx_word' id='word_1_387' title='bbox 1786 2876 1869 2907; x_wconf 80' lang='lat' dir='ltr'><strong>AEde</strong></span> 
     </span>
    </p>
   </div>
   <div class='ocr_carea' id='block_1_10' title="bbox 1055 2938 1875 2981">
    <p class='ocr_par' dir='ltr' id='par_1_19' title="bbox 1055 2938 1875 2981">
     <span class='ocr_line' id='line_1_70' title="bbox 1055 2938 1875 2981; baseline 0 -12"><span class='ocrx_word' id='word_1_388' title='bbox 1055 2950 1057 2952; x_wconf 88' lang='lat'>·</span> <span class='ocrx_word' id='word_1_389' title='bbox 1118 2938 1218 2970; x_wconf 76' lang='lat' dir='ltr'><strong>Isidis</strong></span> <span class='ocrx_word' id='word_1_390' title='bbox 1229 2962 1240 2977; x_wconf 89' lang='lat'><em>,</em></span> <span class='ocrx_word' id='word_1_391' title='bbox 1252 2939 1388 2981; x_wconf 75' lang='lat' dir='ltr'><strong>antiquo</strong></span> <span class='ocrx_word' id='word_1_392' title='bbox 1401 2950 1476 2980; x_wconf 67' lang='lat' dir='ltr'><strong>qno</strong></span> <span class='ocrx_word' id='word_1_393' title='bbox 1487 2938 1637 2978; x_wconf 77' lang='lat' dir='ltr'><strong>pmxim</strong></span> <span class='ocrx_word' id='word_1_394' title='bbox 1649 2938 1754 2979; x_wconf 74' lang='lat' dir='ltr'><strong>siu-git</strong></span> <span class='ocrx_word' id='word_1_395' title='bbox 1769 2939 1875 2970; x_wconf 71' lang='lat' dir='ltr'><strong>Ovili.</strong></span> 
     </span>
    </p>
   </div>
   <div class='ocr_carea' id='block_1_11' title="bbox 1115 2999 1973 3519">
    <p class='ocr_par' dir='ltr' id='par_1_20' title="bbox 1119 2999 1970 3123">
     <span class='ocr_line' id='line_1_71' title="bbox 1175 2999 1970 3056; baseline -0.001 -13"><span class='ocrx_word' id='word_1_396' title='bbox 1175 3001 1239 3056; x_wconf 89' lang='lat'><strong>78.</strong></span> <span class='ocrx_word' id='word_1_397' title='bbox 1273 3002 1399 3054; x_wconf 80' lang='lat' dir='ltr'><strong>Quod</strong></span> <span class='ocrx_word' id='word_1_398' title='bbox 1419 2999 1515 3054; x_wconf 80' lang='lat' dir='ltr'><strong>fuit</strong></span> <span class='ocrx_word' id='word_1_399' title='bbox 1550 3003 1646 3054; x_wconf 74' lang='lat' dir='ltr'><strong>ipsa</strong></span> <span class='ocrx_word' id='word_1_400' title='bbox 1680 3002 1793 3043; x_wconf 65' lang='lat' dir='ltr'><strong>Jovi.</strong></span> <span class='ocrx_word' id='word_1_401' title='bbox 1828 3000 1970 3044; x_wconf 63' lang='lat' dir='ltr'><strong>Pelle).</strong></span> 
     </span>
     <span class='ocr_line' id='line_1_72' title="bbox 1119 3066 1841 3123; baseline -0.004 -13"><span class='ocrx_word' id='word_1_402' title='bbox 1119 3067 1212 3110; x_wconf 89' lang='lat' dir='ltr'><strong>scil.</strong></span> <span class='ocrx_word' id='word_1_403' title='bbox 1230 3066 1331 3109; x_wconf 86' lang='lat' dir='ltr'><strong>Vid.</strong></span> <span class='ocrx_word' id='word_1_404' title='bbox 1354 3067 1539 3108; x_wconf 84' lang='lat' dir='ltr'><strong>Metam.</strong></span> <span class='ocrx_word' id='word_1_405' title='bbox 1560 3079 1578 3108; x_wconf 91' lang='lat'>1</span> <span class='ocrx_word' id='word_1_406' title='bbox 1593 3073 1616 3120; x_wconf 62' lang='grc'><strong>,“</strong></span> <span class='ocrx_word' id='word_1_407' title='bbox 1627 3067 1731 3120; x_wconf 86' lang='grc'><strong>588,</strong></span> <span class='ocrx_word' id='word_1_408' title='bbox 1750 3082 1841 3123; x_wconf 86' lang='lat' dir='ltr'><strong>sqq.</strong></span> 
     </span>
    </p>

    <p class='ocr_par' dir='ltr' id='par_1_21' title="bbox 1115 3130 1973 3519">
     <span class='ocr_line' id='line_1_73' title="bbox 1175 3130 1971 3191; baseline 0.001 -17"><span class='ocrx_word' id='word_1_409' title='bbox 1175 3149 1238 3191; x_wconf 82' lang='lat'><strong>79.</strong></span> <span class='ocrx_word' id='word_1_410' title='bbox 1256 3133 1319 3174; x_wconf 84' lang='grc' dir='ltr'><strong>ΕΙ</strong></span> <span class='ocrx_word' id='word_1_411' title='bbox 1318 3130 1424 3185; x_wconf 85' lang='lat' dir='ltr'><strong>fora</strong></span> <span class='ocrx_word' id='word_1_412' title='bbox 1439 3135 1694 3175; x_wconf 71' lang='lat' dir='ltr'><strong>conveniunt.</strong></span> <span class='ocrx_word' id='word_1_413' title='bbox 1711 3133 1791 3175; x_wconf 75' lang='lat' dir='ltr'><strong>Ad</strong></span> <span class='ocrx_word' id='word_1_414' title='bbox 1783 3132 1891 3187; x_wconf 83' lang='lat' dir='ltr'><strong>fora</strong></span> <span class='ocrx_word' id='word_1_415' title='bbox 1900 3150 1971 3177; x_wconf 83' lang='lat' dir='ltr'><strong>sex</strong></span> 
     </span>
     <span class='ocr_line' id='line_1_74' title="bbox 1117 3197 1973 3255; baseline 0.002 -15"><span class='ocrx_word' id='word_1_416' title='bbox 1117 3197 1215 3240; x_wconf 83' lang='lat' dir='ltr'><strong>libri</strong></span> <span class='ocrx_word' id='word_1_417' title='bbox 1231 3213 1242 3240; x_wconf 70' lang='grc' dir='ltr'>ε</span> <span class='ocrx_word' id='word_1_418' title='bbox 1260 3206 1303 3240; x_wconf 86' lang='lat' dir='ltr'><strong>at</strong></span> <span class='ocrx_word' id='word_1_419' title='bbox 1318 3197 1555 3241; x_wconf 86' lang='lat' dir='ltr'><strong>Beruensis</strong></span> <span class='ocrx_word' id='word_1_420' title='bbox 1568 3213 1746 3255; x_wconf 90' lang='lat' dir='ltr'><strong>quoque</strong></span> <span class='ocrx_word' id='word_1_421' title='bbox 1763 3214 1773 3242; x_wconf 74' lang='grc' dir='ltr'>ε</span> <span class='ocrx_word' id='word_1_422' title='bbox 1791 3199 1973 3254; x_wconf 85' lang='lat' dir='ltr'><strong>Adfora</strong></span> 
     </span>
     <span class='ocr_line' id='line_1_75' title="bbox 1117 3264 1973 3319; baseline 0.002 -13"><span class='ocrx_word' id='word_1_423' title='bbox 1117 3266 1363 3306; x_wconf 65' lang='lat' dir='ltr'><strong>conveniunt</strong></span> <span class='ocrx_word' id='word_1_424' title='bbox 1373 3264 1633 3318; x_wconf 70' lang='lat' dir='ltr'><strong>(quicoedere</strong></span> <span class='ocrx_word' id='word_1_425' title='bbox 1638 3266 1804 3319; x_wconf 78' lang='lat' dir='ltr'><strong>posset)</strong></span> <span class='ocrx_word' id='word_1_426' title='bbox 1817 3270 1973 3308; x_wconf 71' lang='lat' dir='ltr'><strong>amoris</strong></span> 
     </span>
     <span class='ocr_line' id='line_1_76' title="bbox 1116 3330 1971 3383; baseline 0.005 -12"><span class='ocrx_word' id='word_1_427' title='bbox 1116 3331 1399 3383; x_wconf 74' lang='lat' dir='ltr'><strong>Hammaque.</strong></span> <span class='ocrx_word' id='word_1_428' title='bbox 1422 3330 1594 3372; x_wconf 77' lang='lat' dir='ltr'><strong>Amoris</strong></span> <span class='ocrx_word' id='word_1_429' title='bbox 1609 3331 1742 3373; x_wconf 89' lang='lat' dir='ltr'><strong>etiam</strong></span> <span class='ocrx_word' id='word_1_430' title='bbox 1756 3331 1971 3375; x_wconf 80' lang='lat' dir='ltr'><strong>sexdecim</strong></span> 
     </span>
     <span class='ocr_line' id='line_1_77' title="bbox 1117 3392 1971 3452; baseline 0.007 -18"><span class='ocrx_word' id='word_1_431' title='bbox 1117 3393 1188 3435; x_wconf 84' lang='lat' dir='ltr'><strong>alii</strong></span> <span class='ocrx_word' id='word_1_432' title='bbox 1208 3392 1307 3435; x_wconf 86' lang='lat' dir='ltr'><strong>libri</strong></span> <span class='ocrx_word' id='word_1_433' title='bbox 1325 3409 1336 3444; x_wconf 91' lang='lat'>;</span> <span class='ocrx_word' id='word_1_434' title='bbox 1359 3394 1477 3449; x_wconf 87' lang='lat' dir='ltr'><strong>quod</strong></span> <span class='ocrx_word' id='word_1_435' title='bbox 1495 3394 1528 3436; x_wconf 90' lang='lat' dir='ltr'><strong>si</strong></span> <span class='ocrx_word' id='word_1_436' title='bbox 1548 3394 1782 3452; x_wconf 85' lang='lat' dir='ltr'><strong>recipiatur</strong></span> <span class='ocrx_word' id='word_1_437' title='bbox 1794 3429 1805 3450; x_wconf 89' lang='lat'>,</span> <span class='ocrx_word' id='word_1_438' title='bbox 1825 3413 1971 3440; x_wconf 74' lang='lat' dir='ltr'><strong>conre-</strong></span> 
     </span>
     <span class='ocr_line' id='line_1_78' title="bbox 1115 3458 1967 3519; baseline 0.007 -17"><span class='ocrx_word' id='word_1_439' title='bbox 1115 3462 1236 3503; x_wconf 68' lang='lat' dir='ltr'><strong>m&#39;zml</strong></span> <span class='ocrx_word' id='word_1_440' title='bbox 1248 3458 1512 3515; x_wconf 80' lang='lat' dir='ltr'><strong>capiendum</strong></span> <span class='ocrx_word' id='word_1_441' title='bbox 1529 3460 1581 3506; x_wconf 86' lang='lat' dir='ltr'><strong>de</strong></span> <span class='ocrx_word' id='word_1_442' title='bbox 1602 3461 1752 3519; x_wconf 88' lang='lat' dir='ltr'><strong>puellis</strong></span> <span class='ocrx_word' id='word_1_443' title='bbox 1770 3495 1782 3516; x_wconf 90' lang='lat'>,</span> <span class='ocrx_word' id='word_1_444' title='bbox 1796 3473 1843 3507; x_wconf 92' lang='lat' dir='ltr'><strong>ut</strong></span> <span class='ocrx_word' id='word_1_445' title='bbox 1858 3479 1967 3519; x_wconf 71' lang='lat' dir='ltr'><strong>saepo</strong></span> 
     </span>
    </p>
   </div>
  </div>
 </body>
</html>
