2268 3776
251 290 359 343 206
722 291 783 345 P.
827 293 1126 349 OVIDII
1174 294 1553 353 NASONIS

329 407 714 488 Sarmataque3
744 421 800 467 et
827 398 998 469 durus
1028 411 1288 470 contudit
1318 437 1413 473 ora
1449 413 1632 474 Getes.

246 503 564 563 Extinctum
595 517 651 562 et
677 518 892 564 mon-tes
921 504 1155 579 flebant,
1181 522 1236 567 et
1265 507 1444 590 sylva,
1474 509 1738 593 feraeque,

326 605 401 662 Et
429 602 584 662 flesse
614 602 672 661 in
699 603 893 663 mediis
925 604 1126 664 dicitur
1148 605 1290 664 Ister
1319 607 1492 688 aquis.

249 699 403 778 Quin
433 698 595 758 etiam
623 697 787 779 pigro
811 714 1130 759 concretum
1156 699 1362 776 frigore
1394 703 1666 776 Pontum,

327 792 627 854 Nereidum
653 791 890 854 lacrimis
921 795 1224 887 intepuisse
1254 795 1454 856 serunt.
1972 817 2026 858 30

246 892 547 952 Accurrere
574 889 718 950 leves
749 891 960 973 Paphia
990 916 1114 951 cum
1142 905 1312 950 matre
1343 891 1620 965 volucres,

328 988 652 1068 Arsuroque
682 986 824 1046 faces
854 1010 1192 1070 supposuere
1216 1011 1374 1065 rogo.

250 1084 432 1163 Quem
460 1081 624 1142 simul
652 1082 923 1142 absumsit
951 1083 1155 1165 rapidae
1182 1082 1444 1144 violentia
1470 1084 1695 1144 flammae
1712 1131 1727 1157 ,

328 1179 635 1263 Relliquias
665 1195 811 1240 tecto
843 1204 1202 1263 composuere
1234 1180 1402 1253 cado;

246 1278 698 1361 Impositumque·
718 1277 874 1337 brevi
900 1277 1190 1355 signarunt
1218 1278 1454 1338 carmine
1482 1302 1706 1339 saxum:
1974 1299 2028 1342 35

333 1403 361 1428 α
392 1375 509 1454 Qui
533 1375 676 1455 jacet
701 1373 819 1446 hie,
847 1374 1018 1434 teneri
1050 1374 1248 1434 doctor
1277 1376 1479 1435 amoris
1509 1391 1639 1437 erat.
1671 1404 1700 1430 »
1738 1426 1742 1430 .

246 1469 376 1555 Ipsa
404 1471 590 1532 locum
617 1471 726 1531 late
758 1486 948 1532 sancto
981 1470 1249 1554 Cytherea
1277 1471 1494 1555 liquore

330 1572 539 1629 Irrorat
566 1568 723 1628 nivea
753 1583 945 1650 terque
979 1583 1279 1651 quaterque
1307 1593 1490 1629 manu.

247 1669 364 1728 Vos
397 1691 646 1750 quoque,
679 1665 951 1739 PierideS,
984 1666 1095 1726 vati
1118 1665 1335 1726 libastis
1364 1665 1583 1726 ademto

331 1763 613 1836 Carmina,
641 1762 739 1823 sed
765 1777 960 1822 nostro
989 1786 1108 1821 non
1136 1761 1417 1823 referenda
1448 1785 1608 1821 sono.
1774 1828 1779 1834 ,
1976 1780 2030 1834 40

861 2061 1256 2130 ELEGIA
1317 2063 1401 2131 X.
1499 2049 1505 2054 ⁰

271 2376 331 2406 AD
361 2377 887 2418 CEREREM2QUER1‘1'UR
915 2375 1040 2419 QUOD
1069 2377 1218 2408 ILLIUS
1248 2374 1407 2408 sAcnls
1439 2375 1540 2408 CUM
1572 2374 1723 2407 AMICA
1755 2374 2010 2406 INTERESSF.

938 2461 1028 2492 SIBI
1059 2461 1155 2492 NON
1184 2460 1363 2492 LICEA'I'.

258 2593 523 2680 ANNUA
553 2629 821 2674 venerunt
852 2614 1090 2675 Cerealis
1121 2630 1372 2697 tempora
1399 2615 1538 2675 sacri
1563 2640 1574 2673 :

337 2712 577 2773 Secubat
604 2712 664 2770 in
691 2734 861 2770 vacuo
892 2710 1010 2771 sola
1034 2709 1219 2793 puella
1249 2724 1388 2768 toro.

254 2811 418 2871 Flava
447 2809 611 2869 Ceres
631 2854 644 2880 ‚
675 2822 867 2867 tenues
893 2806 1061 2889 spicis
1087 2806 1339 2866 redimita
1369 2802 1624 2887 capillos,

318 2991 353 3016 1.
382 2973 539 3015 Annua
558 2975 754 3014 venerunt
768 2978 848 3013 etc.
870 2968 1016 3012 Ludos
1037 2969 1103 3011 in-
1185 2969 1349 3025 pel-tius
1368 2965 1491 3011 Isidis
1510 2967 1617 3009 festa
1636 2965 1695 3024 (11
1708 2998 1719 3020 ,
1742 2965 1862 3023 Eleg.
1885 2965 2033 3022 XXIV),

260 3041 372 3084 dicat
402 3040 475 3096 qui
498 3040 652 3082 Romae
689 3052 956 3094 unoquoque
986 3051 1104 3080 anno
1185 3035 1233 3076 in
1260 3033 1474 3076 Cererem
1492 3033 1551 3076 sic
1572 3032 1807 3075 invehitur.

259 3122 283 3148 a
295 3105 503 3147 matronis
518 3113 560 3147 et
574 3102 810 3159 virginibus
822 3136 833 3157 ,
847 3118 875 3146 v
890 3102 953 3145 Id.
968 3102 1104 3159 April.
1242 3118 1280 3142 2.
1300 3102 1350 3142 In
1371 3116 1517 3142 vacuo.
1534 3099 1592 3142 Et
1606 3098 1676 3141 hic
1691 3098 1825 3142 MSS.
1839 3099 2007 3143 variant
2023 3117 2034 3152 3

260 3173 304 3214 in
326 3171 542 3213 honorem
564 3169 736 3212 Cereris
756 3165 1103 3211 celebrabantur:
1189 3166 1366 3223 quidam
1382 3199 1394 3221 ,
1422 3168 1545 3208 viduo
1559 3182 1572 3208 :
1590 3164 1659 3207 alii
1675 3169 1821 3208 medio.

261 3251 348 3291 quo
370 3244 564 3292 tempore
583 3267 594 3288 ,
616 3233 820 3276 mulieres
850 3233 1108 3276 secubabant
1243 3232 1280 3274 3.
1301 3234 1433 3274 Flava
1453 3232 1585 3273 Ceres.
1605 3229 1735 3274 Dicta
1753 3230 1835 3284 sic,
1852 3246 1877 3272 a
1892 3228 2033 3272 colore

260 3317 284 3342 a
305 3300 405 3342 viris
418 3333 429 3354 ‚
450 3299 604 3355 quibus
624 3314 679 3341 ne
701 3298 841 3341 aditus
857 3297 1034 3355 quidem
1052 3297 1105 3340 ad
1187 3306 1369 3339 maturae
1388 3294 1542 3352 segetis
1559 3327 1570 3348 ,
1593 3310 1689 3350 quae
1703 3297 1901 3350 flavescit
1922 3309 2034 3336 sen-

259 3365 492 3409 sacrarium
504 3364 611 3406 Deae
622 3362 804 3420 patebat.
818 3361 955 3418 Quod
970 3376 1107 3418 quum
1166 3369 1169 3370 ’
1188 3360 1268 3403 sim
1287 3393 1298 3414 ‚
1322 3368 1454 3418 prout
1471 3358 1743 3412 maturescit,
1778 3357 1838 3400 ita
1857 3365 1905 3399 ut
1923 3359 2034 3398 rubi—

259 3445 352 3489 non
366 3429 528 3484 aequius
543 3429 677 3472 ferret
690 3428 829 3483 Naso,
847 3442 978 3483 quam
994 3427 1108 3471 Pro-
1188 3429 1325 3472 cunda
1342 3425 1501 3483 (Virg.)
1515 3456 1525 3480 ‚
1545 3439 1681 3480 quum
1695 3425 1931 3467 succiditur.
1950 3419 2031 3465 Ce-
