2268 3776
535 290 803 349 ARTIS
852 288 1330 345 AMATORIAE
1375 290 1537 346 LIB.
1583 291 1710 346 111.

1901 290 2004 345 361

311 415 554 474 Tantum
583 409 865 472 mobilitas
892 405 987 468 illa
1014 405 1228 468 decoris
1257 406 1454 468 habet!

231 516 403 576 Parva
433 537 653 575 monere
675 511 847 596 pudet
871 536 884 571 :
912 509 1148 571 talorum
1176 508 1373 570 ducere
1398 509 1577 591 jactus

313 621 391 678 Ut
419 617 580 690 sciat,
609 630 663 677 et
689 615 858 686 vires,
889 629 1094 675 tessera
1118 612 1310 685 missa,
1339 627 1477 672 tuas.

228 722 304 781 Et
331 719 499 780 modo
529 733 642 780 tres
666 719 832 801 jactet
859 740 1158 779 numeros:
1188 715 1359 778 modo
1390 715 1629 794 cogitet,
1661 729 1789 798 apte

1927 732 2013 775 355

308 824 494 903 Quam
522 823 717 883 subeat
743 837 956 906 partem
986 820 1210 895 callida,
1243 843 1519 904 quamque
1546 833 1721 879 vocet.

227 925 511 1009 Cautaque
541 950 659 986 non
686 925 854 987 stulte
885 925 1160 986 latronum
1187 923 1373 1009 praelia
1399 922 1591 984 ludat:

304 1030 468 1091 Unus
499 1054 624 1090 cum
656 1029 876 1108 gemino
907 1027 1149 1090 calculus
1178 1029 1340 1089 hoste
1367 1027 1529 1111 perit.
1577 1068 1582 1073 -

220 1129 574 1215 Bellatorque
606 1155 704 1193 sua
730 1154 967 1215 prensus
995 1130 1114 1191 sine
1143 1153 1398 1214 compare
1425 1128 1601 1190 bellat
1624 1152 1637 1201 ;

299 1233 559 1296 AEmulus
590 1249 646 1296 et
674 1249 916 1318 coeptum
947 1257 1089 1318 saepe
1119 1233 1354 1295 recurrit
1383 1232 1504 1293 iter.

223 1336 594 1420 Reticuloque
622 1336 750 1421 pilae
775 1336 919 1398 leves
948 1336 1255 1398 fundantur
1282 1349 1512 1420 aperto:

297 1441 440 1514 Nec,
468 1440 578 1501 nisi
607 1464 773 1524 quam
802 1439 965 1502 tolles
982 1487 996 1515 ‚
1021 1439 1136 1502 ulla
1164 1438 1435 1502 movenda
1464 1436 1582 1523 pila
1608 1451 1707 1498 est.

219 1623 324 1668 dicti
343 1623 576 1668 histriones
594 1627 778 1683 arlfices
800 1628 968 1677 laten‘s,
995 1625 1071 1682 qui

219 1704 450 1747 operosam
477 1689 587 1733 adeo
615 1699 790 1748 ponunt
818 1706 998 1748 operam
1023 1690 1070 1733 in

218 1763 309 1799 arte
328 1755 534 1799 movendi
553 1788 564 1810 ,
582 1754 902 1813 coercendique
921 1755 1070 1803 latera,

219 1822 274 1866 In
302 1827 423 1866 tenui
436 1822 614 1880 quidem
641 1825 793 1866 labor.-
817 1831 861 1866 at
880 1838 971 1866 non
1001 1831 1070 1866 te-

216 1887 331 1942 nuis,
344 1903 441 1944 quae
456 1886 559 1931 inde
573 1887 708 1945 gloria
717 1888 832 1946 apud
842 1887 1068 1944 quosdam.

267 1952 362 1995 353.
399 1955 595 1996 Talorum
622 1956 758 1997 dicere
770 1953 934 2009 jactus.
958 1954 1069 1996 Dis-

213 2032 303 2060 ceoe
323 2016 451 2061 multi
469 2033 520 2061 ex
532 2017 700 2075 scriptis
720 2030 731 2058 :
747 2020 895 2061 ducere
906 2016 1069 2060 Junia-

210 2097 295 2126 nus
309 2090 354 2126 et
366 2082 535 2140 primus
551 2083 789 2127 Patavinus
808 2099 818 2127 :
840 2092 974 2128 recte.
992 2083 1067 2128 Sic

210 2149 327 2194 infra
350 2151 430 2211 493
450 2165 462 2194 :

211 2221 540 2254 nuceta-consuescat
551 2222 671 2253 multas
684 2232 799 2254 manus
810 2233 874 2253 una
884 2221 1065 2263 figat-⁸⁸31.

265 2281 361 2326 355.
389 2283 642 2337 ijactet
659 2300 861 2328 numeros.
887 2286 1068 2329 Numem

211 2344 511 2403 editi'quidam
525 2356 568 2391 et
580 2347 669 2391 duo
683 2348 853 2392 codices
863 2357 906 2392 et
918 2358 1037 2393 recte
1051 2383 1063 2402 ,

210 2419 260 2454 ut
279 2419 399 2469 pute.
417 2412 581 2456 Justin.
606 2427 643 2456 11
661 2447 673 2468 ,
709 2430 758 2457 10
779 2430 790 2457 ι
810 2430 938 2458 naves
954 2418 1069 2459 mille

209 2478 415 2520 ducentas
441 2493 634 2522 numero
665 2480 866 2522 babuisse
899 2482 1066 2523 dtkilur.

209 2554 360 2586 xxxul
377 2576 389 2598 ,
427 2560 442 2586 ι
470 2546 692 2587 :Romani
715 2547 898 2600 legiones
922 2548 1067 2601 plures

209 2622 378 2651 numero
395 2614 743 2665 conscnjoserunt.

262 2673 358 2716 358.
383 2675 503 2717 Unus
520 2690 615 2717 cum
629 2680 808 2731 gemino.
827 2674 1002 2733 Aprosii
1020 2684 1066 2720 et

207 2735 318 2781 alter
341 2753 467 2783 meus
486 2739 741 2786 chartaceus
761 2773 773 2796 ,
813 2743 932 2785 Unus
955 2748 1000 2785 et
1019 2746 1065 2784 in

203 2808 370 2858 gemino
401 2820 415 2848 .·
446 2805 561 2850 sorte
579 2838 592 2861 ‚
643 2823 751 2850 unus
781 2810 861 2850 ubi
885 2812 1063 2865 gemino.

209 2868 412 2915 Imitatus
431 2870 516 2916 hoc
536 2873 670 2916 Mart.
690 2873 762 2917 lib.
785 2887 865 2935 'HV
880 2907 892 2930 ,
921 2891 996 2932 17:

248 2938 403 2969 calculus
414 2938 468 2971 hic
486 2941 613 2981 gemino
626 2942 769 2974 discolor
779 2942 873 2974 hoste
891 2945 988 2985 perit.
1032 2944 1035 2946 ’

209 2991 411 3037 Discolor
427 3027 440 3050 ,
461 2995 696 3041 victoribus
717 3014 878 3056 nempe
894 3031 906 3053 ,
930 3008 974 3042 et
993 2999 1064 3043 di-

206 3073 434 3102 versarum
453 3060 659 3116 partium.
687 3063 856 3108 Hnms.

262 3123 357 3184 359.
385 3127 655 3183 Bellatorque
679 3144 756 3171 suo
766 3145 945 3183 prensus
970 3136 1063 3175 sine

206 3203 399 3245 compare
424 3194 549 3234 bellet
573 3200 654 3236 etc.
688 3195 774 3236 Sua
800 3210 991 3250 compare
1016 3206 1062 3241 et

208 3255 362 3304 bellat,
399 3255 543 3312 prima
578 3257 714 3300 editio
745 3274 848 3301 cum
881 3260 1022 3316 Regio
1043 3294 1056 3316 ‚

208 3317 495 3377 San—aviano,
512 3330 557 3364 et
570 3321 661 3365 aliis
674 3323 947 3379 quibusdam.
960 3326 1060 3369 Plu-

207 3398 278 3427 res
293 3417 305 3439 ,
328 3388 455 3428 bellet
464 3398 477 3425 ··
494 3388 696 3443 sequenti
709 3405 837 3442 versu
855 3390 988 3433 etiam
1000 3407 1059 3433 re-

208 3454 338 3493 curri!
353 3450 604 3507 legendum.
635 3453 702 3498 Ut
722 3452 815 3499 haec
831 3456 983 3499 omnia
1004 3457 1059 3500 ad

1154 1624 1509 1669 latrunculorum
1545 1622 1690 1666 lusum
1728 1622 1977 1666 reserantur
1998 1632 2010 1659 t

1152 1707 1233 1734 sua
1260 1706 1453 1747 compare
1470 1724 1481 1740 ‚
1517 1704 1666 1732 uxore.
1698 1710 1753 1719 —
1772 1687 1843 1731 De
1876 1686 2009 1731 verbo

1154 1759 1311 1799 bellare
1328 1755 1414 1799 vid.
1429 1754 1482 1798 ad
1501 1754 1635 1812 Epist.
1652 1767 1738 1797 xtu
1753 1785 1765 1808 ‚
1788 1753 1855 1812 69.
1876 1752 2009 1795 Multi

1151 1820 1323 1865 codices
1359 1819 1429 1864 hic
1446 1852 1458 1874 ,
1491 1833 1665 1876 pressus
1693 1823 1785 1862 sine
1821 1817 2010 1873 conjuge.

1153 1886 1551 1943 Aprosii‚proesens‚
1570 1901 1650 1941 pro
1666 1884 1785 1927 varia
1799 1883 2007 1927 lectione:

1150 1954 1275 1995 Iuda!
1292 1950 1473 2009 Neapol.
1493 1956 1682 1995 recurrat
1706 1966 1809 2005 opus
1841 1947 2006 2007 Mityn.

1150 2016 1322 2061 Bersm.
1339 2026 1383 2061 et
1402 2033 1489 2060 una
1505 2019 1679 2059 Veneta
1697 2049 1708 2070 ,
1730 2014 1829 2059 edd.
1845 2014 1914 2057 De
1927 2014 2011 2057 La-

1150 2082 1459 2126 trunculorum
1485 2081 1590 2125 ludo
1618 2081 1716 2124 vide
1749 2078 2002 2138 Panegyri-

1150 2165 1254 2192 cum
1282 2148 1336 2191 ad
1369 2149 1593 2192 Pisonem.
1622 2146 1709 2190 Th.
1730 2144 1864 2205 Hyde
1891 2143 2007 2201 capit

1151 2213 1206 2257 de
1220 2213 1491 2265 Damiludi03
1505 2228 1639 2270 quem
1649 2209 1792 2265 adeas,
1803 2210 1858 2254 de
1873 2209 2007 2253 Ludis

1156 2280 1435 2323 Orientalium
1449 2313 1459 2330 ‚
1484 2295 1579 2336 pag.
1605 2279 1694 2334 173.
1715 2277 1880 2321 Bunm.

1206 2345 1300 2388 361.
1334 2347 1609 2401 Reticuloque
1629 2347 1731 2400 pile
1753 2346 1863 2387 leves
1881 2342 2003 2398 sun-

1149 2413 1306 2454 dantur
1313 2417 1469 2466 aperto.
1491 2411 1662 2468 Aptum
1676 2409 1829 2468 puellis
1841 2425 1932 2452 esse
1944 2408 2006 2466 pi-

1149 2475 1202 2519 lae
1223 2475 1367 2519 lusum
1384 2508 1396 2530 ,
1431 2484 1635 2534 apparet,
1662 2475 1778 2532 quod
1801 2483 1848 2518 et
1875 2474 2005 2518 seni-

1148 2539 1231 2584 bus
1259 2540 1449 2585 infirmis
1474 2541 1776 2585 conveniebat.
1804 2539 1919 2584 Vide
1949 2538 2004 2583 ad

1150 2606 1332 2650 Petron.
1361 2623 1454 2664 cap.
1485 2620 1644 2660 xxvn3
1680 2617 1725 2651 et
1750 2623 1830 2665 per
1850 2612 2003 2650 teletu-

1145 2674 1233 2714 Ium
1252 2672 1366 2715 sorte
1391 2672 1541 2715 follem
1558 2672 1839 2715 reticulatum
1859 2670 2002 2715 intel-

1146 2734 1240 2793 ligit
1258 2750 1268 2778 :
1296 2739 1401 2780 levis
1419 2746 1567 2780 autem
1590 2738 1675 2795 pila
1692 2772 1704 2792 ,
1728 2738 1830 2794 quia
1850 2738 2001 2780 vitrea.

1146 2802 1218 2848 De
1245 2803 1341 2860 pilae
1368 2804 1484 2858 lusu,
1508 2804 1632 2861 plura
1652 2804 1738 2846 vid.
1759 2802 1875 2860 apud
1899 2802 2001 2846 Ca-

1145 2869 1265 2912 saub.
1282 2868 1337 2912 ad
1354 2869 1517 2912 Athen.
1533 2883 1551 2911 1
1568 2902 1581 2923 ,
1606 2886 1652 2912 12
1669 2881 1681 2909 t
1703 2877 1749 2912 et
1763 2870 1929 2912 Passer.
1945 2868 2001 2911 ad

1146 2935 1350 2991 Propert.
1373 2934 1440 2977 111
1458 2967 1470 2989 ,
1507 2949 1586 2978 xlv
1604 2967 1617 2989 ‚
1642 2937 1666 2977 5
1690 2946 1701 2974 ε
1722 2935 1796 2977 ubi
1815 2934 2001 2978 Brouk-

1143 2999 1295 3043 husius
1316 3001 1540 3043 Romanas
1556 2999 1721 3056 puellas
1734 3000 1786 3043 ab
1804 2999 1887 3045 hoc
1900 3001 2000 3045 lusu

1144 3075 1287 3120 arcet,
1304 3074 1484 3123 propter
1496 3075 1758 3122 sequentem
1773 3082 1876 3109 mox
1888 3084 1996 3111 vers.

1145 3133 1226 3175 383
1246 3150 1256 3184 ;
1278 3131 1353 3175 sed
1374 3131 1432 3174 ibi
1452 3135 1604 3175 celeres
1615 3137 1723 3188 pila·
1741 3135 1913 3178 virilem
1927 3136 1998 3178 lu-

1144 3197 1254 3240 dum
1267 3197 1490 3249 indicant;
1513 3197 1583 3241 hie
1596 3201 1725 3251 leves,
1742 3200 1996 3257 puellarem.

1143 3262 1392 3306 Discrimen
1418 3279 1525 3306 vero
1552 3266 1778 3323 utriusque
1807 3268 1900 3311 ludi
1922 3284 1994 3310 me

1141 3329 1345 3385 ignorare
1360 3329 1513 3372 fateor.
1526 3331 1818 3389 Lecliculoque
1834 3337 1997 3389 quidem

1141 3396 1256 3436 lenes
1273 3393 1496 3438 Palatinus
1515 3412 1646 3450 unus,
1668 3405 1713 3440 et
1732 3397 1842 3440 alter
1861 3397 1995 3440 etiam

1140 3461 1276 3511 lenes,
1314 3468 1364 3518 ut
1380 3461 1591 3506 celeribus
1613 3472 1907 3519 opponantur.
1929 3463 1995 3505 In.
