2268 3776
293 320 401 354 220
750 305 815 356 P.
874 304 1172 361 OVIDII
1219 307 1597 367 NASONIS

288 419 447 477 More
477 432 697 499 patrum
727 419 897 480 Graio
927 421 1114 484 velatae
1140 426 1387 487 vestibus
1419 426 1559 489 albis

369 514 595 575 Tradita
623 519 916 599 supposito
947 522 1148 582 vertice
1179 511 1332 584 sacra
1361 524 1563 585 ferunt.

292 611 402 677 Ore
434 610 619 672 favent
646 615 872 697 populi,
903 632 1034 679 tunc
1061 643 1232 701 quum
1253 622 1404 682 venit
1430 646 1594 684 aurea
1621 647 1827 707 pompa
1850 649 1862 697 ;

367 708 495 789 Ipsa
526 711 834 773 sacerdotes
865 715 1339 799 subsequiturque
1370 741 1513 779 suaS.
2026 743 2077 784 30

284 804 489 881 Argiva
515 822 598 866 est
624 831 840 892 pompae
868 811 1048 873 facies,
1075 814 1493 893 Agamemnone
1525 839 1664 877 caeso

365 903 442 960 Et
465 902 641 964 scelus
672 921 727 966 et
754 908 960 989 patrias
990 909 1136 988 fugit
1167 911 1405 973 Halesus
1437 937 1589 997 opes,

284 998 516 1081 Jamque
545 1005 839 1084 pererratis
871 1006 1144 1089 profugus
1177 1024 1461 1095 terraque,
1487 1011 1770 1095 fretoque,

368 1096 578 1159 Moenia
606 1099 753 1163 felici
786 1105 1037 1165 condidit
1066 1105 1175 1168 alta
1200 1101 1385 1169 manu.

286 1189 385 1252 Ille
415 1217 545 1255 suos
578 1197 769 1260 docuit
795 1203 1042 1264 Junonia
1070 1228 1222 1267 sacra
1249 1206 1513 1268 Faliscos.
2027 1227 2081 1268 35

319 1349 322 1351 ,
365 1290 493 1352 Sint
520 1295 685 1370 mihi,
717 1299 830 1359 sint
858 1301 1073 1384 populo
1104 1326 1320 1387 semper
1348 1305 1520 1365 amica
1550 1329 1668 1365 suo.

287 1471 396 1499 neus
421 1457 553 1513 alter,
578 1460 740 1517 Regius
758 1478 898 1519 unus,
925 1464 1014 1508 duo
1034 1466 1141 1510 Mo·-

287 1521 367 1563 reti
380 1555 391 1575 ,
407 1531 450 1564 et
462 1532 548 1566 tres
558 1524 647 1580 alii,
663 1531 863 1581 leguntur.
875 1528 963 1572 Sed
975 1529 1143 1585 hicpre-

286 1594 452 1631 muniar
467 1592 791 1647 praeferendum
805 1611 813 1646 ;
838 1603 1006 1639 tantam
1019 1597 1142 1640 enim

288 1652 380 1694 auri
403 1661 447 1695 et
468 1670 744 1711 gemmarum
764 1659 935 1716 copiam
953 1660 1143 1718 indicat,

287 1726 336 1760 ut
356 1718 423 1760 vix
441 1719 634 1765 serendae
654 1723 884 1768 sufficiant.
901 1725 1067 1770 BURM.

346 1801 411 1841 27.
448 1786 568 1828 More
587 1793 756 1840 patrum
793 1792 940 1832 Graio.
977 1793 1112 1834 Gralo
1126 1826 1140 1843 ‚

258 1897 270 1908 ς
289 1858 490 1906 excerpta
514 1850 727 1906 puteani,
754 1853 962 1912 Scaligeri
991 1872 1040 1900 ac
1055 1856 1143 1899 Ju-

286 1914 384 1957 reti,
404 1915 520 1973 Lege
540 1948 552 1971 ,
581 1918 716 1973 Grajo
735 1934 748 1961 ,⁹
765 1929 897 1977 'atque
916 1922 976 1965 ita
991 1922 1146 1966 Arun-

290 1978 487 2024 delianus
517 2014 529 2036 ,
569 1976 625 2024 et'
650 1999 728 2039 pro
761 1983 928 2030 diversa
958 1987 1143 2031 lectione

291 2046 574 2092 Sarravianus
595 2058 639 2092 et
659 2050 1016 2099 Barberinianus.
1043 2055 1144 2113 Op-

290 2113 422 2158 timus
454 2116 638 2160 Palatin.
662 2121 868 2176 Grajum:
883 2138 986 2165 mox
1008 2122 1145 2179 dicet,

291 2178 452 2233 Argz'va
471 2187 539 2223 est
549 2198 713 2238 pompe
720 2184 880 2239 facies.

347 2246 412 2288 28.
437 2247 615 2290 Tradita
626 2264 765 2292 sacra.
787 2250 904 2306 Quae
917 2255 1153 2296 tradiderat

296 2309 483 2354 Halesus
507 2344 521 2366 ,
561 2329 700 2370 graeco
720 2331 844 2358 more
867 2316 1147 2373 perficienda.

350 2395 415 2438 ²9·
446 2381 527 2422 Ore
531 2380 687 2436 favent
692 2387 851 2438 populi.
875 2386 1148 2439 Favetpopu-

292 2444 359 2485 lus
376 2459 489 2488 unus
510 2446 715 2490 Politiani
736 2456 781 2491 et
800 2448 980 2493 Moreti.
1004 2450 1120 2493 Puto
1136 2482 1148 2504 ,

285 2508 440 2562 faveat
451 2515 642 2566 populus.
662 2515 830 2560 HEINS.

1281 1470 1348 1512 30.
1371 1470 1487 1512 Suos.
1508 1469 1810 1526 Manuscripta
1824 1469 1915 1511 fere
1933 1469 2082 1510 omnia

1227 1532 1488 1590 exemplaria
1507 1531 1673 1587 habent
1687 1566 1699 1587 ,
1724 1549 1828 1575 suas
1847 1549 1859 1574 .·
1881 1541 1927 1575 et
1942 1534 2002 1576 sic
2018 1532 2081 1574 le-

1228 1597 1425 1655 gendum
1450 1613 1540 1641 esse
1570 1598 1758 1641 arbitror
1784 1614 1793 1641 :
1816 1613 1921 1641 nam
1943 1597 2082 1640 semi-

1227 1678 1305 1705 nas
1325 1662 1416 1705 sere
1435 1662 1608 1705 Junoni
1626 1661 1865 1706 sacrificare
1887 1661 2083 1718 legimus.

1227 1728 1359 1771 MAR.
1374 1730 1720 1785 Consequiturque
1730 1728 2083 1772 Francosurtens.

1227 1793 1352 1836 Junii
1367 1827 1379 1848 ,
1407 1793 1612 1837 Scriverii
1637 1802 1681 1836 et
1702 1793 1847 1851 plures
1869 1792 1952 1835 alii.

1284 1858 1349 1913 34.
1358 1858 1940 1914 Moent'aftltkicondiditalla
1947 1872 2084 1898 manu.

1230 1922 1367 1966 Recte
1391 1926 1504 1974 alla,
1535 1923 1639 1966 urbs
1671 1923 1830 1980 quippe
1851 1922 1898 1965 in
1930 1929 2083 1963 monte

1228 1987 1398 2044 posita;
1422 1986 1635 2044 ideoque,
1661 1987 1711 2042 6,
1741 1990 1862 2030 clivis
1882 1985 2084 2042 difficffis.

1229 2076 1284 2086 ·—-
1295 2057 1434 2097 Felici
1443 2062 1592 2097 autem
1604 2070 1730 2096 manu
1744 2087 1753 2104 ‚
1769 2052 1870 2110 quia
1881 2068 1949 2095 res
1962 2067 2087 2108 pros-

1230 2135 1333 2177 pere
1365 2118 1529 2164 colonis
1567 2129 1779 2175 cesserat,
1809 2127 1962 2177 utpote
1989 2133 2086 2174 quae

1229 2184 1347 2227 bona
1364 2200 1442 2228 ave
1465 2184 1693 2242 auspicata.

1286 2251 1352 2294 36.
1366 2252 1461 2294 Sint
1468 2253 1584 2293 mibi.
1600 2249 1812 2294 Francius
1821 2248 1995 2307 legebat
2006 2280 2018 2302 ,
2031 2252 2092 2290 sil

1232 2320 1358 2369 mihi,
1391 2321 1453 2360 sil
1467 2321 1655 2373 populo,·
1686 2332 1820 2374 quare
1850 2325 1895 2359 et
1921 2329 2085 2372 praece-

1233 2382 1317 2427 den
1323 2383 1355 2427 ti
1368 2399 1496 2428 versu
1506 2386 1689 2427 Junonis
1698 2382 1942 2439 corrigebat
1952 2394 1961 2421 ε
1970 2396 2086 2424 ama-

1230 2455 1279 2494 ta
1299 2449 1499 2494 Francos.
1517 2457 1562 2493 et
1575 2450 1827 2494 Puteaneus
1846 2447 1954 2491 alter
1971 2479 1983 2502 ‚
2007 2460 2085 2502 pro

1234 2514 1352 2559 varia
1370 2515 1572 2560 lectione.-

2250 2223 2259 2234 Ἢ
2266 2204 2268 2206 .
2250 2163 2261 2186 2¹
2251 1860 2268 2150 *ffiffmfffflff*
2256 1743 2268 1845 ‹tx-..Lei
2260 1720 2268 1732 s
2266 1694 2268 1700 .
2260 1671 2262 1675 v
2266 1643 2268 1654 ..
2263 1615 2266 1623 -
2260 1580 2268 1598 u.
