2268 3776
539 291 800 350 ARTIS
855 291 1317 347 AMATORIAE
1357 292 1515 346 LIB.
1558 292 1605 343 Ι.
1853 288 1951 339 251

192 405 433 467 Consule
464 404 531 466 de
562 402 815 483 gemmis,
849 400 916 462 de
946 401 1117 462 tincta
1144 401 1349 461 murice
1379 399 1534 471 lana;

274 502 513 564 Consule
544 501 610 561 de
635 499 770 560 facie
802 499 1242 582 corporibusque
1272 495 1433 557 diem.

193 599 348 680 Quid
375 597 478 659 tibi
503 595 770 658 femineos
798 609 1001 669 coetus,
1033 594 1325 657 venatibus
1355 608 1544 677 aptos,

186 747 207 768 ,
270 695 639 757 Enumerem?
665 717 897 755 numero
929 692 1084 754 cedet
1112 714 1274 754 arena
1300 713 1443 750 meo.

191 813 362 894 QUID
390 811 618 872 referam
643 811 835 893 Bajae,
867 825 1239 896 praetextaque
1257 808 1431 869 litora
1456 804 1590 867 velis
1610 853 1624 878 ,

1890 820 1972 864 255

269 910 374 982 Et,
409 932 530 992 quae
557 908 623 969 de
652 907 830 969 calido
862 907 1071 969 sulfure
1100 907 1305 980 fumat,
1329 905 1567 989 aquam?

189 1009 335 1069 Hinc
363 1007 563 1091 aliquis
591 1006 793 1068 vulnus
822 1005 1059 1067 referens
1090 1006 1148 1065 in
1179 1018 1399 1091 pectore
1416 1049 1432 1075 ‚
1466 1001 1605 1061 dixit
1632 1026 1644 1059 :

270 1107 404 1166 Non
432 1104 577 1180 haec,
599 1117 665 1164 ut
689 1103 833 1164 fama
861 1117 968 1176 est,
997 1102 1147 1163 unda
1169 1100 1408 1163 salubris
1431 1112 1562 1161 erat.

185 1204 328 1264 Ecce
360 1201 695 1263 suburbanae
727 1199 1001 1284 templum
1028 1198 1308 1261 nemorale
1342 1197 1535 1259 Dianae
1554 1242 1569 1267 ‚

268 1301 542 1383 Partaque
572 1322 672 1382 per
702 1296 917 1377 gladios
945 1321 1115 1377 regna
1144 1311 1379 1358 nocente
1405 1318 1590 1357 manu.
1898 1308 1977 1348 πῶυ

188 1396 291 1458 Illa
321 1396 475 1481 quod
505 1409 589 1458 est
616 1395 801 1475 virg0‚
834 1395 986 1479 quod
1014 1393 1123 1456 tela
1154 1394 1451 1479 Cupidinis
1483 1391 1634 1462 odit;

271 1492 456 1555 Multa
484 1493 638 1555 dedit
665 1491 882 1576 populo
909 1491 1163 1564 vulnera,
1191 1490 1366 1551 multa
1393 1489 1565 1550 dabit.

196 1620 544 1691 HACTENUS,
575 1617 722 1679 unde
752 1616 902 1696 legas
939 1615 1092 1700 quod
1125 1639 1299 1688 ameS,
1329 1613 1430 1675 ubi
1461 1613 1598 1674 retia
1627 1633 1836 1695 ponaS‚

273 1715 531 1799 Praecipit
558 1714 864 1798 imparibus
894 1727 1046 1774 vecta
1074 1710 1274 1773 Thalia
1301 1710 1456 1771 rotis.

193 1813 355 1871 Nunc
385 1811 515 1884 tibi,
550 1834 671 1894 quae
700 1808 937 1893 placuit,
970 1832 1106 1891 quas
1137 1806 1211 1868 sit
1239 1805 1505 1890 capienda
1533 1827 1634 1888 per
1657 1816 1827 1869 artes,
1895 1818 1977 1858 τρεῖς

271 1907 470 1970 Dicere
495 1908 784 1991 praecipuae
813 1904 1019 1967 molior
1048 1904 1182 1965 artis
1212 1926 1375 1987 opus.

241 2075 337 2120 253.
371 2076 490 2132 Quid
507 2079 592 2120 1131·
590 2076 804 2133 femineos
820 2079 954 2118 catus
971 2090 1043 2117 w

189 2144 356 2185 nale'bus
371 2146 508 2198 aptos.
532 2140 658 2198 Quid
679 2155 942 2185 enumerem
965 2137 1042 2182 tibi

187 2211 316 2250 coetus
343 2215 388 2250 et
417 2206 779 2265 congregationes
803 2205 1043 2249 mulierum

191 2286 346 2315 omnes
360 2304 372 2326 ,
391 2271 437 2314 in
452 2271 609 2328 quibus
621 2304 633 2327 ,
648 2279 722 2314 aut
736 2270 809 2314 ubi
830 2270 956 2314 liceat
969 2285 1041 2313 eas

192 2345 290 2394 apte
320 2352 370 2381 ac
402 2335 635 2381 commode
656 2340 842 2380 venari?
873 2334 1040 2391 Estque

190 2401 284 2446 haec
308 2402 429 2446 velut
458 2401 658 2446 transitio
685 2401 913 2458 quaedam;
934 2414 1042 2443 nam

193 2476 241 2510 ut
269 2466 480 2512 hactenus
512 2466 794 2511 enumeravit·
812 2467 906 2510 loca
925 2466 1042 2508 intra

193 2532 349 2576 urbem
368 2564 380 2587 ,
402 2532 478 2576 ubi
499 2532 654 2590 puellae
673 2531 929 2590 congregari
960 2547 1042 2575 so-

191 2598 285 2642 lent
307 2613 317 2641 :
338 2598 398 2642 ita
418 2597 623 2655 deinceps
643 2614 693 2641 ea
709 2630 721 2652 ,
747 2597 903 2654 quibus
922 2605 1042 2640 extra

192 2662 495 2707 urbem-idem
516 2663 614 2707 fieri
641 2663 779 2719 solet,
809 2671 1008 2706 recenset
1029 2678 1041 2708 ε

192 2743 274 2772 ceu
291 2737 396 2772 sunt
417 2728 536 2785 Bajae
556 2762 568 2784 ,
590 2743 750 2772 nemus
779 2727 1011 2771 Aricinum
1028 2760 1040 2782 ‚

193 2801 239 2836 et
257 2793 425 2838 similia.
449 2794 623 2838 Mlcn.

247 2860 341 2902 255.
361 2860 649 2916 Plu-Iexlaque
665 2863 792 2902 It’lora
804 2861 923 2902 velis.
934 2859 1045 2902 Bais

193 2923 493 2979 fragmentum
505 2923 772 2968 Oxoniense.
781 2925 914 2978 Puto,
925 2925 1048 2966 Bau-

193 2990 264 3030 lis.
277 2989 547 3031 Baulienim
561 2990 692 3046 Baje's
712 2989 841 3032 vicini
855 3022 866 3044 ,
882 2997 926 3032 et
945 2989 1045 3046 qui-

196 3052 301 3095 dem
332 3052 379 3095 in
399 3052 492 3109 ipso
520 3054 659 3097 litore.
677 3055 830 3098 Potest
849 3062 894 3096 et
912 3054 1018 3096 ferri
1030 3087 1043 3108 ,

170 3129 177 3135 “
189 3122 396 3173 pra-texta
414 3119 545 3174 Bajis
577 3122 703 3162 litora
716 3152 727 3170 ,
748 3127 798 3161 ut
817 3127 963 3167 totum
982 3118 1044 3161 il—

195 3182 290 3225 lum
325 3190 517 3226 tractum
560 3183 776 3226 literalem
811 3183 1009 3240 designet
1031 3216 1044 3239 ,

197 3247 271 3304 qui
293 3263 316 3290 a
332 3248 525 3291 Puteolis
540 3248 766 3291 Misenum
787 3264 923 3304 usque
942 3265 1047 3306 pro—

195 3312 471 3355 montorium
505 3313 711 3356 incurvus
741 3312 967 3366 tenditur,
999 3328 1047 3356 ac

185 3377 407 3429 „sinuosus
446 3377 535 3420 Sed
556 3386 599 3421 et
616 3383 822 3431 pretextu
849 3381 954 3420 veles
982 3381 1046 3420 li·-

194 3452 289 3490 hra
316 3448 376 3495 ita
404 3447 587 3505 intelligi
615 3457 796 3504 possunt
813 3480 824 3502 ,
848 3456 897 3490 ut
931 3447 1047 3504 apud

1125 2072 1280 2130 Virgil.
1318 2071 1389 2115 lib.
1419 2084 1470 2113 vr
1495 2085 1506 2113 τ
1531 2073 1658 2112 lilora
1695 2083 1834 2112 curve
1864 2068 1980 2108 Pre-

1124 2144 1274 2182 Ieaeunt
1297 2152 1470 2194 puppes.
1503 2130 1667 2178 Ludna.
1698 2133 1769 2176 lib.
1789 2147 1817 2174 x
1831 2165 1842 2186 ,
1866 2131 1943 2187 537
1966 2147 1976 2173 :

1125 2205 1281 2247 Densa·
1305 2206 1543 2258 pretet-unt
1567 2203 1697 2244 litora
1714 2202 1879 2242 classes
1895 2211 1910 2250 ‚·
1932 2203 1978 2239 et

1124 2268 1319 2327 intellige
1349 2267 1403 2310 de
1427 2266 1631 2310 lintribus
1650 2297 1663 2319 ‚
1686 2277 1783 2321 quae
1811 2263 1855 2306 in
1877 2262 1976 2306 sinu

1124 2334 1295 2390 Baiano
1314 2331 1689 2389 frequentissimae.
1713 2329 1880 2373 Hzms.

1179 2402 1272 2444 256.
1289 2404 1454 2445 henot.
1462 2397 1701 2442 Vossianus
1711 2404 1757 2440 et
1772 2404 1977 2453 quatuor-

1124 2466 1268 2510 decim
1285 2465 1383 2522 alii,
1398 2470 1547 2509 mana!
1560 2481 1573 2506 .·
1586 2478 1700 2519 aqua
1714 2461 1848 2505 etiam
1866 2476 1977 2504 non-

1124 2531 1247 2576 nulli.
1375 2581 1384 2589 x

1179 2598 1276 2641 260.
1311 2599 1524 2652 Partaque
1547 2610 1630 2651 per
1647 2595 1818 2650 gladios
1850 2606 1979 2648 regna

1123 2667 1298 2706 nocente
1327 2677 1466 2704 manu.
1503 2661 1641 2704 Poeta
1674 2657 1902 2702 historiam
1935 2665 1980 2698 et

1125 2742 1298 2771 morem
1314 2727 1478 2784 tangit,
1496 2741 1585 2783 quo
1598 2724 1844 2768 sacerdotes
1861 2720 1979 2778 apud

1127 2793 1322 2839 Ariciam
1342 2793 1414 2836 alii
1434 2793 1524 2835 aliis
1544 2789 1849 2835 succedebant.
1870 2789 1975 2831 Non

1125 2860 1247 2904 enim
1266 2858 1451 2918 ingenui
1470 2858 1554 2901 hoc
1573 2870 1738 2899 munus
1759 2853 1939 2896 obibant
1961 2885 1975 2906 ‚

1124 2925 1201 2970 sed
1230 2926 1343 2969 servi
1367 2957 1379 2979 ,
1411 2923 1634 2978 iidemque
1667 2919 1835 2977 fugitivi
1859 2935 1871 2969 ς
1903 2917 1980 2974 qui

1125 2991 1333 3049 singulari
1350 2989 1590 3035 certamine
1605 2987 1724 3030 inter
1738 3002 1830 3028 sese
1845 2983 1979 3027 dimi—

1125 3065 1274 3101 cantes
1291 3089 1303 3112 ,
1325 3071 1428 3099 eum
1447 3053 1631 3097 victoria
1657 3052 1791 3095 etiam
1825 3066 1979 3093 sacer-

1127 3123 1299 3166 dotium
1319 3119 1694 3176 adipiscebantur3
1717 3131 1982 3173 semperque

1127 3188 1266 3230 victor
1294 3186 1445 3239 idem,
1474 3192 1520 3227 et
1548 3198 1768 3227 successor
1801 3181 1983 3224 alterius

1128 3261 1235 3296 erat.
1271 3253 1424 3308 Quem
1457 3265 1631 3292 morem
1660 3247 1899 3292 Pausanias
1930 3247 1978 3288 in

1131 3316 1425 3361 Corinthiacis
1442 3348 1453 3370 ‚
1478 3315 1725 3358 etiamnum
1746 3313 1832 3356 suis
1853 3320 1977 3355 tem—

1127 3383 1306 3440 poribus
1325 3381 1499 3424 durasse
1513 3380 1672 3424 scribit.
1691 3379 1779 3422 Per
1788 3394 1979 3435 regnum

1130 3463 1236 3504 ergo
1254 3446 1548 3491 sacerdotium
1568 3444 1760 3502 intellige
1779 3460 1789 3487 :
1811 3459 1916 3489 nam
1935 3451 1977 3485 et
