2268 3776
244 301 354 369 434

698 303 763 355 P.
819 302 1129 359 OVIDII
1183 305 1567 365 NASONIS

239 419 477 497 [Tutius
505 432 614 490 est,
640 431 942 500 aptumque
969 420 1172 498 magiS‚
1201 420 1480 485 discedere
1511 446 1671 508 pace5

322 516 506 594 Quam
529 529 716 598 petere
744 540 775 576 a
805 515 1060 577 thalamis
1083 516 1327 596 litigiosa
1356 520 1524 601 fora.]

1947 547 2031 602 670

240 613 475 672 Munera
503 636 624 695 quae
655 612 870 674 dederis
888 661 903 687 ‚
929 613 1135 676 habeat
1165 615 1282 676 sine
1309 615 1407 677 lite
1429 619 1659 700 jubeto:

318 711 458 768 Esse
487 707 671 769 solent
698 733 900 788 magno
931 710 1128 772 damna
1151 712 1367 774 minora
1395 714 1564 776 bono.

238 806 410 886 Quod
441 806 488 866 si
511 830 608 866 vos
636 804 838 889 aliquis
866 808 1141 868 conducet
1170 833 1327 870 casus
1355 810 1414 870 in
1441 836 1648 887 unum,

317 904 510 963 Mente
540 927 750 963 memor
778 919 919 977 tota,
951 928 1073 987 quae
1104 904 1298 966 (lamus
1326 929 1504 980 arma,
1533 922 1675 968 tene.

236 1001 397 1060 Nunc
427 1023 570 1081 opus
598 1014 683 1059 est
710 1001 875 1060 armis
899 1027 910 1060 ε
936 1000 1056 1073 hic,
1089 1024 1122 1061 o
1150 1001 1483 1076 fortissime,
1507 1027 1697 1087 pugna
1723 1029 1737 1064 :

1946 1004 2029 1082 673

314 1097 601 1158 Vincenda
630 1112 714 1158 est
744 1098 854 1159 telo
886 1098 1235 1160 Penthesilea
1263 1114 1381 1159 tuo,

231 1200 395 1257 Nunc
424 1197 531 1256 tibi
561 1197 778 1270 rivaliS,
805 1221 956 1257 nunc
987 1197 1189 1257 durum
1218 1195 1417 1270 limen,
1451 1199 1652 1258 amanti
1676 1225 1688 1259 ε

239 1276 280 1313 k*
309 1296 474 1356 Nunc
504 1294 701 1354 mediis
726 1294 970 1354 subeant
995 1293 1152 1354 irrita
1180 1293 1347 1354 verba
1375 1294 1529 1354 Deis.

230 1396 344 1452 Nec
373 1415 643 1474 compone
673 1414 891 1464 comas,
919 1390 1050 1473 quia
1082 1390 1160 1450 sis
1186 1404 1454 1451 venturus
1484 1390 1555 1451 ad
1580 1390 1766 1452 illam:

310 1493 425 1551 Nec
454 1505 586 1569 toga
614 1489 688 1549 sit
712 1487 838 1549 laxo
869 1487 1264 1572 conspicienda
1292 1488 1436 1549 sinu.

1942 1511 2026 1553 680

228 1588 395 1651 Nulla
424 1589 497 1648 sit
520 1602 586 1647 ut
612 1586 830 1670 placeas
857 1585 1046 1647 alienae
1077 1610 1209 1647 cura
1236 1575 1468 1669 puellae:

282 1756 376 1816 669.
414 1758 457 1798 T
450 1761 563 1800 ult’us
589 1762 657 1798 est
678 1762 902 1812 aptumque
934 1759 1084 1811 magis.

230 1824 374 1866 Nemo
383 1821 491 1865 1111111
501 1821 762 1878 persuaserit
770 1820 855 1864 hoc
865 1819 1082 1864 distichon

232 1889 491 1934 Nasonianae
512 1902 636 1931 venae
656 1888 812 1930 foetum
832 1904 936 1931 esse.
957 1889 1018 1931 H.

281 1955 331 2012 67
343 1973 375 1998 1.
396 1955 575 1997 Munera
594 1969 689 2009 qua·
710 1954 904 2003 dederas,
928 1955 1087 1995 habeat

226 2027 316 2064 siae
334 2025 407 2064 lite
421 2055 431 2071 ‚
452 2021 615 2075 jubeto.
643 2019 795 2062 Verba
822 2019 925 2062 artis
951 2028 1079 2063 sunt:

226 2089 286 2131 sic
307 2088 428 2131 enim
447 2087 612 2130 solebat
633 2085 778 2128 dicere
794 2118 806 2141 ,
827 2085 903 2142 qui
923 2084 1082 2127 divor-

225 2154 339 2196 tium
358 2152 540 2195 faciebat
559 2168 568 2194 :
588 2153 738 2194 Abeas
752 2185 762 2202 ‚
799 2153 966 2201 valeas,
984 2156 1081 2193 tuas

223 2235 290 2261 res
304 2222 385 2261 tibi
399 2220 571 2261 babeas.
588 2217 764 2260 MICYL.
783 2218 968 2259 Deden‘s
987 2216 1082 2259 Pu—

226 2294 407 2328 teaneus
422 2291 466 2326 et
486 2292 575 2327 tres
588 2282 672 2326 alii.
699 2284 875 2325 Habeat
887 2285 981 2324 sine
992 2284 1084 2338 lege

224 2349 490 2394 Puteaneus.
510 2350 694 2392 Dederis
708 2348 842 2392 etiam
864 2347 1033 2390 Douza.

277 2415 371 2473 675.
385 2417 472 2458 Hic
486 2430 590 2469 opus
596 2420 664 2457 est
671 2419 804 2457 armis
817 2430 829 2456 .·
843 2415 914 2456 hic
923 2447 932 2464 ‚
951 2413 1083 2468 osbr-

221 2486 395 2531 lissz'me,
398 2497 557 2536 pugna.
570 2481 696 2530 Nunc
705 2496 807 2535 opus
818 2485 886 2522 est
897 2479 1078 2536 Regius,

225 2546 494 2600 Puteaneus,
510 2555 555 2589 et
573 2545 719 2603 plures
736 2544 820 2588 alii.
836 2545 927 2588 Pro
945 2546 1018 2588 bic
1033 2562 1072 2594 o,

222 2611 340 2656 idem
357 2613 609 2655 Puteaneus
621 2645 634 2666 ,
649 2611 797 2654 Jureti
811 2610 949 2654 codex
959 2645 973 2666 ‚
986 2611 1082 2654 alii-

225 2693 309 2733 que
330 2676 482 2732 multi,
503 2693 613 2719 nunc
626 2693 652 2719 o
669 2692 682 2718 :
705 2691 820 2719 unus
832 2710 844 2731 ,
857 2678 926 2718 bis
941 2693 993 2720 o:
1010 2677 1082 2719 alii

224 2741 313 2785 duo
328 2776 340 2798 ‚
363 2745 433 2786 hic
461 2744 532 2784 bic
540 2740 783 2796 fortissime
799 2758 812 2784 t
830 2757 946 2785 unus
967 2741 1080 2785 Lei-

223 2809 368 2851 densis
385 2841 396 2862 ,
425 2809 511 2850 His
539 2823 643 2862 opus
673 2812 741 2850 est
764 2812 920 2862 armis,
947 2808 1018 2849 bis
1039 2823 1077 2850 o.

226 2874 342 2917 Puto
363 2871 675 2917 scribendum:

223 2942 286 2972 Hic
300 2953 382 2984 opus
395 2942 447 2973 his
463 2942 562 2972 armis
580 2953 590 2973 ε
605 2941 657 2972 his
668 2941 736 2981 hic,
747 2942 940 2980 fortissime,
954 2950 1075 2982 pugna.

260 3004 355 3061 676.
366 3004 851 3048 Vz‘ncendaPentbesilea
857 3009 933 3046 est.
945 3003 1078 3059 Ama·

221 3086 384 3112 zonum
407 3070 650 3112 fortissimae
669 3069 833 3126 reginae
853 3076 1077 3125 comparat

221 3135 435 3192 puellam,
467 3135 674 3178 adversus
706 3149 840 3190 quam
864 3149 1076 3191 pugnan-

221 3200 329 3243 dum
349 3201 425 3256 sit,
458 3210 506 3244 ut
527 3216 676 3243 amore
696 3200 910 3243 vincatur.

273 3267 367 3326 679.
386 3268 473 3309 Nec
485 3283 682 3321 compone
693 3281 837 3308 comas
848 3300 857 3315 ‚
874 3281 997 3321 quum
1012 3268 1077 3307 sis

219 3339 415 3375 venturus
426 3335 489 3374 ad
499 3335 631 3373 illam.
649 3331 700 3373 In
717 3330 942 3373 nonnullis
954 3363 965 3384 ,
975 3331 1076 3386 quia

219 3403 291 3440 sis.
315 3398 533 3440 NAUGER.
551 3399 722 3439 Comam
739 3397 991 3439 Puteaneus
1003 3429 1013 3449 ‚
1029 3403 1074 3439 et

222 3472 306 3505 tres
330 3462 399 3505 alii
421 3461 515 3514 (sed
536 3460 665 3517 paulo
687 3460 858 3512 durius)
875 3466 919 3502 el
930 3464 1070 3503 illam:

1167 1753 1364 1812 quinque
1400 1753 1470 1798 alii
1496 1753 1683 1798 minoris
1712 1764 1854 1812 notae,
1882 1763 1930 1801 sz‘
1952 1764 2025 1802 sis.

1219 1821 1318 1864 680.
1354 1823 1475 1877 Toga
1494 1825 1613 1864 laxa.
1636 1821 1703 1865 Ex
1722 1822 1808 1868 hoc
1826 1824 1924 1868 loco
1945 1843 2024 1883 ap-

1163 1896 1310 1942 paret,
1330 1886 1447 1944 apud
1463 1886 1609 1930 Tibul.
1636 1888 1658 1931 I
1674 1921 1686 1943 ,
1710 1903 1779 1933 v11
1794 1923 1806 1945 ,
1831 1891 1885 1946 46
1901 1924 1912 1945 ,
1933 1908 2026 1935 res—

1162 1951 1428 1995 cribendum
1449 1969 1459 1995 ε

1203 2028 1314 2058 Effluit
1333 2027 1438 2058 effuso
1458 2028 1512 2059 cui
1527 2034 1602 2068 toga
1619 2028 1709 2060 laxa
1730 2029 1817 2060 sinu.

1163 2081 1268 2125 Non
1281 2085 1421 2138 lapsa.
1444 2081 1638 2134 D0U2A3
1654 2091 1698 2125 et
1713 2081 1785 2125 hic
1802 2087 1923 2138 lapso
1937 2094 2024 2128 tre-

1163 2145 1308 2190 decim
1325 2150 1472 2202 :largo
1487 2162 1614 2189 unus.
1634 2148 1747 2189 Lato
1766 2163 1884 2192 unus
1900 2164 2023 2192 :con-

1149 2214 1332 2268 fluitura
1351 2212 1487 2254 etiam
1511 2227 1627 2254 unus
1649 2211 1837 2255 Heinsii.

1216 2278 1294 2321 681
1303 2311 1312 2319 .
1333 2280 1469 2322 Nulla
1462 2281 1527 2336 fit
1538 2281 1772 2333 ulplaceas
1784 2288 1866 2323 etc.
1882 2280 2023 2336 Quid-

1164 2343 1271 2400 quid
1283 2342 1383 2387 libri
1394 2352 1567 2401 veteres
1579 2343 1840 2388 dissentiant
1853 2378 1864 2400 ,
1877 2345 2022 2404 legen—

1162 2408 1272 2452 dum
1302 2411 1484 2468 putabat
1506 2411 1719 2455 Heinsius
1742 2429 1752 2455 :
1778 2412 2026 2470 MULTAfit

1160 2482 1210 2520 ut
1218 2480 1399 2534 placeas
1412 2487 1494 2521 etc.
1511 2477 1608 2535 Ego
1620 2494 1743 2531 vere,
1756 2479 1901 2534 inquit
1911 2480 2022 2522 Bur-

1159 2559 1280 2586 man.
1293 2543 1469 2586 nullum
1479 2560 1661 2587 sensum
1674 2543 1820 2598 video,
1830 2545 1865 2588 si
1881 2545 2020 2589 Hein-

1161 2610 1328 2653 sianam'
1362 2608 1727 2653 emendationem
1752 2626 2015 2666 sequamur,

1160 2682 1206 2716 et
1237 2673 1506 2717 inconcinne
1540 2674 1785 2717 admodum
1816 2691 1839 2717 a
1873 2675 2018 2731 puella

1159 2738 1230 2782 illa
1245 2739 1387 2782 aliena
1401 2772 1414 2793 ‚
1426 2740 1471 2781 in
1486 2747 1767 2796 pentametro
1778 2773 1789 2793 ,
1806 2739 1947 2782 oratio
1961 2740 2016 2782 ad

1159 2803 1278 2846 illam
1295 2837 1307 2859 ,
1331 2820 1466 2860 quam
1494 2804 1601 2846 olim
1631 2812 1872 2854 amaverat,
1896 2820 2014 2847 con-

1158 2870 1368 2925 vertitur,
1391 2886 1527 2926 quum
1541 2874 1598 2914 Τὸ
1611 2873 1691 2912 illa
1703 2869 1756 2913 de
1774 2870 1927 2914 eadem
1946 2873 2015 2928 agi

1158 2935 1362 2978 ostendat
1388 2954 1394 2977 :
1427 2951 1562 2991 quare
1595 2935 1817 2992 vulgatam
1835 2969 1846 2990 ,
1880 2952 2015 2992 quam

1158 3015 1315 3043 omnes
1329 3000 1500 3044 codices
1514 3000 1783 3044 confirmant
1795 3035 1806 3055 ‚
1823 3002 2011 3056 retium,

1157 3082 1254 3124 quae
1276 3067 1395 3110 hunc
1413 3067 1632 3124 optimum
1655 3084 1834 3111 sensum
1855 3067 2011 3112 habet:

1156 3133 1189 3176 si
1214 3133 1299 3175 ulla
1320 3133 1375 3175 sit
1398 3133 1475 3175 tibi
1495 3149 1599 3176 cura
1621 3133 1820 3189 placendi
1841 3133 2009 3190 puellae,

1158 3215 1291 3255 quam
1302 3199 1392 3254 jam
1408 3214 1499 3241 non
1515 3215 1596 3256 pro
1610 3207 1701 3253 tua,
1723 3198 1799 3242 sed
1810 3215 1890 3256 pro
1905 3200 2010 3242 alie-

1155 3279 1213 3306 na
1226 3263 1386 3307 habere
1403 3262 1557 3314 debes;
1581 3264 1646 3307 sac
1659 3271 1710 3306 ut
1729 3263 1798 3306 1113
1818 3264 1873 3307 sit
1887 3264 1963 3306 tibi
1984 3280 2007 3305 e

1155 3329 1304 3372 multis
1336 3345 1423 3371 una
1439 3362 1451 3383 ,
1472 3345 1618 3385 neque
1643 3329 1905 3386 praecipuam
1934 3338 2007 3370 aut

1155 3394 1374 3451 egregiam
1407 3393 1577 3436 habeas.
1600 3395 1760 3437 Aliena
1780 3402 1872 3448 est,
1893 3392 2005 3435 alie—-

1154 3467 1256 3502 nata
1270 3492 1280 3511 ,
1301 3458 1371 3502 vel
1385 3467 1598 3514 tanquam
1613 3467 1819 3501 extranea
1830 3492 1842 3513 ,
1860 3466 1907 3500 ut
1923 3457 2005 3499 Te-
