2268 3776
34 3312 51 3327 d

534 308 803 366 ARTIS
844 306 1309 363 AMATORIAE
1363 307 1520 364 LIB.
1563 306 1685 360 111.
1891 304 1997 379 377

235 428 398 491 obde
427 427 630 500 forem;
661 441 717 488 et
746 426 886 486 duro
918 424 1065 485 dicat
1093 424 1196 484 tibi
1223 424 1425 505 janitor
1451 446 1579 485 ore:

313 526 442 585 Non
471 536 656 607 potes;
684 520 963 582 exclusum
994 534 1046 582 te
1078 541 1301 603 quoque
1330 533 1517 597 tanget
1546 541 1713 578 amor.

235 621 431 681 Ponite
456 619 566 701 jam
594 617 805 697 gladios
834 618 1096 690 hebetes;
1125 630 1405 700 pugnetur
1434 616 1633 686 acutis;
1723 646 1732 650 >

315 721 430 780 Nec
458 715 656 776 dubito
673 762 687 789 ‚
714 715 836 777 telis
864 715 999 799 quin
1029 728 1185 798 petar
1210 712 1329 797 ipse
1355 712 1507 772 meis.
1920 728 2001 787 590

237 817 386 876 Dum
415 811 562 874 cadit
588 812 647 872 in
677 811 906 896 laqueos
929 825 1123 895 captus
1152 833 1374 894 quoque
1403 831 1581 892 nuper
1606 819 1838 878 amator,

315 908 510 971 Solum
538 933 595 971 se
626 908 895 971 thalamos
925 922 1106 992 speret
1131 907 1334 969 habere
1364 920 1508 966 tuos,

231 1006 538 1069 Postmodo
566 1006 814 1079 rivalem,
846 1006 1158 1090 partitaque
1188 1003 1393 1065 foedera
1420 1001 1546 1063 lecti

310 1103 557 1165 Sentiat:
581 1103 681 1165 has
710 1108 854 1165 artes
886 1101 1048 1176 tolle;
1078 1114 1327 1163 senescet
1353 1123 1523 1162 amor.

229 1200 375 1261 Tum
401 1199 544 1261 bene
571 1198 733 1260 fortis
762 1222 963 1282 equae,
991 1212 1233 1260 reserato
1261 1218 1499 1267 carcere,
1524 1194 1722 1264 currit,
1922 1209 2001 1264 59.·

311 1295 501 1375 Quum
520 1341 535 1368 ‚
568 1318 709 1378 quos
737 1309 1052 1378 praetereat,
1078 1316 1331 1377 quosque
1359 1305 1647 1375 sequatur,
1673 1287 1857 1350 habet.

230 1391 554 1473 Quamlibet
581 1392 852 1453 extinctos
882 1392 1081 1474 injuria
1112 1390 1343 1451 suscitat
1370 1389 1543 1467 ignes.

311 1491 399 1550 En
422 1512 554 1569 ego,
583 1488 880 1561 confiteor,
913 1512 1051 1560 non,
1078 1487 1188 1548 nisi
1217 1485 1411 1558 laesus,
1441 1508 1582 1545 amo.

234 1586 413 1647 Causa
440 1599 622 1671 tamen
647 1585 879 1646 nimium
907 1608 1025 1645 non
1054 1584 1129 1645 sit
1157 1581 1445 1645 manifesta
1476 1579 1718 1651 doloris3

314 1682 589 1766 Pluraque
618 1682 889 1744 sollicitus
906 1728 921 1755 ‚
951 1706 1116 1765 quam
1144 1680 1305 1750 sciat,
1333 1702 1449 1740 esse
1479 1691 1650 1761 putet.
1919 1692 2001 1734 600

233 1778 435 1840 Incitet
460 1792 514 1840 et
542 1777 656 1839 ficti
683 1778 855 1839 tristis
886 1776 1139 1838 custodia
1167 1774 1342 1845 servi,

311 1884 387 1943 Et
413 1882 646 1943 nimium
673 1882 797 1942 duri
827 1904 957 1941 cura
985 1878 1219 1940 molesta
1247 1877 1366 1937 viri.

232 1984 371 2066 Quae
398 1984 549 2060 venit
578 2008 643 2046 ex
674 1998 825 2056 tuto,
850 1982 1034 2043 minus
1064 1995 1149 2042 est
1175 1994 1398 2063 accepta
1424 1978 1694 2061 voluptas.

311 2088 393 2147 Ut
417 2086 492 2148 sis
521 2085 750 2147 liberior
773 2083 1012 2156 Thaide,
1039 2082 1187 2161 finge
1215 2095 1413 2143 metus.

231 2188 423 2269 Quum
449 2186 645 2250 melius
673 2186 894 2248 foribus
921 2186 1105 2269 possis
1123 2231 1139 2257 ‚
1168 2184 1395 2245 admitte
1423 2182 1659 2244 fenestra
1682 2206 1695 2251 ;
1920 2199 2002 2239 σοῦ

310 2291 487 2374 Inque
516 2303 616 2350 tuo
645 2287 804 2350 vultu
833 2287 993 2367 signa
1020 2285 1265 2348 timentis
1294 2284 1455 2345 habe.

288 2467 380 2524 587.
422 2468 540 2510 Obdc
557 2465 698 2523 forem
729 2473 811 2510 etc.
843 2464 1041 2521 Quidam
1060 2497 1074 2519 ,

236 2531 395 2574 Claude
401 2529 562 2586 samm
579 2538 623 2574 et
635 2533 725 2574 sibi
737 2529 869 2574 etiam
886 2544 967 2586 pro
986 2532 1075 2579 tibi,

233 2594 427 2652 plerique
447 2595 594 2653 scripti
612 2611 623 2647 3
647 2593 722 2639 sed
742 2595 914 2638 frustra.
943 2594 1076 2638 Forte

232 2668 382 2704 tamen
395 2674 476 2718 pro
489 2691 502 2715 ,
529 2661 688 2703 Claude
689 2659 830 2715 sorem
841 2693 852 2711 ‚
874 2658 942 2702 vel
959 2657 1077 2714 quod

231 2724 279 2768 in
299 2725 391 2768 aliis
406 2733 472 2771 est
486 2757 499 2780 ,
527 2724 800 2780 Addefomm
814 2757 826 2775 ,
859 2731 904 2767 et
926 2724 1073 2775 Abde‚

232 2790 511 2836 scribendum
523 2823 536 2845 ,
554 2791 661 2834 Cede
662 2790 761 2846 fore
774 2803 789 2842 ‚·
805 2804 886 2846 pro
897 2787 1076 2833 abscede

233 2870 258 2898 a
277 2855 467 2899 foribus:
486 2854 749 2912 utjanitoris
763 2854 921 2898 herum
941 2854 1078 2901 incre-

233 2918 375 2974 pantis
385 2917 470 2963 hoc
479 2917 547 2963 sit.
561 2918 633 2963 Sic
642 2921 784 2962 cedere
791 2920 924 2970 domo,
940 2918 1076 2974 Epist.

233 2995 302 3025 ΧΠ
316 3015 329 3038 ,
357 2983 445 3026 133.
463 2984 631 3029 Htms.
646 3007 701 3016 —
720 2985 901 3028 Frustra
911 2984 978 3027 vir
991 2984 1076 3028 cla-

233 3047 322 3092 riss.
335 3048 410 3105 qui
419 3048 528 3092 mihi
536 3064 628 3092 non
638 3048 810 3092 videtur
820 3049 1074 3093 intellexisse

234 3121 374 3169 poetae
400 3121 599 3156 mentem
614 3145 626 3167 ,
657 3113 731 3169 qui
766 3114 953 3170 puellam
983 3115 1076 3170 pri-

234 3194 358 3222 mum
377 3178 646 3235 adloquitur,
669 3187 908 3236 monetque
930 3188 979 3228 ut
997 3181 1075 3223 so-

234 3259 331 3287 rem
357 3243 581 3295 occludat3
613 3259 801 3300 moxque
824 3259 1075 3286 sermonem

235 3309 450 3352 convertit
461 3307 514 3351 ad
529 3317 769 3352 amatorem
780 3339 792 3362 ,
808 3308 878 3352 cui
889 3309 1049 3364 janitor
1059 3342 1072 3362 ,

236 3388 312 3416 ore
331 3372 444 3416 duro
462 3384 473 3411 Ξ
498 3374 594 3417 Non
606 3379 740 3426 potes.
761 3372 896 3415 Unde
915 3371 964 3414 fit
981 3405 993 3426 ,
1024 3381 1074 3416 ut

236 3436 304 3480 vel
320 3440 535 3481 exclusum
545 3469 558 3490 ‚
583 3442 733 3492 tangat
749 3436 884 3494 magis
903 3451 1037 3479 amor.

1213 2467 1307 2523 591·
1329 2465 1486 2518 Captus
1505 2475 1662 2518 quoque
1683 2475 1815 2515 nuper
1829 2463 2003 2501 amalor-

1160 2529 1277 2573 Puto
1294 2526 1574 2572 scribendum
1588 2558 1601 2581 ‚
1619 2530 1770 2581 capus
1787 2527 2009 2578 ee‘biaeaeper

1158 2601 1353 2639 amatore-⁶
1382 2594 1450 2637 vel
1468 2598 1664 2649 captatus
1679 2607 1808 2646 nuper
1829 2594 2003 2632 amator.

1159 2660 1233 2704 Sic
1243 2665 1419 2715 captata
1427 2661 1572 2713 puella
1588 2657 1660 2701 lib.
1681 2656 1729 2710 1,
1748 2655 1879 2699 Artis-
1897 2655 2004 2708 Car

1157 2731 1227 2768 lus
1241 2728 1362 2768 modo
1380 2740 1508 2779 nuper
1524 2722 1821 2766 Mentelianus
1832 2738 1843 2772 ς
1853 2720 2004 2774 sactus

1155 2806 1314 2847 quoque
1328 2805 1479 2844 nuper,
1507 2788 1624 2832 alius.
1647 2787 1785 2829 Inna.

1213 2859 1305 2914 599.
1332 2855 1475 2897 Causa
1493 2859 1631 2895 tanen
1645 2853 1818 2893 amhn
1840 2863 1925 2891 10ae
1944 2853 2006 2890 sil

1156 2920 1383 2976 nanesesisae
1389 2921 1558 2961 doloris.
1570 2917 1702 2959 Forte
1711 2915 2005 2957 mhaek'dolonk.

1209 2985 1305 3030 603.
1326 2985 1398 3026 Es
1417 2988 1517 3025 tulo.
1539 2983 1614 3024 Es
1626 2985 1724 3023 volo
1739 2979 1998 3031 Vaticanus3

1154 3066 1209 3093 ex
1227 3054 1358 3093 tacito
1382 3047 1593 3091 Scheffer.

1209 3115 1304 3169 604
1343 3115 1403 3156 Ut
1420 3117 1484 3155 sis
1509 3115 1680 3155 liberior
1705 3112 1748 3152 Τ
1740 3112 1878 3154 harde.
1910 3111 1999 3154 Pm

1156 3179 1386 3224 meretrice
1399 3177 1589 3234 qualibet
1597 3174 1861 3220 sumendum
1869 3194 1879 3227 ;
1890 3191 1979 3219 non
1986 3209 1998 3229 ,

1156 3255 1205 3289 ut
1224 3243 1400 3300 exponit
1420 3242 1593 3285 Merula
1606 3274 1619 3295 ‚
1641 3241 1696 3284 de
1718 3240 1886 3284 Tha'ide
1908 3241 2000 3284 Te-

1155 3309 1355 3352 rentiana
1370 3341 1382 3362 ,
1402 3307 1450 3349 in
1469 3305 1673 3350 Eunuch-

1208 3373 1304 3416 605.
1321 3373 1455 3426 Quum
1464 3373 1852 3422 melmfftmelius,
1865 3369 1998 3414 Palat.

1209 3436 1304 3479 606.
1340 3438 1468 3492 Signa
1493 3439 1676 3479 {imenlt‘s
1706 3438 1823 3479 habe.
1864 3437 1999 3478 Verba
