2268 3776
284 339 388 372 202

734 325 797 378 P.
854 327 1162 383 OVIDII
1219 331 1603 390 NASONIS

356 434 464 494 Vix
491 452 675 497 manet
703 462 730 498 e
762 454 917 501 tanto
945 467 1110 526 parva
1141 447 1291 528 quod
1321 472 1461 509 urna
1491 449 1654 533 capit.
2004 472 2056 527 40

274 533 453 603 Tene,
485 557 634 593 sacer
662 537 856 610 VateS‚
886 537 1113 601 flammae
1143 566 1371 624 rapuere
1403 546 1655 623 rogales3

354 631 682 692 Pectoribus
709 636 861 716 pasci
889 660 992 697 nec
1024 638 1255 698 timuere
1288 640 1398 700 tuis
1421 643 1446 701 ?

270 726 451 785 Aurea
483 742 799 790 sanctorum
827 733 1143 813 potuissent
1172 733 1376 815 templa
1404 737 1652 797 Deorum

351 823 549 895 Urere,
579 848 699 906 quae
723 840 938 887 tantum
967 829 1277 890 sustinuere
1308 831 1478 891 nefaS.

271 918 489 980 Avertit
512 920 730 994 vultus,
759 925 952 1006 Erycis
984 949 1103 1007 quae
1126 927 1377 1008 possidet
1406 951 1573 988 arceS.
2002 950 2057 1005 45

348 1022 493 1081 Sunt
522 1047 774 1106 quoque,
803 1027 899 1108 qui
923 1026 1177 1088 lacrimas
1207 1030 1550 1091 continuisse
1580 1046 1799 1110 negent.

268 1123 375 1184 Sed
405 1139 585 1185 tamen
614 1126 720 1188 hoc
749 1127 972 1201 melius,
1001 1155 1164 1213 quam
1195 1132 1242 1191 si
1272 1132 1523 1193 Phaeacia
1553 1133 1716 1194 tellus

343 1229 606 1306 Ignotum
635 1231 730 1291 vili
762 1235 1153 1316 supposuisset
1177 1234 1368 1295 humo.

266 1330 413 1389 Hinc
441 1347 584 1393 certe
612 1334 866 1394 madidos
895 1335 1158 1413 fugientis
1187 1338 1391 1420 pressit
1420 1338 1626 1399 ocellos

347 1434 557 1505 Mater3
583 1449 638 1494 et
667 1435 726 1493 in
757 1435 963 1497 cineres
989 1437 1184 1499 ultima
1214 1439 1361 1500 dona
1389 1440 1520 1500 tulit
1543 1466 1557 1500 ε
2004 1461 2056 1506 5ο

267 1533 413 1594 Hinc
444 1559 605 1595 soror
632 1537 691 1595 in
721 1552 933 1619 partem
957 1541 1159 1600 misera
1187 1565 1312 1600 cum
1335 1556 1507 1602 matre
1539 1540 1749 1602 doloris

346 1637 546 1710 Venit,
578 1639 860 1700 inornatas
892 1640 1152 1702 dilaniata
1181 1667 1383 1703 comas.

263 1842 316 1852 ·--
329 1822 459 1863 Jacel
473 1837 567 1864 ecce
593 1824 795 1866 Tibullus.
821 1826 913 1868 Illa.
927 1827 1117 1868 Tibullus

261 1895 460 1942 excerpta
478 1887 636 1930 Jureti.
657 1888 771 1931 Vide
791 1890 926 1933 Notas
949 1891 1002 1932 ad
1024 1891 1105 1947 Ep.

262 1966 342 1996 XIV
356 1984 367 2005 ,
388 1968 496 1995 vers.
517 1955 584 2012 95.
616 1954 759 2011 Supra
776 1971 784 1997 :
807 1957 885 1997 Ille
910 1960 978 1997 lui
995 1963 1116 1999 vales

262 2021 416 2071 open‘s,
439 2018 650 2072 luafama
676 2021 869 2063 Tibullus
886 2021 1032 2064 Ardet.
1054 2022 1113 2064 H.

264 2085 392 2125 zatet
404 2100 499 2126 ecce
521 2085 733 2136 Tibullus,
755 2084 1005 2129 Bernensis.

318 2150 386 2201 4ο.
424 2151 509 2191 Vtssz·
529 2156 671 2192 manet
699 2167 722 2192 e
742 2156 828 2192 tolo
850 2167 986 2204 parva
1009 2155 1123 2206 quod

262 2229 367 2255 urna
384 2217 508 2268 capit.
529 2217 575 2258 E
588 2221 704 2258 laulo
718 2214 876 2258 rectius
898 2232 1011 2258 unus
1031 2217 1116 2259 Pa-

260 2278 420 2323 latinus
434 2312 445 2334 ,
467 2290 511 2323 et
532 2296 645 2323 unus
666 2281 917 2325 Vaticanus.
939 2283 1116 2324 Praete-

263 2359 338 2386 rea
356 2344 403 2386 in
425 2361 516 2387 uno
540 2345 706 2389 Moreti
735 2355 780 2389 et
808 2346 1082 2389 Menteliano
1100 2379 1112 2401 ,

263 2424 388 2451 curva
420 2427 536 2452 urna.
566 2410 669 2453 Vid.
704 2410 757 2454 ad
786 2411 823 2454 F
825 2420 900 2454 ast.
927 2425 964 2453 11
981 2445 992 2466 ‚
1021 2412 1113 2466 408.

265 2474 427 2516 Putem
444 2507 455 2529 ,
478 2482 608 2518 curta.
630 2477 741 2519 Met.
764 2490 852 2518 x111
868 2512 879 2533 ,
903 2477 984 2520 615
1004 2493 1013 2519 :

263 2551 339 2582 Jam
351 2552 432 2583 cinis
445 2559 494 2583 est
506 2576 517 2591 ‚
534 2560 566 2583 et
578 2554 618 2583 de
631 2559 697 2583 tam
711 2565 827 2594 magno
840 2561 940 2585 restat
954 2554 1083 2585 Achille

262 2611 382 2645 Nescio
398 2613 499 2655 quid,
513 2625 660 2656 parvam
672 2600 761 2656 quod
778 2626 844 2646 non
864 2615 944 2646 bene
956 2616 1116 2656 compleat

409 2685 536 2704 umam.
872 2675 1008 2708 HBINS.

316 2737 384 2789 44.
412 2736 456 2776 T
447 2741 592 2778 aulum
612 2736 748 2791 nesus.
767 2738 937 2780 Sacrum
954 2737 1114 2781 scilicet

268 2807 407 2843 vatem
427 2801 730 2845 comburendi.

317 2869 383 2921 45.
404 2868 572 2910 Avertit
581 2870 733 2909 vultus.
747 2867 1113 2924 Superstitionem

261 2930 381 2973 illam
401 2947 493 2974 non
506 2932 765 2988 respiciendi
784 2932 838 2974 ad
852 2923 975 2976 'sacra
987 2934 1114 2975 sune-

261 2998 357 3040 bria
376 2997 546 3055 egregie
567 2997 754 3041 illustrat
773 2997 888 3041 Dan.
906 2998 1114 3041 Heinsius

263 3062 316 3105 ad
335 3061 411 3105 Sil.
430 3076 488 3105 111
505 3095 517 3117 ‚
546 3063 638 3105 180.

316 3130 382 3185 47.
417 3130 552 3182 Quam
572 3134 618 3171 si
632 3130 831 3172 Pha-acia
849 3132 982 3171 lellus.
1002 3127 1114 3171 Cor-

264 3210 366 3253 cyra
378 3193 518 3237 insula
529 3227 540 3248 ‚
563 3210 587 3236 a
602 3194 854 3237 Phaeacibus
869 3194 1035 3251 populis
1054 3195 1114 3238 sic

262 3259 375 3302 dicta
391 3292 402 3313 ‚
434 3276 521 3316 quo
551 3260 783 3303 Messalam
812 3259 1008 3302 Tibullus
1026 3258 1112 3311 fse-

264 3333 422 3379 quutus
452 3326 621 3376 suerat3
645 3324 788 3380 ibique
821 3325 975 3367 morbo
1003 3340 1111 3368 cor-

265 3397 436 3444 reptus,
458 3389 719 3432 redeuntem
744 3390 934 3432 Romam
954 3399 1111 3446 patro-

263 3468 373 3495 num
386 3468 522 3509 quum
532 3470 623 3498 non
634 3463 776 3511 posset
789 3455 999 3510 comitari,
1016 3454 1111 3498 Ele·

1201 1827 1315 1884 giam
1335 1825 1388 1869 ad
1410 1841 1513 1869 eum
1533 1825 1704 1882 scripsit
1722 1825 2018 1869 suavissimam
2038 1850 2050 1872 ‚

1200 1906 1297 1947 quae
1327 1891 1455 1934 tertia
1474 1891 1572 1933 libri
1601 1890 1745 1947 primi.
1772 1890 1943 1947 Dignus
1962 1899 2055 1933 erat

1200 1957 1387 2000 Messala
1403 1972 1535 2012 quem
1548 1956 1608 1999 sic
1622 1955 1819 1999 Tibullus
1838 1955 2052 2013 diligeret,

1198 2022 1395 2065 laudaret
1407 2023 1584 2065 Flaccus
1595 2054 1606 2076 ,
1619 2037 1752 2067 carm.
1763 2035 1819 2064 111
1831 2055 1843 2076 ‚
1858 2021 1945 2065 Od.
1958 2036 2053 2074 xx1;

1198 2097 1245 2131 et
1283 2088 1343 2131 ita
1375 2087 1550 2131 Tullius
1584 2087 1840 2144 depingeret
1865 2103 1875 2130 :
1897 2106 1918 2124 «
1936 2087 2051 2131 Cave

1198 2162 1322 2210 putes
1337 2185 1348 2206 ,
1374 2153 1587 2208 probitate
1603 2185 1614 2206 ,
1637 2152 1879 2195 constantia
1893 2185 1904 2206 ‚
1924 2169 2027 2196 cura
2040 2185 2051 2206 ,

1198 2217 1344 2261 studio
1363 2217 1610 2273 reipublicae
1627 2216 1865 2272 quidquam
1881 2217 1942 2258 illi
1962 2233 2051 2259 esse.

1199 2283 1338 2326 simile
1359 2300 1369 2334 ;
1391 2292 1440 2326 ut
1458 2282 1709 2338 eloquentia
1725 2315 1737 2336 ,
1762 2299 1847 2339 qua
1865 2282 2053 2325 mirabi-

1196 2347 1298 2391 liter
1333 2347 1500 2391 excellit
1517 2380 1528 2401 ,
1557 2346 1626 2389 vix
1654 2347 1702 2389 in
1735 2363 1788 2391 eo
1825 2347 1970 2390 locum
1999 2346 2053 2390 ad

1195 2413 1466 2456 laudandum
1481 2412 1639 2456 habere
1661 2412 1882 2465 videatur;
1900 2429 2051 2469 quam-

1198 2494 1329 2534 quam
1340 2479 1386 2520 in
1402 2478 1482 2521 hac
1492 2478 1582 2534 ipsa
1592 2477 1801 2534 sapientia
1816 2478 1910 2534 plus
1924 2493 2046 2534 appa-

1197 2554 1265 2587 ret
1278 2545 1360 2588 :ita
1376 2544 1493 2601 gravi
1512 2543 1676 2600 judicio
1688 2577 1699 2598 ,
1717 2543 1940 2600 multaque
1959 2553 2048 2586 arte

1170 2660 1173 2661 ⁷
1199 2626 1244 2652 se
1265 2609 1460 2652 exercuit
1479 2609 1526 2651 in
1548 2609 1771 2652 verissimo
1793 2624 1951 2664 genere
1974 2608 2049 2649 di-

1195 2675 1337 2717 cendi.
1356 2675 1501 2716 Tanta
1523 2684 1672 2717 autem
1699 2673 1915 2716 industria
1942 2683 2006 2715 est
2030 2706 2040 2727 ,

1195 2747 1454 2794 tantumque
1468 2737 1639 2795 evigilat
1651 2739 1698 2780 in
1711 2737 1871 2793 studio,
1890 2746 1938 2780 ut
1954 2753 2047 2780 non

1196 2803 1384 2845 maxima
1404 2802 1582 2858 ingenio
1597 2835 1608 2856 ,
1632 2801 1749 2858 quod
1775 2802 1822 2844 in
1843 2817 1896 2844 eo
1915 2817 2048 2844 sum-

1194 2883 1319 2914 mum
1335 2876 1399 2910 est
1410 2900 1420 2920 ,
1437 2867 1571 2924 gratia
1590 2866 1792 2910 habenda
1807 2866 2044 2909 videatur.»

1195 2931 1267 2974 Ad
1287 2932 1479 2974 Brutum
1497 2964 1509 2986 ,
1534 2931 1668 2988 Epist.
1692 2946 1762 2975 xv.

1250 2999 1315 3056 49.
1335 2998 1448 3039 Hinc
1466 3002 1573 3039 certe
1592 3000 1785 3039 madidos
1798 3005 1880 3039 etc.
1903 2993 2044 3036 Vide-

1194 3069 1268 3104 tur
1297 3078 1319 3104 e
1357 3061 1534 3104 Tibullo
1567 3061 1818 3118 expressisse
1835 3093 1846 3114 ,
1882 3058 1956 3115 qui
1990 3059 2047 3102 sic

1193 3129 1282 3184 ipse
1300 3160 1312 3183 ,
1334 3127 1407 3170 lib.
1428 3127 1475 3183 Ι,
1499 3127 1621 3185 Eleg.
1643 3141 1700 3169 111
1714 3160 1726 3181 ,
1750 3129 1775 3169 5
1791 3159 1803 3181 ,
1824 3141 1904 3182 sqq
1923 3141 1934 3168 :

1581 3207 1659 3240 Non
1672 3207 1725 3239 bic
1741 3206 1823 3237 mihi
1835 3213 1938 3237 mater

1232 3271 1314 3311 Qua·
1328 3271 1412 3310 legat
1425 3270 1459 3301 in
1473 3275 1603 3300 moestos
1618 3279 1690 3299 ossa
1707 3275 1837 3309 perusta
1853 3267 1944 3298 sinus
1956 3278 1987 3307 3'

1192 3332 1270 3364 Non
1284 3343 1391 3371 soror,
1408 3331 1563 3373 Assyrios
1577 3329 1677 3361 cineri
1694 3340 1766 3371 quae
1779 3329 1875 3360 dedat
1884 3327 1996 3359 odores
2009 3351 2020 3366 ‚

1233 3394 1276 3423 Et
1287 3391 1360 3423 sseat
1372 3391 1483 3422 effusis
1497 3398 1569 3421 ante
1588 3390 1735 3432 sepulcra
1749 3389 1869 3420 comis!

1194 3456 1479 3510 —Fugzbnltk.
1503 3452 1540 3495 E
1561 3452 1647 3496 vita
1666 3449 1921 3495 excedentis.
