2268 3776
277 274 388 342 214

742 279 805 331 P.
855 279 1149 335 OVIDII
1203 281 1581 339 NASONIS

274 392 490 474 Perque
523 406 672 451 tuam
699 393 916 466 faciem,
946 397 1132 474 magni
1161 398 1299 457 mihi
1328 400 1572 460 numinis
1601 401 1799 474 instar,

355 491 571 571 Perque
599 504 725 549 tuos
755 489 975 565 9011105,
1005 494 1101 575 qui
1130 518 1358 576 rapuere
1385 518 1567 569 meos;

274 586 570 669 Quidquid
598 587 731 660 eriS‚
759 612 879 648 mea
907 612 1121 671 semper
1150 591 1258 651 eris
1284 616 1295 651 :
1325 606 1386 652 tu
1416 593 1585 670 selige
1616 607 1829 654 tantum
1849 640 1863 666 ,

355 685 451 743 Me
482 708 704 766 quoque
736 684 872 745 velle
902 685 1067 757 veliS‚
1093 710 1234 746 anne
1262 702 1486 748 coactus
1516 691 1733 750 amem?
2006 707 2059 749 50

267 779 466 840 Lintea
493 781 617 840 dem
646 781 836 863 potius
854 828 868 853 ‚
896 783 1183 865 ventisque
1211 783 1519 846 ferentibus
1545 800 1699 858 utar3

354 878 463 949 Ut,
492 879 739 960 quamvis
768 878 970 952 nolim,
1003 905 1169 959 cogar
1198 905 1376 943 amare
1406 897 1604 943 tamen.

324 1031 390 1087 47.
431 1032 590 1088 Magni
619 1035 726 1075 mibi
757 1036 939 1076 numinis
978 1037 1126 1078 instar.

273 1094 515 1150 Martialis,
548 1110 616 1139 vn
632 1129 644 1151 ,
669 1096 894 1180 Epigram.
925 1115 969 1140 11
992 1114 1003 1142 :

270 1170 332 1201 Per
298 1180 396 1212 erueq
378 1177 445 1201 eut

326 1230 393 1287 49.
422 1231 486 1272 Tu
502 1232 632 1285 sehgre
652 1237 816 1274 lantum
828 1266 842 1286 ,
873 1232 946 1275 Me
972 1249 1129 1288 quoque

271 1295 380 1335 velle
403 1297 512 1336 velis
540 1303 620 1339 etc.
645 1295 685 1338 Γ
689 1311 719 1338 ιι
738 1295 884 1340 videas
901 1329 913 1352 ,
945 1313 1002 1339 an
1022 1297 1127 1341 velis

553 1183 606 1211 es,
623 1184 675 1203 ma
679 1184 731 1213 gni
760 1173 828 1204 hi
842 1174 987 1205 numinis
1011 1175 1125 1206 instar.

1210 1034 1355 1091 potius
1368 1051 1433 1077 me
1444 1038 1667 1086 volentem,
1692 1049 1826 1091 quam
1844 1037 2057 1084 coactum,

1212 1117 1360 1145 amore
1382 1102 1445 1145 tui
1467 1101 1621 1144 ardere
1643 1119 1654 1154 ;
1679 1118 1736 1144 an
1755 1099 1953 1144 secundis
1979 1114 2061 1156 po-

1212 1169 1324 1221 tius,
1356 1185 1491 1226 quam
1518 1168 1707 1212 adversis
1735 1168 1876 1211 ventis
1894 1201 1906 1223 ,
1939 1182 2062 1209 mare

1210 1235 1295 1280 hoc
1325 1237 1489 1280 iterum
1513 1245 1697 1280 tentare.
1730 1235 1847 1292 Quae
1884 1232 2064 1290 quidem

1210 1301 1469 1358 metaphora
1488 1301 1651 1347 Nostro
1671 1298 1960 1343 usitatissima.

841 1565 1245 1635 ELEGIA
1297 1567 1484 1637 XII.

503 1853 649 1884 DOLET
678 1851 871 1884 AMICAM
894 1852 1189 1886 CARMINIBUS
1219 1855 1321 1886 suls
1352 1855 1541 1887 mmmm
1571 1855 1864 1887 INNOTUISSE.

286 1962 500 2066 QUIS
528 1987 636 2047 fuit
660 1985 752 2047 ille
784 1987 900 2047 dies
918 2034 932 2059 ‚
962 2011 1094 2069 quo
1093 1987 1284 2048 tristia
1313 2011 1529 2070 semper
1557 1990 1762 2050 amanti

251 2070 255 2080 Ι
362 2086 569 2146 Omina
597 2109 714 2144 non
747 2083 886 2145 albae
915 2085 1279 2145 concinuistis
1307 2087 1475 2146 aves?

278 2184 518 2264 Quodve
546 2199 740 2266 putem
769 2182 936 2259 sidus·
952 2182 1160 2242 nostris
1190 2205 1471 2242 occurrere
1502 2155 1692 2242 votis?

362 2282 589 2361 Quosve
619 2280 816 2340 Deos
802 2304 861 2339 ιιι
889 2275 975 2341 me
1005 2279 1154 2341 bella
1182 2291 1399 2340 movere
1431 2280 1671 2362 querar?

281 2380 422 2459 Quae
451 2378 621 2439 modo
649 2378 795 2438 dicta
823 2402 943 2438 mea
973 2392 1083 2450 est,
1111 2401 1277 2460 quam
1307 2376 1451 2458 coepi
1480 2374 1636 2436 solus
1666 2397 1870 2447 amare,
2046 2390 2072 2433 5

364 2482 508 2542 Cum
535 2479 728 2540 multis
758 2504 951 2540 vereor
972 2503 1041 2541 ne
1069 2479 1142 2540 sit
1171 2478 1427 2540 habenda
1455 2477 1611 2538 mihi.

335 2644 376 2688 3.
406 2646 572 2699 Quodve
583 2650 726 2698 putem
750 2646 868 2686 sidus
891 2648 1046 2687 nostris·
1063 2661 1137 2687 oc-

282 2730 441 2759 currere
459 2717 581 2755 votis.
600 2715 722 2755 Fatis
742 2714 926 2755 Putean.
948 2721 991 2754 et
1010 2713 1138 2756 multi

285 2778 367 2820 alii.
385 2778 466 2834 Ep.
487 2777 691 2820 OEnones
700 2775 918 2833 vulgatam
931 2784 1108 2819 tuetur.

283 2850 366 2889 Quis
352 2851 445 2880 sent
457 2859 526 2893 sop
529 2859 570 2889 po
572 2859 620 2878 siu
614 2849 638 2878 it
654 2859 697 2878 no
699 2854 757 2878 sul

335 2912 373 2965 4.
393 2913 523 2953 Bella
539 2925 707 2952 movere.
724 2858 907 2959 Psarare,
933 2907 1135 2951 Francos

284 2992 320 3022 a.
341 2996 402 3022 111.
425 2996 455 3022 5.
475 2978 560 3020 vid.
584 2992 642 3020 111
666 2977 802 3034 Epist.
822 2993 862 3019 v.
891 2977 980 3019 123.

340 3049 377 3089 5.
408 3047 508 3099 Quae
527 3047 647 3086 modo
667 3047 784 3087 dicta
802 3059 895 3086 mea
911 3049 988 3086 est.
1014 3044 1137 3087 Pro—-

283 3117 394 3165 pert.
416 3123 476 3163 11,
499 3122 593 3162 vn,
624 3108 651 3150 6
672 3124 682 3151 ε

327 3177 397 3208 Nec
413 3189 482 3207 mea
499 3177 643 3214 dicetur,
662 3188 733 3218 quae
749 3177 846 3207 modo
860 3177 946 3207 dicta
963 3188 1034 3207 mea
1054 3183 1113 3207 est.

797 2846 986 2877 saunumin
988 2847 1136 2877 vesti?

282 3262 337 3270 --
368 3239 502 3292 Quam
526 3241 764 3292 coepisolus
778 3237 1024 3281 amare..De
1049 3236 1138 3280 Co-

280 3301 411 3344 rinna
430 3302 605 3358 exponit
626 3301 740 3344 hane
762 3301 963 3358 Elegiam
989 3300 1137 3344 Com-

285 3374 507 3409 mentator
523 3379 533 3406 t
549 3365 631 3418 ,sed
653 3365 768 3422 quod
793 3365 845 3408 de
865 3365 946 3409 hac
964 3365 1138 3424 proprie

281 3429 619 3488 intelligendum
626 3430 693 3486 sit,
706 3439 822 3477 certe
834 3445 1056 3486 nusquam
1067 3428 1140 3472 do-

1217 2654 1299 2689 cet.
1314 2646 1467 2688 Potest
1483 2652 1632 2687 autem
1651 2650 1695 2686 et
1713 2641 1768 2685 ‹le
1790 2641 1924 2684 altera
1943 2638 2072 2682 intel-

1216 2707 1291 2764 ligi
1310 2740 1322 2761 ,
1356 2707 1533 2764 quando
1561 2722 1692 2763 supra
1711 2705 1771 2748 ad.
1786 2704 2039 2748 Graecinum
2057 2704 2087 2757 ,¹

1220 2776 1370 2833 Elegia
1387 2775 1555 2818 decima
1568 2774 1666 2818 libri
1679 2772 1857 2818 secundi
1873 2805 1885 2827 ‚
1905 2789 1948 2815 se
1964 2771 2070 2814 duas

1220 2855 1365 2882 amare
1378 2839 1553 2895 coepisse
1571 2838 1686 2881 dicit.
1705 2838 1761 2880 Et
1771 2837 1825 2880 de
1842 2836 2041 2880 Corinna
2057 2867 2070 2888 ‚

1221 2921 1353 2963 quam
1377 2905 1483 2949 dixit
1500 2938 1512 2960 ,
1546 2905 1699 2949 sedulo
1725 2919 1900 2960 semper
1928 2902 2040 2946 cavit
2060 2934 2071 2956 ‚

1219 2989 1276 3016 ne
1304 2988 1401 3028 quae
1434 2982 1546 3016 esset
1562 3005 1573 3027 ‚
1605 2971 1736 3029 vulgo
1765 2971 2074 3014 innotesceret.

1219 3037 1373 3092 Itaque
1388 3053 1445 3080 ne
1460 3035 1591 3079 hodie
1608 3035 1789 3092 quidem
1801 3050 1957 3077 verum
1973 3034 2070 3089 ejus

1220 3121 1387 3148 nomen
1425 3114 1544 3148 certo
1582 3104 1729 3148 scitur.
1770 3103 1944 3146 MICYL.
1980 3102 2074 3147 Nec

1220 3173 1331 3215 tanti
1350 3173 1497 3215 forsan
1515 3172 1760 3228 exquirere.

1275 3237 1315 3279 6.
1332 3239 1395 3281 Ne
1405 3241 1465 3280 sit
1475 3239 1681 3279 habenda.
1693 3236 1723 3278 J
1726 3233 1819 3278 unii
1834 3267 1845 3289 ‚
1861 3235 2047 3277 amanda
2058 3265 2069 3283 ‚

1221 3308 1270 3343 ut
1289 3302 1344 3344 sit
1364 3301 1565 3358 repetitio
1588 3316 1598 3343 :
1616 3299 1693 3344 sed
1706 3299 1877 3356 vulgata
1893 3306 2009 3341 recte
2025 3312 2072 3339 se

1222 3364 1356 3410 habet
1384 3381 1394 3408 :
1423 3374 1468 3408 et
1493 3364 1616 3421 capio
1631 3397 1643 3418 ‚
1682 3372 1731 3407 ut
1752 3362 1866 3420 apud
1886 3362 2068 3404 Terent.

1224 3429 1366 3473 Andr.
1381 3438 1459 3476 act.
1481 3430 1502 3473 l
1518 3461 1530 3485 ,
1552 3442 1598 3486 1,
1624 3429 1689 3471 58.
1712 3429 1817 3484 Quis
1834 3429 1927 3470 heri
1944 3426 2073 3481 Chry-
