2268 3776
254 270 326 338 46

707 275 772 326 Ρ.
833 274 1120 331 OVIDII
1172 278 1541 336 NASONIS

251 381 500 441 Mittitur
527 380 756 443 infestos
788 384 924 446 alter
953 386 1268 469 speculator
1296 390 1356 449 in
1384 390 1572 452 hostes
1603 418 1616 453 :

327 482 392 539 In
420 479 585 539 rivale
615 480 806 542 oculos
838 482 999 556 alter,
1027 499 1091 543 ut
1119 484 1308 559 hoste,
1342 501 1506 547 tenet.

245 578 346 639 Ille
378 601 564 656 graves
592 579 759 639 urbes
777 627 791 652 ‚
825 580 916 640 hic
945 581 1092 640 (lurae
1122 580 1290 642 limen
1316 583 1499 643 amicae

330 673 571 734 Obsidet
597 699 609 733 ε
640 674 730 734 hic
759 691 950 757 portas
981 676 1215 754 frangit,
1246 692 1300 737 at
1328 677 1420 739 ille
1449 679 1613 741 fores.
1967 714 2019 742 20

250 770 401 853 Saepe
433 784 725 852 soporatos
743 771 1008 832 ‘invadere
1024 772 1252 854 profuit
1281 773 1472 833 hostes
1496 799 1508 846 ;

330 866 547 927 Caedere
576 881 631 926 et
661 882 864 927 armata
890 867 1089 945 vulgus
1118 868 1324 928 inerme
1352 894 1539 929 manu.

245 963 334 1022 Sic
359 962 472 1023 fera
496 962 738 1022 Thre'icii
768 963 1081 1024 ceciderunt
1109 966 1326 1042 agmina
1354 964 1556 1039 Rhesi;

327 1060 402 1117 Et
428 1058 714 1118 dominum
743 1060 889 1141 capti
919 1059 1238 1120 deseruistis
1256 1107 1270 1133 ,
1301 1062 1446 1144 equi.

247 1155 401 1237 Saepe
431 1154 754 1214 maritorum
785 1155 995 1215 somnis
1024 1170 1261 1216 utuntur
1287 1172 1563 1231 amantes3
1670 1181 1678 1186 ’
1967 1179 2020 1221 25

325 1257 400 1314 Et
429 1279 526 1315 sua
555 1255 754 1338 sopitis
783 1256 1045 1316 hostibus
1077 1281 1224 1317 arma
1252 1274 1490 1319 movent.

248 1357 559 1418 Custodum
588 1358 819 1418 transire
846 1382 1040 1418 manus
1069 1359 1409 1442 vigilumque
1439 1376 1677 1423 catervas
1689 1379 1707 1435 ‚‘

325 1457 556 1531 Militis,
590 1474 645 1519 et
675 1458 861 1519 miseri
892 1481 1108 1542 semper
1134 1461 1366 1521 amantis
1399 1485 1556 1545 opus.

301 1659 362 1699 17.
391 1642 627 1685 Imttitur....
648 1645 895 1698 speculator.
920 1642 1090 1701 Specu-

242 1706 354 1750 lator
369 1739 380 1760 ,
410 1706 561 1763 graecis·
579 1711 732 1769 ῶιοπτήρ
748 1740 760 1762 ,
795 1716 839 1750 et
869 1709 1060 1764 διάγγελος
1077 1741 1089 1762 ,

243 1771 455 1816 carnificis
468 1770 662 1814 officium
676 1772 907 1828 peragebat
919 1805 930 1827 ‚
947 1773 992 1814 in
1008 1773 1092 1816 reis

244 1836 383 1893 capite
411 1835 625 1879 damnatis
650 1836 924 1880 decollandis.
956 1837 1092 1880 Dice-

242 1901 371 1944 batur
391 1917 564 1957 quoque
584 1909 726 1944 custos
741 1902 933 1958 corporis
948 1902 1092 1958 impe-

243 1967 415 2019 ratorii;
440 1975 484 2009 et
502 1966 548 2008 in
569 1983 617 2008 re
637 1966 805 2021 navali,
825 1966 878 2009 de
895 1966 993 2022 illo,
1017 1967 1092 2023 qui

245 2031 469 2089 quomodo
482 2031 697 2075 flectenda
707 2031 882 2074 navisin
898 2031 1000 2075 locis
1014 2047 1093 2088 pe-

242 2097 450 2151 riculosis,
464 2097 801 2154 gubernatorem
816 2096 1092 2140 admonebat.

244 2166 334 2208 Pro
355 2167 615 2220 exploratore
629 2197 639 2215 ,
661 2163 733 2207 hic
751 2164 1037 2221 accipiendus.

401 2242 451 2271 Ut
467 2240 553 2271 sama
564 2239 660 2270 fidem
678 2240 836 2282 missique
851 2243 1018 2282 reportant

242 2302 492 2345 Exploratores.
711 2303 823 2333 VIRG.
844 2311 888 2333 xl
903 2326 914 2341 ,
935 2304 1005 2333 511.

304 2380 365 2422 ¹9·
402 2364 560 2406 Graves
587 2366 718 2406 urbes.
750 2363 869 2406 Male
890 2363 961 2407 hic
981 2363 1093 2406 Ma—

243 2428 334 2470 rius
355 2427 533 2483 explicat
550 2461 561 2482 ,
586 2429 633 2470 in
653 2428 808 2484 quibus
829 2444 1095 2485 expugnan-

248 2490 312 2533 dis
330 2490 521 2533 multum
540 2491 739 2534 laborant
751 2492 909 2535 milites
925 2510 936 2545 ;
957 2492 1025 2535 vel
1046 2493 1093 2534 in

246 2571 433 2612 quarum
452 2556 676 2599 obsidione
695 2557 838 2611 major
857 2557 972 2600 inest
992 2572 1095 2612 gra-

244 2625 375 2673 m'tas,
395 2637 527 2677 quam
542 2621 589 2663 in
606 2620 827 2664 amatoria.
845 2620 934 2663 Sed
945 2637 1094 2675 graves

245 2694 350 2729 sunt
380 2685 528 2729 vicinis
548 2685 687 2728 noxiae
709 2694 753 2728 et
779 2685 1062 2728 imminentes
1083 2701 1092 2727 :

249 2759 299 2794 ut
320 2751 437 2794 Flor.
458 2764 500 2805 1,
525 2751 549 2793 3
573 2766 582 2794 :
603 2751 800 2794 Albanos
817 2767 982 2806 gravem
1002 2767 1094 2806 po·-

237 2819 385 2872 pulum
406 2815 510 2859 dicit
533 2829 543 2855 :
572 2825 617 2859 et
645 2816 706 2860 ita
724 2816 922 2859 Justinus
951 2823 995 2858 et
1023 2815 1095 2858 alii

249 2882 438 2925 centies:
461 2897 564 2924 mox
584 2881 747 2938 Regius
761 2914 772 2936 ‚
794 2883 907 2923 diroe.
930 2880 1094 2923 Bnnm.

301 2964 371 2990 20.
389 2950 475 2991 Hic
488 2954 637 3003 portas
645 2948 818 3003 frangit
827 2963 842 3001 ,·
862 2951 914 2989 at
931 2949 1006 2988 ille
1013 2945 1094 3001 fo—

246 3029 326 3055 res.
357 3012 515 3068 Quum
535 3013 690 3055 urbem
718 3028 880 3055 novam
901 3011 1095 3054 Romani

249 3077 519 3132 conderent,
535 3088 678 3121 aratro
693 3078 811 3121 urbis
828 3079 986 3120 suturae
1004 3092 1094 3133 spa-

248 3145 360 3186 tium
383 3143 686 3200 designabant3
709 3145 783 3187 ubi
802 3160 907 3186 vero
927 3142 1094 3185 introi-

247 3216 317 3251 tus
337 3217 380 3251 et
400 3210 538 3252 exitus
555 3209 727 3251 futurus
749 3217 841 3251 erat
856 3241 868 3264 ‚
903 3215 1095 3250 aratrum

249 3290 274 3316 a
293 3273 565 3332 (lesignatore
579 3278 839 3329 portabatur.
876 3272 987 3317 Cato
1004 3305 1016 3328 ,
1047 3272 1094 3315 in

250 3339 524 3395 Fragmentis
551 3356 560 3382 :
590 3358 611 3377 «
636 3340 729 3395 Qui
750 3340 906 3382 urbem
933 3352 1106 3382 novam.

251 3407 399 3452 condit
414 3441 426 3462 ‚
442 3415 567 3450 tauro
583 3417 629 3451 et
642 3424 764 3452 vacca
781 3417 897 3450 aret:
913 3407 983 3449 ubi
1000 3421 1097 3448 ara-

1172 1646 1284 1689 verit
1305 1677 1318 1700 ,
1354 1661 1537 1688 murum
1562 1646 1719 1698 saciat;
1754 1647 1829 1690 ubi
1851 1652 2018 1703 portam

1171 1710 1265 1754 vult
1281 1727 1392 1762 esse,
1416 1720 1612 1754 aratrum
1622 1711 1838 1765 sustollat,
1861 1720 1905 1754 et
1916 1729 2019 1767 por-

1172 1780 1260 1817 tam
1274 1783 1407 1819 vocet.
1419 1794 1440 1814 »
1453 1778 1640 1818 —Fores
1651 1791 1772 1829 vero,
1784 1776 2018 1819 domorum

1172 1841 1358 1897 propriae
1376 1873 1387 1895 ,
1418 1849 1463 1883 et
1484 1855 1579 1896 quae
1604 1856 1819 1896 suspensae
1838 1841 1885 1883 in
1914 1858 2017 1884 car-

1173 1905 1276 1948 dine
1295 1906 1600 1958 versabantur,
1621 1905 1886 1949 serebantur.

1231 1971 1293 2013 23.
1313 1972 1383 2014 Sic
1382 1970 1486 2026 fera
1500 1971 1773 2012 Threiciietc.
1788 1969 1858 2012 De
1871 1970 2018 2013 Rheso

1173 2043 1218 2078 et
1247 2034 1424 2077 Dolone
1454 2032 1642 2077 vidimus
1663 2065 1675 2088 ,
1710 2031 1765 2075 ad
1797 2033 1932 2090 Epist.
1962 2047 1982 2075 1
2005 2067 2017 2086 ‚

1174 2103 1222 2156 4Ι
1243 2134 1254 2156 ,
1277 2117 1370 2157 sqq-

1229 2170 1293 2222 24.
1326 2169 1466 2222 Capti.
1493 2165 1644 2210 Codex
1664 2165 1852 2219 Douzae,
1874 2168 1998 2220 rapti.

1226 2234 1292 2275 25.
1322 2234 1492 2288 Nempe.
1514 2233 1629 2287 Soepe
1648 2246 1728 2287 pro
1747 2230 1914 2273 diversa
1932 2229 2023 2272 lec-

1173 2296 1295 2340 tione
1310 2296 1595 2340 Sarravianus
1609 2311 1619 2338 ε
1633 2294 1751 2351 quod
1766 2293 1937 2336 arridet.
1960 2293 2020 2334 H.
2048 2287 2051 2295 '

1228 2362 1293 2404 26.
1323 2364 1387 2404 Et
1412 2377 1491 2407 sua
1523 2369 1604 2403 etc.
1625 2393 1636 2415 ‚
1679 2362 1851 2402 movent.
1889 2357 2021 2400 Unus

1174 2426 1346 2469 Heinsii
1359 2427 1482 2480 liber,
1493 2427 1688 2482 Soevaque
1695 2427 1857 2479 sopitis.
1874 2424 2021 2465 Etsua

1171 2497 1324 2548 sopitis
1350 2495 1540 2536 hostibus
1572 2507 1690 2535 arma
1710 2494 1888 2540 nocent,
1913 2488 2020 2532 Sar-

1171 2558 1279 2600 ravii
1292 2567 1335 2600 et
1355 2557 1522 2600 Moreti
1536 2590 1547 2612 ‚
1564 2556 1682 2613 quod
1697 2555 1837 2598 multo
1849 2553 2020 2610 planio-

1171 2639 1269 2666 rem
1297 2623 1399 2666 sacit
1427 2637 1606 2665 sensum
1636 2637 1646 2661 :
1679 2620 1823 2662 hostes
1856 2633 2018 2672 nempe

1172 2688 1333 2744 sopitos
1346 2687 1431 2729 suis
1447 2686 1576 2729 armis
1591 2684 1738 2739 occidi.
1759 2681 2018 2725 Admodum

1172 2750 1299 2793 sudat
1315 2750 1484 2793 Marius
1502 2750 1549 2792 in
1563 2746 1825 2805 explicandis¹
1834 2746 1914 2789 illis
1929 2751 2020 2788 suis

1172 2821 1300 2859 armis
1311 2832 1323 2859 t
1340 2815 1416 2859 sed
1430 2815 1641 2871 intelligas
1649 2814 1780 2857 velim
1790 2828 1911 2855 arma
1922 2827 2019 2868 quae

1171 2881 1250 2938 ipsi
1269 2885 1414 2924 mariti
1428 2876 1581 2924 contra
1600 2896 1647 2922 se
1667 2880 1886 2936 praebenb,
1910 2877 2017 2920 dum

1171 2950 1323 3002 sopiti,
1359 2954 1531 3001 tempus
1552 2953 1596 2987 et
1615 2944 1762 2988 locum
1783 2941 2019 2987 invadendi

1172 3015 1360 3055 hostibus
1379 3011 1652 3068 permittunt.

1228 3091 1293 3134 27.
1321 3078 1530 3119 Transire.
1548 3075 1786 3132 Proprium
1803 3073 1851 3116 in
1870 3072 1951 3115 hac
1968 3087 2018 3113 re

1172 3143 1368 3185 verbum.
1391 3141 1528 3184 Tacit.
1549 3155 1643 3194 xlv,
1666 3140 1784 3182 Ann.
1806 3141 1884 3193 44:
1906 3139 2019 3182 Num

1172 3210 1376 3250 excubias
1390 3205 1592 3249 transiret
1606 3238 1617 3259 ,
1639 3206 1825 3247 cubiculi
1825 3202 1949 3258 fores
1960 3218 2019 3243 re-

1171 3275 1359 3315 cluderet
1373 3286 1385 3322 ;
1412 3274 1547 3313 lumen
1562 3270 1737 3326 infhrret
1748 3276 1826 3310 etc.
1840 3299 1851 3321 ‚
1874 3270 2018 3309 omni-

1174 3342 1250 3380 bus
1263 3340 1418 3379 nesciis
1433 3340 1456 3382 ,Ρ
1486 3338 1680 3378 Transire
1699 3335 1859 3381 oculos,
1883 3330 2017 3373 habe-

1172 3403 1248 3445 bat
1263 3401 1536 3446 Francofurt.
1560 3416 1568 3442 :
1591 3415 1683 3442 non
1703 3398 1944 3442 invenuste.
