2268 3776
277 307 384 362 368

751 307 814 358 Ρ.
858 305 1155 361 OVIDII
1195 304 1584 364 NASONIS

268 422 386 482 Nec
419 435 550 498 toga
580 419 819 502 decipiat
845 420 942 480 filo
976 421 1327 493 tenuissima3
1353 446 1455 483 nec
1485 422 1533 482 si

1976 442 2061 499 445

350 517 612 580 Annulus
640 517 698 575 in
731 516 921 595 digitis
952 516 1088 578 alter
1117 532 1172 578 et
1197 517 1336 578 alter
1364 520 1484 579 erit.

267 615 527 678 Forsitan
557 638 622 673 ex
647 613 852 674 horum
882 639 1114 675 numero
1145 613 1483 676 cultissimus
1509 615 1604 676 ille

352 714 468 772 Fur
495 712 569 771 sit
587 758 601 783 ,
629 726 684 771 et
711 726 907 772 uratur
934 712 1101 772 vestis
1127 736 1313 772 amore
1344 727 1467 772 tuae.

271 813 464 875 Redde
498 838 679 874 meum
699 860 714 887 ,
740 813 978 875 clamant
1008 814 1257 897 spoliatae
1285 838 1426 897 saepe
1453 814 1682 898 puellae:

352 915 546 976 Redde
575 940 790 989 meum,
821 930 943 976 toto
972 940 1105 976 voce
1134 917 1345 977 boante
1370 916 1514 976 for0.

1979 935 2061 990 450

269 1020 415 1092 HaS,
447 1020 668 1092 VenuS‚
693 1043 721 1079 e
752 1019 973 1102 templis
1001 1018 1178 1079 multo
1208 1019 1557 1080 radiantibus
1584 1041 1719 1079 auro
1738 1065 1754 1092 ‚

350 1125 528 1183 Lenta
555 1121 710 1182 vides
738 1120 864 1183 lites
883 1169 898 1195 ‚
927 1122 1325 1205 Appiadesque
1358 1123 1504 1182 Deae.

269 1225 416 1285 Sunt
446 1249 670 1308 quoque
693 1249 812 1285 non
844 1224 1013 1285 dubia
1041 1224 1291 1308 quaedam
1318 1224 1461 1285 mala
1484 1224 1717 1284 nomina
1737 1223 1914 1285 fama:

349 1329 610 1412 Deceptae
638 1353 669 1389 a
703 1328 892 1388 multis
921 1328 1128 1388 crimen
1159 1328 1394 1388 amantis
1424 1327 1649 1388 habent.

272 1431 487 1492 Discite
517 1432 586 1492 ab
615 1430 842 1491 alterius
865 1431 1063 1492 vestris
1091 1431 1342 1491 timuisse
1372 1429 1648 1514 querelis:

350 1537 535 1595 Janua
556 1534 738 1595 fallaci
764 1559 866 1595 nec
898 1535 970 1595 sit
999 1549 1189 1619 aperta
1216 1535 1355 1595 viro.

272 1639 486 1699 Parcite
507 1686 521 1712 ‚
553 1637 917 1721 CecropideS,
944 1638 1155 1720 juranti
1183 1637 1402 1699 credere
1432 1637 1682 1710 Theseo;

272 1822 445 1870 ponunt
461 1846 472 1868 ‚
505 1830 603 1871 quae
632 1823 803 1859 vestem
836 1815 974 1872 ipsam
1012 1824 1130 1859 arcte

271 1879 538 1938 adstringat,
554 1881 785 1937 pluresque
800 1898 926 1938 rugas
941 1882 1028 1925 sive
1049 1883 1134 1938 pli-

273 1962 342 1989 cas
361 1947 500 1990 saciat.
533 1947 724 2004 Scaliger
744 1951 907 2003 lingula
936 1948 1132 2006 legebat:

274 2012 393 2068 quod
411 2012 645 2056 confirmat
664 2013 897 2069 Gruterus,
919 2015 991 2070 qui
1011 2031 1034 2058 e
1053 2030 1133 2058 suo

274 2077 422 2120 codice
451 2081 585 2132 ligula
615 2077 804 2121 adducit.
841 2079 898 2122 Et
919 2095 944 2122 e
967 2079 1103 2136 glossa
1118 2113 1130 2135 ,

276 2157 373 2198 quae
390 2140 565 2184 videtur
590 2142 670 2184 alia
697 2143 826 2186 fuisse
850 2143 977 2186 lectio
1001 2177 1013 2199 ,
1051 2149 1135 2187 im-

267 2224 406 2263 pexas
422 2211 584 2263 lingula
599 2225 712 2251 nexa
723 2225 879 2252 comas.
892 2209 948 2252 D.
965 2211 1010 2253 H
1016 2223 1132 2253 Ems.

276 2271 394 2314 Vide
427 2272 682 2315 Ferrarium
696 2306 707 2327 ,
744 2272 814 2316 lib.
849 2273 918 2316 III
936 2306 948 2327 ,
986 2273 1042 2317 de
1065 2274 1132 2317 Re

274 2341 398 2382 Vest.
416 2355 508 2396 cap.
528 2357 548 2395 7
566 2357 576 2392 ;
599 2340 696 2395 qui,
717 2349 876 2396 praeter
889 2339 1103 2383 Ovidium
1119 2374 1131 2396 ,

275 2406 504 2450 neminem
521 2409 733 2461 cingulum
753 2405 904 2450 dixisse
925 2416 1062 2450 notat.

331 2475 426 2528 452.
446 2473 746 2529 Appiadesque
759 2475 874 2517 Deoe.
889 2474 1038 2530 Hujus
1052 2474 1136 2518 loci

276 2538 409 2581 etiam
435 2537 594 2581 Caelius
613 2538 890 2595 Rhodiginus
913 2539 1132 2593 meminit,

275 2603 348 2647 lib.
375 2603 467 2646 XII
482 2635 494 2657 ,
518 2619 608 2659 cap.
630 2617 673 2655 13
700 2603 777 2646 sed
801 2613 844 2647 et
865 2605 953 2661 ipse
975 2604 1135 2647 eodem

277 2671 413 2714 modo
427 2669 499 2729 (ut
514 2669 711 2727 Merula)
731 2671 784 2713 de
804 2673 983 2715 Venere
997 2705 1008 2727 ,
1030 2673 1134 2715 Pal-

276 2739 402 2793 lade,
437 2737 714 2792 Concordia,
746 2739 860 2781 Pace
880 2772 891 2793 ,
922 2748 967 2781 et
996 2741 1133 2783 Vesta

278 2805 467 2863 exponit.
482 2807 710 2860 Appiades‚
734 2805 785 2847 ab
806 2805 949 2861 Appia
961 2821 1070 2861 aqua
1086 2806 1133 2847 in

277 2872 427 2913 sorum
448 2868 630 2913 Caesaris
648 2868 898 2912 introducta
912 2902 924 2924 ,
947 2869 1133 2925 adpella-

279 2944 344 2979 tas
364 2934 511 2978 sentit.
532 2933 707 2976 Mmu.

333 2998 428 3053 453.
461 2999 568 3040 Sunt
591 3014 749 3054 quoque
781 3014 864 3040 non
896 3000 1025 3040 dubia
1051 3005 1133 3040 etc.

280 3063 422 3107 Locus
450 3063 676 3106 intricatus
692 3097 704 3118 ,
737 3073 781 3107 et
806 3064 928 3120 cujus
955 3078 1133 3106 sensum

280 3128 350 3170 vix
366 3127 587 3185 pervideo.
616 3128 664 3171 Si
687 3128 739 3172 de
758 3129 910 3185 puellis
931 3137 1027 3185 agat
1043 3161 1054 3182 ,
1086 3137 1134 3171 ut

281 3192 459 3235 Merula
486 3193 626 3249 capit,
664 3209 815 3236 sensus
840 3210 930 3236 esse
960 3202 1131 3249 posset,

283 3273 373 3299 esse
394 3256 604 3313 quasdam
622 3289 633 3310 ,
661 3257 815 3312 quibus
838 3265 1005 3300 constat
1025 3256 1134 3299 nul—

283 3320 370 3363 lam
383 3337 471 3364 esse
485 3320 734 3364 hahendam
749 3321 884 3364 fidem
899 3340 908 3373 ;
926 3337 1021 3378 quae
1032 3330 1135 3364 sunt

281 3385 460 3428 indubie
480 3389 596 3427 mala
614 3390 803 3437 nomina,
830 3396 879 3429 ut
899 3386 1136 3430 creditores

284 3449 515 3507 (licuntur,
543 3450 616 3507 qui
637 3449 773 3494 fidem
789 3467 879 3494 non
899 3459 1105 3507 praestant
1123 3462 1132 3491 ε

1212 1815 1282 1860 hae
1313 1823 1463 1859 autem
1485 1847 1497 1870 ,
1545 1814 1647 1871 quia
1678 1812 1870 1870 deceptae
1906 1818 2010 1855 sunt
2044 1828 2068 1854 a

1214 1884 1362 1928 multis
1380 1918 1391 1938 ,
1410 1884 1543 1927 etiam
1555 1884 1659 1927 alios
1673 1883 1827 1926 volunt
1838 1881 2036 1939 decipere
2055 1900 2067 1935 ;

1215 1957 1260 1992 et
1281 1949 1341 1992 ita
1360 1949 1443 2006 legi
1465 1958 1608 2006 posset
1627 1948 1671 1990 in
1693 1955 1971 2005 pentametro
1992 1959 2004 1987 ι

1255 2021 1406 2059 Deceptae
1419 2030 1438 2049 a
1452 2019 1565 2048 multis
1577 2019 1698 2049 crimen
1714 2020 1851 2049 amantis
1865 2024 1985 2048 amant.

1216 2079 1386 2123 Imitari
1420 2089 1571 2124 amant
1601 2088 1824 2123 amantem
1838 2113 1848 2132 ,
1889 2080 1964 2136 qui
1996 2095 2069 2123 eos

1216 2144 1416 2201 decepit;
1442 2144 1519 2188 sed
1543 2144 1823 2188 incommode
1847 2153 1951 2187 tunc
1973 2144 2067 2186 sin-

1217 2208 1375 2266 gularis
1391 2209 1461 2251 ille
1486 2213 1672 2251 amantis
1693 2208 1868 2252 additur
1887 2217 1940 2268 τῷ
1962 2212 2071 2251 mul-

1216 2279 1286 2317 lis.
1305 2274 1460 2330 Quare
1481 2291 1585 2318 cum
1602 2275 1958 2319 Francofurtensi
1974 2291 2070 2331 pos-

1215 2347 1282 2382 set
1313 2339 1398 2396 legi
1417 2373 1429 2394 ,
1469 2344 1624 2383 crimen
1657 2344 1815 2383 amortlr
1831 2358 1842 2393 ;
1884 2339 1961 2383 sed
1992 2356 2070 2382 se—

1218 2408 1396 2463 quentia
1416 2407 1559 2464 potius
1578 2407 1790 2461 suadent,
1809 2407 1901 2450 haec
1921 2407 2071 2449 omnia

1217 2473 1272 2517 de
1292 2474 1394 2517 viris
1412 2474 1632 2518 fallacibus
1653 2491 1742 2517 esse
1764 2473 1974 2531 capienda
1989 2506 2000 2527 ,
2020 2481 2071 2515 ut

1217 2541 1424 2597 exemplis
1448 2540 1666 2584 Ariadnes
1688 2550 1734 2584 et
1756 2539 1965 2599 Phyllidis
1986 2539 2068 2582 de-

1217 2614 1444 2662 ceptarum
1459 2639 1471 2659 ‚
1494 2622 1596 2648 mox
1617 2605 1886 2662 comprobat.

1272 2671 1367 2724 455.
1391 2673 1560 2714 Discite
1576 2674 1631 2712 ab
1651 2674 1827 2713 allert‘m·
1841 2670 1992 2711 vestris·
2012 2670 2071 2709 ti-

1216 2739 1372 2777 muisse
1381 2739 1566 2791 querelis.
1585 2736 1679 2779 Nec
1693 2735 1762 2777 hic
1773 2750 1925 2777 sensus
1941 2748 2070 2788 aper-

1215 2807 1285 2842 tus
1303 2799 1405 2842 satis
1427 2815 1436 2841 :
1459 2798 1684 2855 quomodo
1707 2798 1828 2840 enim
1848 2797 2071 2840 timebunt

1216 2879 1239 2905 a
1253 2862 1462 2918 querelis?
1476 2866 1685 2906 lienuz‘sse
1696 2862 1725 2905 J
1729 2862 1878 2905 unian.
1889 2866 2071 2905 tenuisse

1214 2943 1287 2969 sex
1307 2939 1317 2965 ε
1340 2927 1386 2968 in
1406 2926 1626 2983 Neapolit.
1647 2936 1692 2969 et
1711 2927 1929 2969 Bernensi
1949 2934 2068 2980 erat,

1214 2994 1416 3033 caruisse·
1435 2991 1587 3047 Quare
1608 2991 1800 3048 legerem
1818 3008 1831 3033 .'

1214 3060 1340 3090 Discite
1354 3060 1395 3089 ab
1408 3060 1542 3090 allel-ius
1553 3084 1563 3098 ‚
1581 3061 1671 3091 vobis
1691 3061 1816 3091 cavisse
1828 3084 1839 3098 ‚
1853 3059 2007 3102 querelis.

1217 3120 1256 3163 A
1281 3121 1473 3176 querelis
1495 3120 1779 3178 deceptarum
1797 3121 2042 3178 puellarum
2057 3155 2070 3175 ‚

1218 3203 1406 3243 quarum
1419 3188 1615 3244 exempla
1627 3204 1729 3230 mox
1736 3188 1978 3244 subjiciam,
1991 3188 2070 3230 dis·

1216 3255 1298 3297 cite
1319 3254 1439 3297 vobis
1457 3271 1609 3297 cavere
1630 3267 1640 3294 t
1659 3263 1704 3298 et
1720 3271 1808 3311 seq.
1829 3270 1957 3297 versu
1978 3255 2070 3297 Re-

1219 3319 1311 3375 gius
1325 3352 1336 3374 ,
1352 3323 1514 3374 necsl'l,
1531 3320 1731 3362 Francos.
1743 3335 1825 3361 non
1837 3322 1919 3361 sil:
1931 3318 2068 3374 probo

1219 3385 1348 3441 Regii
1365 3384 1625 3440 scripturam
1641 3416 1652 3438 ,
1678 3399 1811 3440 quam
1826 3384 2066 3428 Bersman‘

1218 3467 1302 3495 nus
1326 3451 1544 3508 expressit.
1565 3451 1729 3497 BURM.
