2268 3776
487 307 753 364 ARTIS
791 306 1257 360 AMATORIAE
1293 308 1452 363 LIB.
1496 310 1627 364 ΙΙΙ.
1680 326 1694 343 ·

194 425 442 488 Perfidus
471 423 562 485 ille
593 421 843 506 quidem,
872 420 969 502 qui
1000 419 1124 483 talia
1152 421 1389 503 pignora
1418 438 1629 484 servat:

271 522 381 584 Sed
409 535 588 582 tamen
615 516 816 579 AEtnaei
843 515 1090 579 fulminis
1116 517 1290 579 instar
1317 520 1501 582 habet.

189 619 383 680 Judice
408 639 492 678 me
508 661 523 688 ,
552 613 701 675 fraus
727 628 813 674 est
837 636 1095 675 concessa
1119 614 1381 698 repellere
1410 615 1657 678 fraudem
1679 643 1693 691 ;

269 714 545 795 Armaque
580 711 639 770 in
669 724 907 771 armatos
937 734 1150 772 sumere
1176 711 1299 793 jura
1329 712 1535 774 sinunt.

193 811 404 871 Ducere
434 821 758 869 consuescat
785 804 987 867 multas
1014 830 1209 868 manus
1235 831 1345 868 una
1367 808 1595 887 figuras;

267 903 360 966 Ah
393 918 642 988 pereant,
670 927 772 986 per
800 927 943 986 quos
970 903 1077 964 ista
1104 904 1380 966 monenda
1407 906 1578 964 mihi!

188 1002 302 1063 Nec
331 1001 438 1062 nisi
468 999 660 1062 deletis
690 1014 876 1061 tutum
906 1000 1205 1061 rescribere
1234 1000 1374 1061 ceris
1393 1046 1409 1072 ‚
1883 1020 1963 1077 495

266 1098 349 1158 Ne
377 1111 558 1158 teneat
586 1097 828 1176 geminas
855 1120 967 1157 una
993 1095 1197 1157 tabella
1222 1120 1433 1157 manus·

186 1194 411 1256 Femina
439 1193 654 1255 dicatur
681 1192 945 1253 scribenti
976 1215 1191 1275 semper
1213 1208 1461 1265 amator;

266 1294 370 1356 Illa
395 1296 469 1356 sit
496 1296 554 1355 in
578 1295 799 1367 vestriS,
829 1295 925 1378 qui
952 1294 1061 1356 fuit
1084 1294 1207 1367 ille,
1233 1295 1398 1355 notis.

190 1398 254 1458 Si
284 1397 417 1458 licet
445 1421 475 1458 a
502 1397 684 1480 parvis
709 1397 953 1458 animum
981 1397 1051 1459 ad
1077 1398 1286 1479 majora
1313 1397 1513 1459 referre
1531 1444 1547 1470 ,

269 1500 549 1584 Plenaque
578 1515 801 1562 curvato
828 1500 1068 1587 pandere
1096 1501 1215 1563 vela
1241 1502 1400 1574 sinu3
1886 1523 1965 1562 [Νη.

189 1605 436 1666 Pertinet
464 1603 533 1664 ad
555 1603 747 1664 faciem
776 1603 1002 1665 rabidos
1031 1627 1376 1688 compescere
1401 1627 1598 1664 mores.

273 1705 519 1767 Candida
547 1729 653 1789 pax
677 1705 959 1781 homines,
987 1722 1113 1768 trux
1142 1706 1299 1768 decet
1320 1706 1400 1766 ira
1427 1692 1583 1766 seraS.

245 1883 337 1941 489.
365 1883 491 1925 Talia
512 1899 680 1927 munera
702 1889 851 1926 servat.
884 1885 1042 1939 Capta!

189 1948 531 2002 Lincolniensis;
560 1948 676 2007 quod
701 1949 805 1992 olim
828 1965 920 1993 non
945 1950 1035 1995 dis-

187 2012 336 2071 plicuit
349 2013 535 2057 Heinsio
550 2045 562 2068 ,
585 2022 630 2057 et
643 2013 696 2056 de
715 2013 966 2071 interceptis
984 2013 1038 2056 li-

147 2112 149 2114 .
187 2077 289 2122 teris
321 2077 515 2135 capiebat
544 2079 555 2121 έ
585 2085 634 2121 ut
660 2084 831 2134 captare
856 2078 926 2122 lib.
959 2079 1033 2133 11,

188 2143 281 2202 597.
303 2140 395 2186 Sed
415 2140 524 2197 mihi
543 2148 683 2186 serva!
698 2142 885 2200 probum
903 2140 1037 2185 vide-

186 2213 259 2248 tur
289 2216 302 2245 τ
334 2213 381 2248 et
405 2204 460 2248 de
491 2213 686 2248 amatore
705 2237 717 2260 ,
755 2205 829 2261 qui
864 2203 1036 2247 tabellas

190 2282 283 2313 non
303 2267 490 2312 remittit
505 2267 689 2322 deletas,
707 2268 843 2324 iisque
858 2281 1038 2324 respon-

187 2351 287 2379 sum
317 2350 446 2380 suum
470 2335 714 2394 inscripsit,
746 2333 821 2379 sed
850 2336 1035 2393 signatas

186 2408 358 2452 servan
400 2408 450 2444 ut
478 2400 612 2457 possit
648 2400 850 2443 omnibus
883 2400 1036 2457 puellae

185 2464 445 2521 scripturam
457 2463 687 2507 ostendere
704 2481 716 2517 ;
730 2473 775 2506 et
786 2463 819 2507 si
833 2463 944 2506 nolit
956 2464 1037 2520 ipsi

188 2528 368 2585 obsequi
384 2561 396 2583 ,
413 2528 572 2572 terrori
584 2528 652 2571 isti
665 2544 839 2585 semper
851 2544 949 2572 eam
962 2528 1035 2571 ha-

188 2591 290 2636 beat
315 2591 576 2647 obnoxiam,
610 2591 684 2648 qui
713 2591 957 2649 duplicatur
984 2608 1036 2635 ex

188 2673 271 2713 eo,
298 2658 332 2702 si
353 2666 446 2702 tam
473 2658 647 2701 incauta
672 2658 831 2712 suerit,
865 2667 914 2701 ut
941 2674 1035 2702 non

187 2723 340 2768 deletis
353 2722 508 2768 tabulis
528 2738 787 2781 responsum
806 2724 1037 2781 inscripse-

185 2787 241 2831 rit
254 2820 266 2842 ,
299 2797 345 2832 et
364 2789 423 2832 ita
441 2793 608 2845 gemina
632 2805 781 2831 manus
807 2797 1033 2847 appareat,

186 2853 306 2899 unde
320 2864 529 2900 mutuum
545 2857 704 2900 amoris
720 2858 1034 2901 commercium

186 2921 359 2977 probari
378 2930 531 2978 potest.
555 2923 744 2967 Easdem
764 2940 868 2967 vero
889 2925 1034 2968 tabel—

184 2985 246 3030 las
275 2986 394 3030 ultro
426 2988 621 3045 citroque
647 2990 822 3046 missas,
859 3001 904 3035 et
930 3008 1034 3035 res-

187 3049 376 3109 pons'um'
395 3051 548 3097 deletis
563 3055 704 3099 verbis
717 3057 931 3100 mittentis
945 3057 1034 3101 ins-

183 3116 373 3172 criptum
402 3116 531 3160 fuisse
547 3150 558 3171 ,
588 3127 705 3174 patet
733 3134 784 3162 ex
805 3119 957 3162 Amor.
979 3120 1000 3163 I
1018 3153 1031 3174 ,

186 3181 306 3238 Eleg.
329 3195 397 3224 111
416 3199 428 3234 ;
452 3191 496 3226 et
517 3182 677 3227 Catull‘.
696 3185 843 3242 Epigr.
867 3201 956 3229 xu.
979 3187 1032 3229 B.

240 3245 332 3305 493.
356 3246 530 3290 Multas.
567 3250 718 3291 Varias
735 3283 745 3300 ,
771 3249 926 3292 vossii.

238 3310 332 3369 498.
344 3311 433 3352 Illa
444 3315 505 3354 sil
517 3315 561 3354 in
576 3317 726 3356 vestali·
736 3347 746 3363 ‚
763 3313 930 3369 quifiu'l
937 3316 1028 3365 ille,

186 3375 308 3415 nolis.
347 3373 419 3417 sic
455 3376 613 3419 scribas
633 3409 644 3431 ,
688 3385 738 3419 ut
772 3377 825 3419 de
868 3378 1033 3420 semina

189 3454 362 3496 semper
382 3442 567 3485 scribere
588 3442 793 3497 videaris,
826 3459 962 3499 quum
982 3460 1028 3486 re

1118 1882 1210 1939 ipsa
1229 1881 1283 1924 de
1300 1881 1393 1924 viro
1407 1913 1419 1935 ,
1443 1889 1489 1924 et
1510 1880 1649 1924 amico
1669 1879 1847 1937 quidem
1862 1915 1873 1935 ‚
1898 1882 1961 1924 lo-

1119 1946 1291 2003 quaris:
1324 1945 1440 2004 quod
1473 1946 1574 1989 artis
1595 1961 1817 1989 summurn
1839 1947 1962 1991 deci-

1117 2012 1294 2070 piendi}
1332 2012 1406 2056 sed
1438 2012 1508 2055 vix
1535 2022 1705 2069 poterat
1726 2012 1810 2056 dici
1831 2014 1962 2071 inge-

1118 2077 1292 2121 niosius.

1174 2145 1268 2202 499.
1302 2144 1359 2185 ‘Se‘
1382 2145 1485 2186 lice!
1512 2158 1543 2185 a
1567 2147 1725 2196 parvis.
1758 2144 1844 2186 Sed
1867 2146 1969 2187 le'ccl

1117 2206 1262 2263 scripti
1280 2206 1496 2260 meliores,
1515 2221 1616 2250 cum
1637 2207 1784 2263 priscis
1805 2207 1965 2251 editio-

1118 2272 1257 2315 nibus.
1286 2272 1400 2329 Lege
1421 2305 1432 2325 ,
1472 2275 1553 2315 sed
1575 2275 1700 2322 libet,
1739 2274 1963 2329 quomodo

1119 2338 1227 2381 alter
1240 2337 1442 2380 Mentelii
1461 2350 1471 2377 t
1491 2353 1596 2381 nam
1615 2338 1779 2382 Mox-eti
1800 2339 1934 2383 codex
1951 2375 1961 2394 ,

1116 2406 1282 2446 silibet.
1303 2401 1629 2458 Arundelianus
1643 2434 1655 2455 ,
1680 2405 1761 2445 sed
1765 2407 1923 2457 placet.

1172 2471 1267 2512 500.
1288 2470 1491 2511 Pandere.
1511 2470 1695 2511 Tendere
1707 2469 1857 2512 multi:
1875 2473 1966 2513 red—

1116 2535 1210 2576 dere
1228 2548 1342 2575 unus
1355 2551 1366 2586 ς
1379 2535 1580 2587 prendere
1602 2533 1851 2578 Bernensis.
1874 2534 1962 2578 Sed

1116 2600 1280 2640 tendere
1314 2613 1407 2641 non
1441 2597 1554 2640 male
1586 2613 1598 2640 t
1624 2600 1811 2653 pandere
1843 2600 1963 2642 enim

1116 2662 1366 2720 simpliciter
1383 2670 1450 2706 est
1471 2662 1680 2720 explicare
1711 2678 1721 2705 :
1744 2667 1967 2707 tenduntur

1117 2735 1265 2770 autem
1283 2727 1377 2770 vela
1394 2759 1406 2781 ,
1436 2743 1573 2784 quum
1590 2728 1734 2782 major
1752 2743 1857 2770 aura
1875 2729 1964 2771 im-

1115 2792 1214 2849 plet.
1233 2792 1379 2850 Epist.
1392 2805 1480 2834 xnl
1491 2825 1503 2846 ,
1523 2794 1571 2835 15
1583 2823 1595 2846 ,
1610 2796 1858 2848 abreptaque
1868 2797 1963 2836 vela

1115 2861 1315 2900 telendit.-
1335 2867 1380 2901 et
1396 2859 1456 2900 ita
1478 2857 1590 2899 alibi.
1610 2857 1773 2900 Bmtm.

1170 2926 1224 2967 50
1231 2942 1246 2966 1
1254 2927 1458 2966 ‚Rabidos
1464 2938 1716 2977 compescere
1725 2924 1959 2966 mores.Va·

1114 2989 1282 3032 ticanus
1292 3021 1304 3042 ‚
1320 3003 1557 3043 componere
1568 3002 1702 3028 mores
1712 3020 1722 3037 ‚
1739 2986 1960 3044 eleganter

1114 3053 1259 3095 etiam.
1285 3053 1359 3095 Sic
1378 3055 1647 3106 compos-llam
1666 3056 1839 3093 mentem
1859 3051 1959 3093 insr.

1116 3122 1208 3175 572.
1233 3120 1509 3172 Compost'lam
1526 3133 1687 3167 vocem,
1709 3133 1824 3174 supr.
1850 3118 1929 3171 345
1945 3150 1956 3170 ,

1114 3200 1195 3240 pro
1214 3183 1362 3237 molli,
1395 3181 1553 3224 blanda
1568 3215 1580 3236 ,
1614 3181 1729 3225 dixit.
1749 3182 1821 3225 Sic
1837 3215 1848 3236 ,
1880 3197 1960 3239 pro

1114 3265 1365 3304 compescere
1382 3264 1571 3300 amores,
1601 3248 1648 3291 in
1684 3248 1818 3291 MSS.
1837 3258 1957 3300 erat,

1112 3330 1362 3368 componere,
1384 3312 1499 3370 apud
1517 3282 1815 3370 Piopertium,
1828 3313 1899 3355 lib.
1921 3313 1958 3366 Ι,

1115 3379 1235 3436 Eleg.
1249 3391 1360 3432 xm,
1388 3394 1460 3430 11;
1483 3379 1642 3433 et111‚
1636 3378 1774 3435 Eleg.
1792 3392 1880 3431 xv,
1903 3379 1957 3420 3:

1111 3448 1167 3479 ’r
1147 3456 1254 3488 ampo
1285 3449 1495 3478 {omns-av
1476 3448 1559 3479 neris
1579 3459 1719 3491 coonmp
1739 3412 1897 3478 mfsm’s.
