2268 3776
260 296 368 349 318
736 297 797 348 P.
843 295 1143 350 OVIDII
1192 295 1574 353 NASONIS

258 414 375 494 Qui
406 414 513 474 sibi
543 428 711 473 notus
742 414 869 487 erit,
895 414 1045 475 solus
1077 416 1350 497 sapienter
1377 417 1584 478 amabit
1610 443 1623 490 3

336 515 523 596 Atque
555 536 695 595 opus
726 512 795 573 ad
825 513 967 574 vires
1000 513 1180 591 exiget
1209 537 1368 573 omne
1399 538 1541 575 suas.

257 610 363 671 Cui
391 608 583 671 faciem
612 623 805 670 natura
839 608 1019 681 dedit,
1049 625 1326 692 spectetur
1353 611 1422 671 ab
1453 611 1582 672 illa:

339 705 445 766 Cui
475 703 627 764 color
654 720 762 778 est,
789 706 1020 766 humero
1049 730 1191 788 saepe
1218 721 1438 788 patente
1470 709 1651 768 cubet.

255 802 372 882 Qui
403 825 650 861 sermone
676 801 856 883 placet
874 849 887 875 ,
919 803 1190 863 taciturna
1220 801 1436 863 silentia
1463 804 1633 864 vitet:
1963 825 2043 866 505

336 899 453 978 Qui
485 899 631 959 canit
654 913 798 972 arte,
827 915 1015 960 canat:
1045 899 1141 982 qui
1170 899 1319 959 bibit
1344 915 1458 961 arte
1477 949 1492 973 ‚
1523 901 1698 963 bibat.

253 996 363 1056 Sed
386 1020 565 1079 neque
596 996 901 1057 declament
929 997 1111 1056 medio
1143 1021 1395 1058 sermone
1423 997 1648 1072 diserti3

335 1094 451 1153 Nec
482 1117 580 1154 sua
606 1118 719 1153 non
750 1118 916 1154 sanus
947 1093 1154 1177 scripta
1181 1109 1346 1176 poeta
1373 1093 1535 1174 legat.
1565 1123 1593 1148 »

253 1189 345 1249 Sic
374 1190 594 1250 monuit
621 1190 904 1252 Phoebus:
932 1191 1150 1251 Phoebo
1179 1206 1367 1274 parete
1395 1192 1680 1252 monenti:

337 1286 500 1347 Certa
529 1287 637 1346 Dei
661 1310 814 1347 sacro
846 1302 931 1347 est
959 1287 1129 1368 hujus
1159 1287 1217 1346 in
1248 1311 1340 1348 ore
1369 1287 1523 1349 fides.
1967 1307 2047 1348 510

251 1381 344 1443 Ad
370 1382 631 1464 propiora
659 1408 825 1443 vocor
851 1386 863 1443 !
898 1383 1174 1467 Quisquis
1206 1383 1483 1466 sapienter
1511 1384 1748 1459 amabit,

334 1482 561 1554 Vincet,
593 1496 647 1541 et
671 1505 700 1540 e
720 1496 936 1555 nostra,
966 1482 1118 1566 quod
1147 1496 1300 1564 petet
1319 1528 1333 1554 ,
1361 1495 1477 1542 arte
1503 1480 1657 1542 feret.

255 1576 476 1638 Credita
503 1601 605 1637 nec
635 1601 849 1661 semper
878 1578 1019 1639 sulci
1049 1602 1175 1638 cum
1201 1578 1411 1639 foenore
1440 1577 1716 1652 reddunt3

336 1675 452 1734 Nec
483 1698 699 1757 semper
729 1675 927 1736 dubias
958 1674 1180 1757 adjuvat
1208 1699 1340 1737 aura
1369 1690 1531 1736 rates.

219 1802 222 1805 ·
256 1775 426 1857 Quod
447 1776 601 1858 juvat
619 1824 633 1849 ,
663 1778 951 1856 exiguum3
973 1778 1101 1861 plus
1128 1793 1237 1852 est,
1262 1778 1414 1862 quod
1434 1778 1586 1839 laedit
1606 1793 1875 1840 amantes:
1963 1794 2043 1838 515

335 1881 660 1962 Proponant
689 1880 872 1941 animo
901 1881 1076 1942 multa
1105 1881 1331 1943 ferenda
1361 1907 1480 1943 suo‚

256 1983 413 2062 Quot
437 1983 650 2067 lepores
681 1986 741 2045 in
770 1986 950 2059 Atho,
978 1999 1116 2069 quot
1141 2011 1270 2069 apes
1298 2001 1606 2070 pascuntur
1634 1986 1694 2046 in
1720 1985 1937 2069 Hybla;

336 2085 549 2147 Caerula
582 2102 719 2170 quot
747 2088 943 2149 baccas
967 2087 1224 2150 Pallados
1253 2089 1419 2150 arbor
1440 2089 1641 2162 habet3

252 2187 442 2248 Litore
475 2204 612 2272 quot
642 2190 889 2263 conchae,
917 2205 1002 2250 tot
1026 2206 1158 2251 sunt
1183 2191 1241 2251 in
1270 2216 1453 2252 amore
1485 2191 1734 2252 dolores:

337 2291 478 2371 Quae
505 2292 773 2375 patimur,
797 2293 977 2354 multo
1005 2293 1218 2378 spicula
1250 2293 1376 2356 felle
1404 2294 1644 2356 madent.
1966 2308 2049 2351 520

255 2481 280 2508 e
313 2463 417 2507 caelo
446 2463 717 2509 descendisse
741 2466 945 2510 Juvenal.
982 2467 1112 2512 Satir.

256 2542 305 2571 x1
318 2562 329 2580 ‚
353 2546 403 2586 ²7
421 2562 432 2584 ,
462 2537 506 2572 et
518 2536 687 2585 pectore
715 2537 887 2575 memori
913 2538 1111 2575 tractan—

255 2597 376 2646 dum,
399 2593 670 2651 praedicabat.
705 2597 799 2640 Nec
822 2597 983 2654 injuria
1004 2599 1112 2655 qui-

256 2660 361 2703 dem
379 2693 391 2715 ‚
415 2661 679 2717 quicumque
700 2662 833 2705 fuerit
856 2673 1030 2719 auctor,
1060 2681 1112 2707 cx

254 2727 348 2784 ipso
385 2730 489 2770 coelo
526 2727 758 2771 demissam
798 2727 956 2773 dixeris
999 2747 1113 2774 sen-

254 2793 443 2836 tentiam
458 2825 470 2846 ,
494 2792 613 2838 unde
631 2826 642 2847 ,
662 2793 697 2836 si
717 2793 876 2836 rectius
893 2805 1110 2851 servetur,

255 2860 502 2904 efflorescat
521 2859 716 2903 humana
738 2859 917 2904 felicitas
936 2877 1111 2905 necesse

253 2935 332 2970 est.
354 2925 441 2969 Sed
458 2925 688 2969 fatendum
709 2934 774 2969 est
792 2926 1021 2980 Nostrum,
1043 2926 1112 2969 di-

255 2991 410 3034 vinum
450 2991 535 3035 hoc
575 3000 845 3048 praeceptum
877 2992 1112 3035 levioribus

257 3056 499 3099 admodum
518 3057 591 3100 hic
610 3057 739 3099 rebus
766 3056 1112 3100 accommodare.

312 3124 407 3164 505.
427 3124 469 3163 T
462 3126 656 3165 acilurna
665 3126 838 3165 silentia
850 3127 963 3165 vilet.
976 3125 1114 3164 Bum—

175 3239 182 3249 2
251 3193 354 3241 pat,
386 3195 586 3244 excerpta
605 3188 752 3230 Jureti
771 3197 814 3231 et
842 3197 1031 3244 quatuor
1061 3204 1112 3231 ex

257 3252 429 3296 nostris.
446 3253 539 3295 Lib.
561 3267 578 3295 1
594 3286 606 3307 ,
632 3254 816 3297 Metam.
838 3254 943 3298 208:

258 3323 388 3363 Jupiter
404 3322 463 3352 hoc
480 3323 599 3352 iterum
614 3333 760 3354 sermone
782 3323 911 3354 silentia
924 3323 1026 3364 rupit.

259 3385 464 3438 Rumpere
475 3383 606 3426 etiam
626 3384 783 3426 Horat.
806 3382 947 3439 Epod.
967 3398 1012 3438 v,
1031 3384 1082 3426 85
1100 3400 1109 3427 :

258 3449 345 3491 Sed
360 3451 510 3491 dubius
528 3451 638 3491 unde
664 3454 867 3504 rumpere!
886 3451 1111 3492 silenlium.

1194 2468 1410 2513 Nondum
1419 2476 1568 2512 tamen
1576 2457 2045 2524 vt'lcidispliceatffluod

1194 2534 1462 2591 praecipienti
1475 2533 1611 2590 magis
1620 2531 1857 2575 convenire
1871 2531 1979 2573 mihi
1989 2531 2046 2573 vi-

1195 2599 1326 2642 detur
1337 2615 1346 2642 z
1358 2598 1435 2643 sed
1443 2603 1659 2642 taciturna
1667 2600 1840 2640 silentia
1850 2597 1962 2638 sorte
1976 2595 2046 2638 ali-

1194 2665 1263 2707 cui
1293 2679 1387 2707 non
1420 2664 1643 2721 placerent
1660 2695 1672 2717 ,
1695 2670 1739 2705 et
1767 2661 2046 2704 Francosurt.

1193 2729 1352 2773 codicis
1382 2725 1645 2785 'scripturam
1673 2728 1899 2783 praeserret
1923 2730 2046 2768 noci-

1190 2802 1286 2838 tura
1296 2798 1468 2838 silentia
1481 2827 1491 2844 ‚
1513 2809 1610 2849 quae
1623 2808 1820 2835 amorem
1835 2807 1927 2834 non
1947 2806 2045 2847 pro-

1193 2868 1376 2903 movent
1390 2892 1401 2913 ,
1428 2858 1505 2902 sed
1524 2858 1585 2900 illi
1606 2866 1781 2901 nocent.
1802 2858 1966 2900 BURM.

1262 2925 1356 2967 513.
1403 2926 1602 2980 Quisquis
1631 2927 1846 2978 sapienter
1875 2924 2049 2964 amabil.

1194 2992 1374 3036 Rectius
1387 2993 1567 3035 sortasse
1584 2992 1631 3034 in
1643 2989 1882 3045 nonnullis,
1885 2994 2047 3045 patien—

1193 3065 1258 3101 ter
1270 3060 1444 3100 amabit.
1465 3058 1684 3100 NAUGER.

1248 3125 1342 3166 515.
1378 3125 1504 3177 Quod
1521 3125 1648 3165 loedz‘l.
1677 3121 1862 3165 Mallem
1881 3118 2047 3162 distin-

1195 3204 1326 3245 guere
1343 3203 1353 3230 :
1371 3191 1476 3231 Plus
1495 3194 1563 3230 est
1571 3222 1581 3239 ,
1602 3190 1716 3244 quod
1726 3189 1842 3229 loedit
1858 3190 2049 3237 ornantes

1192 3256 1437 3308 Proponant
1446 3262 1543 3308 etc„
1566 3262 1614 3296 ut
1620 3254 1753 3309 juvat
1765 3261 1810 3295 et
1824 3254 1941 3294 laedil
1949 3250 2046 3294 sim-

1194 3318 1362 3374 pliciter
1380 3319 1467 3361 sint
1487 3319 1638 3375 posita.
1656 3315 1818 3361 Bum‘u.

1251 3387 1343 3427 520.
1354 3385 1490 3426 Mulio
1500 3382 1774 3439 spe'culufclle
1779 3385 1958 3425 madenl.
1977 3383 2046 3423 Vi-

1193 3457 1285 3492 rent
1303 3465 1417 3493 unus
1440 3450 1617 3506 Regius.
1648 3450 1834 3494 Metam.
1854 3460 1915 3501 11⁰,
1942 3462 2041 3503 777:
