2268 3776
589 295 983 352 AMORUM
1038 297 1165 350 111.
1215 296 1457 351 ELEG.
1512 298 1559 350 I.

1877 298 1975 352 153

213 416 289 475 Et
316 415 503 499 prior:
534 442 562 469 «
587 413 795 496 Ecquis
822 413 952 486 erit,
985 412 1155 486 dixit,
1189 414 1293 473 tibi
1321 413 1449 474 finis
1479 413 1738 475 amandi?
1933 435 1979 475 ιε,

299 512 351 571 Ο
379 509 682 589 argumenti
711 507 858 570 lente
886 523 1051 592 poeta
1079 509 1221 570 mei!
1685 501 1691 508 ’

213 606 526 690 Nequitiam
555 606 747 667 vinosa
781 620 929 666 tuam
960 606 1209 668 convivia
1235 621 1462 667 narrant
1486 633 1499 667 ε

294 704 531 778 Narrant
559 703 617 763 in
646 702 847 770 multas
876 704 1119 786 compita
1147 717 1293 766 secta
1321 704 1454 765 vias.

215 798 369 882 Saepe
399 797 598 883 aliquis
626 800 803 879 digito
832 816 1010 863 vatem
1041 801 1294 881 designat
1317 816 1538 862 euntem
1563 846 1579 874 ‚

294 895 482 980 Atque
513 897 619 958 ait:
641 898 732 958 hic
762 897 854 960 ille
885 913 995 972 est,
1030 922 1192 982 quem
1222 898 1371 960 ferus
1394 898 1509 958 urit
1532 899 1724 959 Amor.
1934 928 1987 957 20

214 992 451 1068 Fabula,
483 1019 584 1056 nec
615 996 813 1068 sentis,
845 1010 963 1057 tota
987 996 1209 1078 jactaris
1224 996 1297 1057 ‘in
1323 996 1495 1070 urbe3

295 1097 445 1157 Dum
472 1112 566 1159 tua
593 1099 870 1182 praeterito
904 1098 1046 1160 facta
1074 1099 1288 1184 pudore
1316 1099 1502 1161 refers,

215 1198 459 1282 'Tempus
489 1215 604 1261 erat
634 1201 824 1285 thyrso
855 1201 1078 1286 pulsum
1106 1203 1353 1282 graviore
1379 1202 1623 1264 moveri:

300 1301 588 1364 Cessatum
611 1302 746 1381 satis
773 1318 856 1366 est
883 1329 896 1365 ε
920 1306 1103 1390 incipe
1128 1306 1306 1389 majus
1333 1329 1493 1390 opus.

217 1483 392 1524 thamus
409 1487 514 1525 erat.
542 1481 713 1527 Notum
733 1483 833 1527 satis
862 1482 946 1528 hoc
965 1483 1063 1527 cal-

217 1546 432 1590 ceamenti
452 1562 612 1604 genus,
630 1547 747 1604 quod
767 1548 940 1606 utrique
962 1548 1063 1606 pedi

219 1626 340 1667 aeque
362 1619 514 1668 aptum
529 1621 637 1667 erat,
654 1621 698 1656 et
715 1613 889 1657 seminis
902 1614 1066 1671 pariter

217 1676 404 1733 virisque
439 1678 717 1722 conveniens.
753 1678 825 1722 Sic
860 1678 1064 1723 describit

220 1741 373 1785 Sidon.
394 1742 680 1800 Apollinaris,
703 1743 852 1788 Carm.
873 1758 935 1796 11,
960 1746 1068 1798 400:

218 1824 379 1865 Perpetuo
392 1829 455 1854 stat
469 1824 577 1865 plant·
591 1824 660 1856 nolo
677 1847 688 1863 ,
704 1824 761 1855 sed
775 1823 875 1856 snei·
890 1826 1013 1867 primm

218 1892 353 1924 sistitur
369 1892 409 1923 nd
421 1891 540 1933 digito·
553 1915 563 1931 ,
580 1893 758 1924 retinacula
772 1892 849 1924 bin·
861 1893 1030 1926 cothurnis

219 1953 326 1986 Mittit
340 1952 374 1986 iu
390 1953 564 1986 ndvmuua
581 1953 692 1986 vincto
709 1954 750 1986 de
763 1953 877 1987 fomite
890 1955 999 1997 pollex
1013 1978 1024 1994 ,

219 2019 302 2059 Qua
313 2017 471 2059 suffag-nt
483 2018 644 2061 crepidas,
656 2024 688 2050 et
704 2019 971 2051 concurrentibus
981 2019 1068 2051 unni·

220 2079 413 2112 vinclorum
429 2079 552 2122 paudus
566 2086 676 2111 tex-nt
687 2090 747 2121 per
759 2090 855 2111 crura
865 2087 1005 2112 antean.

221 2143 364 2189 Erant
383 2144 516 2203 igitur
535 2146 930 2204 commata-cpida
945 2181 955 2199 ,
978 2147 1067 2192 sive

222 2209 349 2254 soleae
361 2242 374 2265 ‚
386 2209 538 2255 vinclis
547 2210 600 2254 ad
612 2227 734 2255 suras
747 2212 1070 2269 pertinentibus

223 2274 438 2332 religatae3
466 2276 704 2320 utebantur
735 2278 1002 2333 venatrices,
1026 2286 1071 2322 et
1118 2288 1119 2291 ’

223 2339 271 2383 in
290 2355 420 2384 scena
432 2340 636 2399 Tragoedi
650 2374 661 2396 ,
679 2350 729 2385 ut
741 2358 866 2386 socco
884 2341 1069 2387 Comici.

226 2404 347 2448 Hinc
367 2406 618 2461 Sophoclem
641 2409 865 2450 cothurnus
879 2441 891 2459 ,
916 2407 1071 2464 virgil.

228 2467 320 2512 Ecl.
339 2482 427 2512 vul
445 2502 458 2525 ,
487 2485 560 2526 10,
583 2485 664 2527 pro
697 2471 788 2528 ipsa
809 2470 1040 2529 Tragoedia
1057 2489 1070 2524 ;

227 2541 271 2576 et
302 2532 441 2578 dictus
467 2550 571 2577 mox
595 2537 888 2585 cothurnatus,
911 2535 947 2579 si
977 2534 1073 2592 quis

227 2599 552 2657 magniloquam
571 2601 617 2644 in
639 2601 826 2645 dicendo
845 2599 936 2644 vim
958 2617 1074 2645 asse-

228 2674 450 2723 queretur.
501 2666 638 2723 Quod
670 2667 761 2723 jam
795 2668 1073 2711 observatum

228 2739 308 2785 est,
322 2730 392 2775 lib.
412 2731 691 2789 precedenti,
711 2732 833 2790 Eleg.
847 2745 982 2788 xv111,
1011 2735 1072 2778 18.

228 2795 410 2840 Dictum
431 2796 501 2849 hie
521 2806 668 2840 autem
690 2797 880 2856 Lydium
893 2831 905 2853 ,
918 2797 964 2841 id
984 2807 1072 2854 est,

229 2860 555 2920 Tyrrhenicum
582 2871 657 2925 aut
685 2862 879 2907 Tuscum
895 2895 907 2918 ‚
937 2864 1076 2907 velint

233 2926 409 2983 quidam
431 2927 483 2971 ab
505 2929 731 2972 Hetruscis
748 2962 760 2984 ,
783 2939 833 2973 ut
854 2931 929 2986 qui
950 2930 1076 2974 Tra-⁵

233 2991 419 3048 goediam
449 2992 611 3038 Graecis
641 2994 918 3040 tradidissent
939 3013 949 3040 :
972 2997 1075 3040 Mi-

232 3057 366 3116 cyllus
377 3073 503 3109 verm
523 3059 576 3102 ab
590 3059 688 3116 ipsis
708 3062 844 3119 lydae
858 3095 870 3113 ‚
891 3061 946 3104 ad
968 3077 1076 3118 quos

233 3137 518 3178 quaecumque
538 3123 592 3166 ad
613 3139 710 3167 rem
730 3125 943 3169 ludicram
962 3143 1076 3183 per-

233 3187 379 3230 tinent
392 3188 622 3231 referenda
634 3199 794 3240 censet,
811 3190 1026 3234 Herodot.
1046 3206 1076 3235 1.

233 3253 398 3295 —Alta
401 3253 743 3310 pedumLegunt
754 3255 931 3311 quidam
943 3255 1078 3300 MSS.

233 3323 361 3372 apla5
388 3317 499 3360 male
519 3333 528 3361 :
548 3318 753 3362 solemnis
781 3320 939 3376 quippe
970 3337 1075 3377 vox,

235 3382 309 3425 ubi
321 3382 375 3426 de
389 3382 613 3426 cothurnis
626 3384 779 3441 agitur.
794 3384 898 3427 AEn.
914 3398 932 3426 1
944 3418 956 3440 ,
973 3386 1050 3443 337
1066 3402 1077 3431 2

234 3451 466 3495 Purpureoque
480 3451 548 3485 alte
562 3462 653 3484 suras
673 3453 793 3485 vincire
807 3453 976 3487 cothurno.

1204 1487 1265 1529 15.
1295 1487 1359 1529 E!
1365 1489 1486 1541 prior
1498 1501 1511 1528 .·
1532 1485 1692 1540 Ecquis
1710 1485 1790 1528 erit
1805 1489 1885 1526 etc.
1908 1481 1989 1525 Ed.

1145 1551 1281 1607 princ.
1291 1552 1353 1593 Et
1354 1557 1475 1606 prior
1482 1553 1570 1593 ᾗσι·
1579 1553 1692 1593 diti!
1700 1566 1711 1591 ,·
1722 1554 1815 1605 quis
1823 1552 1902 1592 erit
1912 1565 1934 1591 e
1940 1557 1992 1590 tr.

1205 1615 1265 1659 16.
1300 1616 1339 1658 0
1356 1620 1591 1671 argumenti
1604 1618 1713 1658 lente
1732 1620 1860 1670 poeta
1879 1618 1965 1656 mei
1982 1612 1994 1655 ἵ

1147 1680 1288 1735 Quasi
1310 1679 1423 1724 dicat
1442 1697 1451 1723 z
1473 1680 1574 1737 quid
1604 1679 1749 1724 tardas
1763 1712 1777 1733 ‚
1798 1694 1895 1736 quoe
1917 1679 1991 1721 tibi

1143 1745 1418 1803 suppeditem
1447 1752 1716 1803 argumenta,
1742 1743 1994 1802 Tragoedias

1144 1810 1232 1852 scil.
1253 1811 1470 1853 tractare?
1489 1812 1608 1854 Hinc
1627 1811 1756 1869 paulo
1775 1819 1871 1868 post
1883 1842 1895 1861 .
1908 1826 1994 1853 ces-

1145 1880 1283 1917 satum
1302 1879 1412 1918 satis
1430 1882 1505 1919 est.
1525 1875 1611 1919 Alii
1631 1876 1807 1933 legunt,
1831 1881 1905 1920 tui.

1205 1955 1270 1983 20.
1305 1942 1403 1985 Urit
1418 1958 1545 1986 amor.
1568 1942 1749 2000 Legitur
1774 1950 1819 1986 et
1848 1948 1993 1997 urget,-

1146 2005 1223 2049 sed
1244 2007 1403 2050 rectius
1417 2039 1430 2061 ,
1452 2012 1547 2051 ure‘l.
1571 2008 1702 2051 ΜΑιι.

1204 2088 1268 2114 21.
1300 2074 1477 2117 Fabula.
1497 2075 1662 2116 Fabula
1675 2072 1796 2117 estid
1813 2105 1824 2126 ,
1839 2072 1893 2115 de
1908 2088 1996 2128 quo

1148 2151 1303 2180 omnes
1315 2136 1579 2194 loquuntur3
1595 2137 1650 2181 de
1665 2154 1754 2194 quo
1767 2136 1880 2196 apud
1897 2143 1999 2179 o'm-

1148 2217 1227 2245 nes
1235 2218 1381 2246 sermo
1390 2202 1542 2247 est.Sic
1550 2203 1647 2246 alibi
1659 2202 1988 2259 apudNostrum

1205 2285 1271 2310 aa.
1299 2270 1413 2311 Dum
1441 2275 1516 2311 tua
1528 2274 1743 2324 pra-terito
1756 2268 1888 2324 [σεῖο
1904 2285 1997 2323 pu-

1149 2335 1249 2376 done
1266 2334 1407 2389 resen.
1427 2336 1557 2378 Furta
1570 2333 1849 2379 scribendum
1864 2350 1874 2377 :
1887 2350 2001 2391 quo-

1151 2399 1287 2443 modo
1306 2409 1352 2443 et
1367 2401 1466 2444 alibi
1485 2417 1578 2444 non
1593 2416 1684 2444 uno
1698 2400 1795 2444 loco
1809 2408 1875 2443 est
1894 2417 1999 2457 pec.-

1151 2473 1298 2508 catum
1309 2466 1454 2510 :utlib.
1464 2466 1654 2521 11‚Trist.
1664 2464 1718 2509 de
1730 2464 1883 2521 Calvo,
1896 2466 1974 2521 432
1988 2481 1998 2507 :

1190 2537 1323 2568 Detexit
1337 2537 1437 2569 variis
1451 2537 1508 2579 qui
1530 2535 1696 2579 tunsum
1714 2535 1831 2567 modis.

1152 2598 1243 2641 Pro
1254 2603 1463 2653 preterito
1478 2599 1661 2654 pudore,
1689 2597 1802 2641 male
1831 2597 1999 2642 codices

1152 2662 1380 2717 nonnulli,
1396 2668 1650 2719 postposito,
1664 2669 1866 2719 prelenlo
1879 2697 1890 2715 ,
1915 2680 1999 2706 ne-

1149 2731 1286 2784 glecto
1305 2737 1350 2771 et
1368 2729 1535 2772 similia.
1558 2729 1725 2771 Hssms.

1208 2793 1274 2836 23.
1309 2795 1486 2850 Tempus
1508 2800 1602 2837 erat
1627 2795 1769 2851 thyrso
1788 2800 1868 2835 etc.
1894 2791 2003 2835 (Εε-

1154 2869 1274 2904 trum
1294 2862 1514 2918 poeticum
1533 2858 1734 2902 bacchico
1751 2858 1901 2899 surore
1923 2858 1999 2901 de-

1155 2928 1314 2987 signari
1334 2928 1472 2984 poetis
1493 2926 1715 2976 solemne3
1738 2923 1814 2967 sed
1847 2939 1900 2966 eo
1930 2923 2002 2966 hic

1155 2992 1486 3037 convenientius
1497 3023 1508 3043 ,
1523 2988 1642 3046 quod
1662 2990 1802 3047 agitur
1816 2988 1870 3032 de
1886 2989 2002 3032 Tra-

1157 3057 1296 3116 goedia
1308 3090 1319 3111 ,
1334 3072 1430 3112 quae
1443 3064 1545 3098 nata
1557 3056 1750 3112 primum
1768 3072 1819 3098 ex
1833 3056 2004 3098 Libera·

1156 3128 1288 3174 libus,
1313 3124 1359 3165 in
1382 3122 1535 3178 quibus
1565 3120 1738 3164 Baccho
1759 3138 1888 3178 caper
1907 3137 2001 3164 cae-

1158 3189 1343 3232 debatur
1360 3205 1369 3239 3
1406 3187 1525 3230 unde
1557 3187 1625 3230 vel
1658 3189 1799 3245 ipsum
1833 3203 2002 3230 nomen

1166 3257 1390 3310 Tragoedia
1403 3256 1555 3317 (τράγου
1567 3253 1671 3315 qm)
1680 3255 1725 3297 in
1739 3263 2003 3311 perpetuum

1159 3321 1291 3363 duxit.
1311 3320 1427 3363 Sunt
1448 3336 1624 3376 quoque
1645 3321 1719 3376 qui
1737 3319 1956 3362 deducant
1978 3335 2003 3362 a

1159 3392 1269 3448 τρὺξ,
1288 3389 1415 3447 τρυγὲς
1428 3418 1440 3439 ,
1456 3385 1543 3427 vini
1553 3385 1681 3440 soex;
1699 3394 1743 3427 et
1759 3388 1874 3444 ᾠδὲς,
1895 3401 2002 3427 can-

1160 3458 1234 3495 tor.
1247 3474 1301 3484 --
1316 3454 1517 3495 Graviore
1537 3458 1683 3494 autem
1697 3483 1710 3505 ,
1723 3450 1759 3494 si
1779 3466 2004 3507 compares
