2268 3776
451 304 839 399 AMoRUM
883 346 1007 399 111.
1059 346 1305 402 ELEG.
1362 348 1551 405 v111.

1803 352 1902 425 195

210 456 321 521 Sed
349 460 590 543 trepidas
618 460 786 534 acieS‚
813 475 868 521 et
900 459 1014 523 fera
1043 476 1217 522 castra
1248 466 1440 549 sequi3

133 556 363 640 Proque„
383 556 538 617 bono
568 580 759 630 versu,
792 557 1033 640 primum
1064 556 1317 620 deducite
1349 559 1540 643 pilum.

213 653 338 712 Hoc
368 652 500 726 tibi,
527 652 574 713 si
602 651 794 725 velles,
824 668 1044 736 posset,
1079 656 1348 727 Homere‚
1382 656 1516 716 dari.

131 750 380 834 Jupiter,
410 749 727 810 admonitus
757 749 896 809 nihil
929 774 1046 811 esse
1081 751 1365 834 potentius
1397 776 1563 825 auro,

213 846 500 929 Corruptae
518 845 767 929 'pretium
798 846 1027 925 virginis
1058 847 1175 931 ipse
1205 848 1328 908 fuit.
1862 871 1916 912 3.»

133 944 283 1004 Dum
311 966 516 1003 merces
546 942 766 1015 aberat,
799 943 972 1003 durus
1002 957 1185 1025 pater,
1212 943 1333 1028 ipsa
1364 968 1573 1019 severa,

211 1039 390 1101 AErati
419 1054 609 1123 postes
628 1086 643 1112 ‚
665 1039 840 1100 ferrea
870 1040 1038 1100 turris
1069 1041 1218 1101 eiat:

130 1137 240 1198 Sed
267 1151 567 1220 postquam
593 1129 810 1219 sapiens
840 1136 899 1195 in
925 1160 1155 1197 munera
1187 1137 1338 1198 veuit
1369 1137 1585 1198 adulter
1615 1186 1629 1211 ‚

209 1232 458 1295 Praebuit
483 1233 604 1316 ipsa
632 1232 823 1293 sinus:
853 1246 936 1305 et,
968 1233 1096 1294 dare
1122 1234 1300 1315 jussa,
1332 1235 1500 1295 dedit.

128 1328 208 1390 At
237 1352 408 1413 quum
436 1352 605 1408 regna
635 1352 799 1390 senex
835 1327 949 1389 caeli
981 1330 1252 1390 Saturnus
1277 1330 1508 1391 haberet
1526 1378 1541 1403 ‚
1862 1353 1918 1397 35

212 1427 394 1489 'Omne
424 1424 639 1487 lucrum
673 1426 919 1487 tenebris
947 1425 1055 1485 alta
1082 1427 1371 1509 premebat
1399 1427 1627 1500 humuS,

126 1524 373 1607 ·AEraque
397 1537 454 1584 et
481 1537 766 1602 argentum
784 1569 799 1595 ‚
825 1546 1060 1606 cumque
1091 1547 1226 1583 auro
1255 1524 1504 1606 pondera
1530 1526 1662 1586 ferri

213 1621 482 1682 Manibus
512 1620 791 1692 admorat3
817 1618 1079 1703 nullaque
1109 1643 1287 1680 massa
1315 1619 1438 1681 fuit.

133 1717 213 1777 At
239 1715 468 1778 meliora
497 1716 694 1787 dabat;
725 1739 892 1776 curvo
924 1715 1041 1776 sine
1070 1740 1290 1777 vomere
1319 1716 1535 1796 frugeS,

218 1812 531 1895 Pomaque,
557 1825 612 1873 et
637 1811 696 1871 in
726 1834 932 1893 quercu
961 1809 1124 1872 mella
1152 1825 1368 1895 reperta
1395 1836 1538 1873 cava.
1820 1823 1821 1826 ’
1869 1833 1925 1889 40

133 2001 231 2044 Non
267 2012 356 2054 qua·
388 2010 468 2039 nos
498 1998 678 2046 scimus,
715 1994 978 2039 Puteaneus.
1049 1997 1268 2051 potentius
1300 2010 1416 2039 auro.
1451 1994 1523 2039 Ad
1551 1994 1739 2040 Danae‘n
1777 1997 1919 2052 redit,

133 2064 248 2122 Lege
262 2094 275 2117 ,
291 2078 374 2106 non
387 2077 474 2118 que
485 2076 569 2104 non
584 2065 907 2117 sc1·mus.·atque
922 2060 980 2104 ita
1062 2059 1185 2116 cujus
1206 2059 1351 2103 nescio
1372 2076 1429 2103 an
1451 2060 1536 2103 ulla
1560 2062 1614 2105 sit
1635 2061 1771 2120 elegia
1790 2095 1802 2117 ,
1826 2079 1923 2119 quae

133 2144 248 2173 unus
268 2126 433 2171 Moreti
454 2134 499 2170 et
525 2141 640 2169 unus
658 2140 795 2170 meus.
830 2125 984 2168 Arun-

134 2193 329 2238 delianus
353 2206 526 2249 quoque
551 2206 630 2248 pro
655 2189 987 2234 diversalectio-

137 2277 194 2305 ne
212 2278 223 2314 3
247 2271 291 2307 at
308 2258 621 2316 Neapolitanus
634 2290 646 2312 ,
668 2273 752 2301 non
777 2259 892 2314 quod
910 2273 990 2300 nos

46 2336 64 2345 ⁸
133 2331 300 2371 scimm.
335 2321 713 2368 Francosurtensis
745 2331 791 2366 et
818 2322 987 2367 Moreti

136 2392 304 2450 primus
318 2422 330 2445 ,
352 2406 437 2433 non
456 2391 537 2432 hoc
554 2390 668 2446 quod
680 2391 847 2431 scimus.
871 2388 931 2430 H.

189 2455 254 2498 26.
271 2453 434 2510 Etsi-ra
445 2458 589 2496 castra
598 2457 725 2508 sequi.
739 2451 812 2495 Sic
826 2450 986 2494 Tibull.

135 2534 202 2575 11,
234 2533 282 2563 Vl
303 2551 315 2573 ‚
354 2535 388 2561 1.
427 2520 582 2561 Castra
613 2518 762 2559 Macer
790 2519 983 2571 sequitur.

138 2584 463 2630 Arundelianus
476 2615 488 2638 ,
503 2586 640 2626 lustra
653 2597 665 2624 :
680 2580 904 2624 mendose.
926 2577 987 2623 H.

191 2667 259 2708 27.
274 2651 435 2706 Proque
452 2651 560 2691 bono
573 2663 694 2690 versu
703 2679 713 2695 ,
726 2650 902 2700 primum
917 2647 996 2687 de·-

138 2718 277 2760 ducile
304 2717 455 2772 pilum.
489 2713 609 2758 Nihil
643 2712 761 2755 vobis
794 2711 989 2769 proderit

139 2796 311 2835 versus,
335 2789 380 2823 et
399 2779 586 2836 optimos
609 2776 808 2834 quidem,
832 2777 988 2821 condi-

139 2846 248 2890 disse
262 2877 274 2900 ,
290 2847 514 2889 deduaeekse
529 2858 543 2897 ‚·
561 2842 635 2887 sed
657 2842 864 2888 centuriae
887 2842 987 2900 pri-

140 2927 224 2956 ωε
254 2910 445 2955 cohortis
481 2910 631 2968 primae
671 2909 887 2966 praefuisse
901 2942 912 2963 ,
944 2918 989 2952 et

139 2977 186 3019 in
207 2976 380 3020 hostem
396 2977 632 3019 dedumzrse.
659 2978 823 3019 Primus
841 2983 991 3018 autem

139 3043 263 3084 Pilus
289 3030 525 3083 'vocabatur
555 3038 648 3083 haee
677 3038 875 3082 centuria
899 3057 910 3093 ;
944 3047 990 3083 et

143 3105 218 3162 qui
232 3111 417 3161 praeerat
429 3106 684 3158 primipilus,
701 3104 800 3159 quia
815 3104 893 3160 ipsi
912 3120 991 3160 pa-

142 3170 297 3213 rebant
316 3168 535 3224 sexaginta
558 3167 785 3210 Centuriae
800 3199 812 3221 ,
834 3167 877 3210 id
900 3177 987 3221 est,

144 3243 234 3278 tota
249 3233 396 3290 Legio,
411 3233 605 3276 Praeerat
616 3231 783 3287 aquilae,
800 3240 849 3275 ut
863 3231 991 3275 docet

146 3299 304 3355 Veget.
322 3310 374 3350 11,
386 3297 423 3339 8.
439 3297 579 3338 Pilum
592 3304 738 3338 autem
754 3311 776 3337 a
785 3299 994 3350 pereundo

145 3361 312 3405 dictum
322 3361 380 3404 ait
395 3361 539 3404 Varro
554 3375 565 3403 ε
584 3376 607 3403 a
621 3362 816 3415 pellendo
831 3359 989 3415 hostes,

150 3425 316 3469 Festus.

203 3505 270 3547 ²9·
297 3491 480 3544 Jupiter,
502 3490 741 3541 admonitus
768 3472 880 3531 aiffa
902 3503 993 3538 esse

1066 2140 1157 2168 non
1174 2124 1315 2170 adhuc
1332 2125 1733 2170 memineritzunde
1747 2128 1916 2170 miran-

1068 2189 1123 2233 da
1142 2190 1276 2246 magis
1298 2200 1436 2247 poete
1455 2190 1634 2235 felicitas
1652 2223 1663 2246 ,
1687 2193 1761 2248 qui
1780 2193 1923 2235 varius

1068 2270 1260 2312 semper,
1279 2271 1547 2311 quamquam
1556 2256 1675 2300 idem
1692 2258 1860 2314 saepius.

1122 2321 1187 2362 32.
1226 2321 1368 2363 Turris
1386 2326 1489 2363 erat.
1510 2320 1624 2378 Lege
1641 2354 1654 2375 ‚
1692 2329 1823 2365 erant.
1859 2323 1920 2366 H.

1121 2383 1188 2426 33.
1217 2385 1305 2427 Sed
1306 2390 1530 2440 postquam
1542 2391 1714 2441 septem·
1725 2396 1806 2430 etc.
1825 2387 1869 2444 Q
1877 2388 1922 2431 ui

1067 2448 1265 2502 noverit,
1300 2465 1386 2505 qua
1419 2458 1510 2493 arte
1546 2453 1692 2494 durum
1725 2461 1895 2509 patrem
1911 2486 1924 2508 ,

1067 2529 1250 2557 severam
1270 2514 1459 2571 puellam
1473 2548 1485 2570 ,
1506 2524 1658 2560 oeratos
1675 2527 1817 2575 postes
1840 2529 1923 2563 etc.

1067 2588 1211 2637 posset
1229 2592 1527 2638 perrumpere.
1537 2605 1591 2614 —
1603 2584 1656 2625 ln
1672 2583 1842 2626 munera
1855 2602 1926 2627 ve-

1065 2649 1141 2687 nit.
1167 2644 1221 2687 In
1254 2644 1443 2687 imbrem
1463 2661 1647 2689 aureum
1680 2663 1916 2691 conversus

1068 2708 1246 2767 depluit.
1261 2734 1317 2743 -—·
1331 2713 1384 2754 ln
1410 2728 1591 2756 munera.
1623 2716 1704 2756 Ad
1723 2731 1896 2757 munera
1909 2749 1922 2768 ,

1068 2775 1255 2819 Sarravii
1270 2785 1314 2820 et
1326 2777 1509 2821 Palatia.
1521 2779 1752 2823 secundus.
1766 2782 1817 2824 ln
1833 2797 1922 2822 mu-

1068 2857 1184 2893 nere,
1201 2841 1370 2885 volebat
1393 2843 1615 2886 Francius.

1122 2907 1190 2961 34.
1217 2911 1402 2952 Praebuz’t
1419 2914 1516 2964 ipsa
1528 2915 1659 2951 sinus.
1680 2910 1746 2953 Ut
1769 2925 1926 2954 aurum

1068 2972 1253 3029 pluviale
1268 3006 1279 3027 ,
1303 2974 1464 3017 Jovem
1485 2975 1668 3028 scilicet,
1691 2976 1926 3033 exciperet.

1068 3040 1147 3089 Et,
1171 3041 1272 3082 dare
1280 3039 1436 3094 jussa,
1468 3041 1597 3082 dedil.
1618 3040 1812 3083 Praebuit
1832 3042 1922 3098 ipsa

1069 3103 1169 3147 Deo
1201 3108 1348 3156 sitms5
1382 3103 1580 3160 amplexu
1625 3106 1791 3161 excepit
1809 3138 1822 3160 ,
1853 3106 1923 3149 sui

1070 3168 1239 3224 copiam
1259 3170 1436 3211 factura.

1125 3231 1191 3274 35.
1207 3233 1272 3275 At
1281 3248 1403 3287 quum
1419 3247 1547 3286 regna
1558 3247 1685 3274 senex
1703 3242 1782 3276 etc.
1802 3232 1921 3276 Con-

1068 3296 1137 3339 ser
1154 3298 1294 3354 ipsum
1309 3312 1410 3339 cum
1430 3297 1522 3353 ipso
1537 3330 1550 3352 ‚
1574 3298 1757 3342 Bletam.
1776 3313 1817 3353 1,
1842 3301 1919 3359 89,

1071 3361 1226 3418 Virgil.
1248 3360 1451 3417 Georgie.
1473 3376 1491 3403 1
1505 3395 1516 3415 ,
1546 3365 1646 3413 1253
1672 3364 1792 3406 Arat‘.
1823 3382 1838 3406 1
1853 3382 1923 3416 ιο;

1073 3434 1131 3495 εηῐ,
1147 3425 1222 3481 qui
1235 3424 1322 3467 dux
1335 3425 1539 3470 omnihus
1552 3426 1732 3482 punivit,
1745 3427 1926 3472 Hesiod.

1072 3501 1166 3553 Εῃ.
1187 3505 1263 3547 90,
1287 3505 1378 3546 sqq.
