2268 3776
628 325 1019 382 AMORUM
1066 326 1115 379 Ι.
1162 323 1418 379 ELEG.
1474 324 1589 378 XI.
1941 322 2013 376 55

311 445 361 505 Ε
390 444 556 505 tacito
586 442 745 505 vultu
776 443 912 505 scire
942 442 1131 503 sutura
1159 440 1305 503 licet.

234 538 349 601 Nec
377 563 569 602 mora:
595 539 852 624 perlectis
880 539 1146 601 rescribat
1173 537 1349 599 multa
1374 537 1570 619 jubeto
1593 559 1606 595 ε

319 637 462 710 Odi,
492 661 661 721 quum
691 636 798 699 late
829 635 1120 721 splendida
1150 659 1272 697 cera
1300 648 1469 695 vacat.
1962 663 2015 692 ,ο

237 732 580 817 Comprimat
609 733 901 795 ordinibus
931 757 1150 807 versus,
1179 731 1483 815 oculosque
1513 743 1759 791 moretur

315 827 570 907 Margine
596 828 655 889 in
682 843 926 890 extremo
955 827 1112 890 litera
1140 852 1260 890 rasa
1291 850 1461 889 meos.

236 924 391 1006 Quid
418 924 624 1004 digitos
653 949 797 1010 opus
827 940 912 988 est
938 926 1172 1010 graphio
1200 924 1403 987 lassare
1434 922 1720 986 tenendo?

316 1021 441 1083 Hoc
467 1021 669 1084 habeat
697 1023 963 1107 scriptum
995 1037 1114 1083 tota
1144 1020 1379 1084 tabella:
1400 1019 1559 1081 veni!

175 1177 178 1184 ,
230 1116 363 1178 Non
393 1140 497 1197 ego
523 1118 772 1180 victrices
803 1118 959 1181 lauro
993 1118 1251 1180 redimire
1282 1115 1513 1179 tabellas
1534 1161 1550 1188 ‚
1962 1132 2015 1175 25·

310 1215 425 1276 Nec
455 1216 687 1278 Veneris
716 1216 895 1278 media
920 1240 1131 1300 ponere
1160 1216 1219 1277 in
1246 1214 1361 1277 aede
1390 1236 1590 1276 morer.

235 1310 596 1374 subscribam
625 1338 637 1375 τ
668 1314 902 1388 Veneri,
930 1313 1067 1376 fidas
1096 1315 1209 1377 sibi
1238 1316 1388 1376 Naso
1418 1312 1700 1375 ministras

312 1406 581 1484 Dedicat3
622 1425 680 1472 at
707 1435 887 1495 nuper
910 1410 1016 1472 vile
1045 1410 1230 1472 fuistis
1261 1434 1399 1472 acer.

291 1578 355 1622 18.
383 1579 456 1622 Ex
482 1583 617 1623 tacito
642 1582 773 1625 vultu.
801 1582 888 1634 Et,
922 1578 1082 1638 scripti.

233 1641 350 1700 Lege
366 1676 377 1696 ,
410 1645 456 1687 E
472 1649 617 1689 tacito.
639 1645 805 1691 Hzms.

293 1725 356 1769 ¹9·
375 1711 552 1762 Jubeto,
572 1711 754 1761 Putem,
777 1713 924 1755 videto
942 1727 954 1754 .-
975 1726 1083 1755 nam

232 1772 419 1818 alterum
448 1775 494 1818 in
524 1775 675 1820 ancilla
709 1776 840 1820 nimis
872 1777 1082 1834 imperio-

229 1855 340 1884 sum.
363 1842 422 1885 H.
445 1842 600 1886 Franc.
621 1843 815 1900 legebat,
837 1848 1013 1887 moneto.

282 1920 349 1949 20.
373 1907 643 1964 0d1·quum....
657 1924 755 1952 cera
765 1914 907 1953 vacat.
921 1908 965 1967 Q
973 1924 1080 1953 uum

227 1969 417 2015 redeunt
433 1988 578 2017 vacue
596 1972 776 2018 tabelloe.

282 2053 347 2080 21.
389 2038 646 2094 Comprimat
675 2041 891 2083 ordinibus
919 2055 1078 2084 versus.

227 2097 414 2145 Locutio
445 2110 510 2147 est
536 2119 560 2147 e
582 2119 629 2147 re
651 2103 855 2159 militari,
877 2104 965 2148 sive
988 2105 1078 2149 acie

227 2180 325 2222 (μευ
346 2166 573 2213 ordinibus
593 2169 826 2213 instruitur
841 2201 854 2223 ‚
876 2168 1080 2227 desump-

227 2239 284 2276 ta.
301 2231 376 2277 Sic
395 2232 487 2278 Liv.
508 2247 596 2279 vm
612 2266 624 2290 ,
646 2235 697 2278 8:
722 2236 881 2279 Tn‘an'i
894 2251 1079 2278 consush

222 2301 371 2351 gentes
381 2330 393 2349 ‚
410 2301 488 2346 ubi
493 2303 539 2343 in
547 2302 773 2345 enter-valla
785 2302 975 2344 ordinum
986 2316 1078 2343 suo·

1164 1585 1267 1625 mite
1278 1582 1460 1625 tabellas
1475 1587 1555 1623 etc.
1576 1576 1759 1622 Adiudit
1772 1575 1825 1620 ad
1841 1591 2013 1620 morem

1164 1662 1404 1691 romanum
1436 1658 1447 1686 ε
1474 1645 1672 1689 solebant
1701 1642 1822 1687 enim
1849 1642 2012 1695 litere,

1164 1727 1262 1769 qua
1273 1712 1327 1756 ab
1341 1710 1677 1768 imperatoribus
1691 1740 1703 1763 ,
1721 1716 1845 1766 parta
1858 1706 2014 1751 alicubi

1162 1777 1340 1822 victoria
1354 1809 1368 1832 ,
1403 1776 1594 1821 Romam
1613 1790 1745 1832 super
1764 1788 1815 1816 ea
1835 1772 2014 1816 victoria

1162 1843 1475 1897 mittebantur,
1497 1841 1622 1885 lauro
1636 1838 1834 1884 redimiri
1848 1873 1858 1890 ‚
1882 1847 2012 1895 atque

1160 1910 1220 1955 ita
1232 1908 1481 1954 consulibus
1494 1906 1643 1951 reddi:
1657 1905 1775 1950 unde
1788 1913 1834 1950 et
1848 1907 2013 1948 lauma-

1164 1981 1217 2020 tae
1232 1974 1502 2019 dicebantur.

1216 2058 1282 2098 ²7·
1319 2041 1606 2097 Venen’fidas
1624 2040 1714 2082 tibi.
1743 2037 1796 2080 In
1823 2051 2011 2079 manus-

1159 2107 1300 2165 cripto
1319 2105 1467 2151 codice
1487 2120 1580 2148 non
1605 2106 1725 2154 Tibi,
1749 2100 1826 2147 sed
1846 2102 1941 2145 Sibi
1956 2100 2011 2142 le-

1161 2173 1277 2231 gitur
1297 2188 1307 2216 :
1326 2180 1372 2215 et
1390 2171 1451 2216 sic
1470 2170 1657 2214 omnino
1676 2165 1915 2225 legendum
1927 2197 1939 2218 ‚
1962 2173 2012 2207 ut

1159 2237 1401 2295 elegantior
1432 2236 1488 2281 sit
1520 2250 1686 2279 sensus.
1732 2232 1830 2276 Erit
1861 2240 2011 2275 autem

1159 2302 1270 2347 ordo
1291 2318 1301 2346 :
1323 2302 1440 2347 Naso
1460 2302 1635 2344 dedicat
1649 2297 1817 2342 Veneri
1837 2296 2011 2340 tabellas

225 2377 316 2405 runt
323 2366 537 2421 pn'neipes
545 2369 591 2409 et
599 2367 796 2408 hastatos
807 2369 1075 2421 recepissent,
1141 2371 1267 2426 fidas
1276 2367 1420 2423 sibi.Q
1427 2366 1503 2410 uin
1515 2367 1561 2410 in
1571 2382 1623 2409 ve
1627 2363 1862 2409 iustissimo
1870 2377 2012 2405 exem·

227 2430 438 2483 extemplo
449 2429 704 2486 compressis
717 2428 1083 2485 ordinibus,velut

226 2494 485 2536 claudebant
500 2497 597 2537 vias
611 2526 624 2549 ,
655 2511 816 2550 unoque
837 2500 1079 2539 continente

227 2559 405 2610 agmine,
415 2561 461 2600 in
469 2559 631 2601 hostem
638 2561 894 2602 incidebant.
911 2559 950 2602 B
956 2573 985 2602 u
990 2572 1017 2601 n
1025 2571 1077 2602 Μ.

225 2643 282 2653 ·—
299 2623 555 2678 Comprimat
566 2625 780 2668 ordinibus
794 2632 875 2667 etc.
892 2624 1078 2667 Lineam

224 2685 286 2730 ita
305 2695 478 2743 premat
496 2687 611 2732 linea
632 2721 646 2744 ,
679 2697 728 2733 ut
746 2689 837 2732 sere
858 2689 968 2732 nihil
995 2689 1077 2732 in-

226 2753 393 2798 tervalli
412 2753 654 2798 intercedat
669 2771 680 2807 ;
702 2762 746 2798 et
764 2786 777 2810 ,
798 2748 874 2798 'vel
891 2760 1077 2799 extremo

224 2819 392 2864 tabellae
406 2823 593 2876 margine
608 2853 621 2873 ,
657 2819 783 2865 litera
801 2837 903 2864 msa
921 2854 934 2873 ‚
975 2822 1076 2866 ins—

224 2883 385 2940 culpta,
397 2894 585 2941 exarata,
598 2885 723 2943 legen
729 2887 781 2931 tis
799 2888 947 2931 oculos
961 2887 1077 2931 deti-

223 2957 342 2993 neat.
361 2950 486 2994 Rasa
512 2959 662 2996 autem
676 2984 690 3007 ,
719 2969 742 2997 a
763 2956 936 3006 radere,
956 2953 1076 3010 quod

224 3013 499 3070 agriculture
525 3019 781 3075 proprium4
813 3019 917 3064 hinc
933 3023 1076 3064 sulcos

221 3081 375 3122 ducere
394 3112 407 3131 ,
443 3096 524 3138 pro
544 3085 683 3127 leneas
700 3118 713 3138 ,
749 3101 1077 3143 nonnunquam

222 3152 469 3202 usurpatur.

277 3213 344 3267 24.
374 3214 472 3256 Hoc
487 3215 656 3258 habeat.
680 3217 771 3259 Fac
788 3218 947 3261 babeat
966 3225 1074 3274 puto

223 3276 522 3340 retinendum.
544 3279 710 3324 Hnms.

279 3344 345 3385 25.
373 3345 471 3387 Non
494 3359 572 3399 ego
597 3349 795 3390 victn‘ces
822 3349 942 3391 laum
961 3349 1075 3392 mdi-

1159 2432 1267 2489 plari
1287 2448 1379 2476 non
1409 2434 1608 2475 Tabellas
1626 2429 1809 2487 legitur,
1830 2425 1907 2471 sed
1921 2426 2012 2468 Me·-

1157 2501 1318 2540 nistms
1336 2510 1350 2536 :
1378 2511 1477 2554 quae
1504 2495 1632 2539 lectio
1662 2508 1796 2550 quam
1822 2489 2009 2535 maxime

1159 2562 1267 2606 mihi
1286 2562 1424 2619 placet
1433 2594 1447 2616 ,
1473 2570 1523 2604 ut
1536 2561 1674 2605 Poeta
1685 2563 1902 2603 mnirtms
1914 2572 2012 2600 suas

1157 2626 1211 2670 ad
1217 2627 1346 2684 pellet
1357 2625 1546 2682 tabellas,
1561 2625 1718 2682 quibus
1725 2639 1897 2668 amores
1910 2637 2010 2666 suos

1159 2691 1214 2735 ad
1232 2691 1418 2736 amicam
1435 2692 1615 2735 miserit.
1639 2690 1772 2734 MAR-
1789 2688 1863 2734 Sic
1878 2688 2010 2732 Trist.

1158 2771 1243 2812 111,
1267 2757 1388 2815 Eleg.
1410 2771 1502 2812 vn,
1526 2775 1549 2800 2
1572 2772 1585 2800 :

1197 2827 1327 2867 Litem,
1346 2828 1504 2859 sermoni.-
1516 2826 1579 2857 (ἰὼ
1594 2826 1748 2857 ministra
1761 2823 1837 2855 mei.

1158 2888 1219 2932 Et
1239 2887 1433 2945 Epistola
1456 2902 1534 2931 xx1
1553 2919 1565 2942 ,
1593 2904 1608 2929 1
1621 2888 1695 2941 14:

1196 2959 1340 2990 Lumina
1357 2957 1514 3000 propositi
1530 2956 1615 2987 sacta
1630 2956 1781 2986 ministra
1792 2952 1854 2985 tui.

1213 3019 1278 3062 28.
1307 3020 1434 3062 Acer.
1458 3017 1598 3074 Atqui
1615 3032 1721 3060 acer
1742 3014 1896 3059 dicunt
1916 3022 2011 3071 post

1156 3084 1317 3128 citrum
1351 3083 1541 3126 maximo
1570 3082 1617 3125 in
1647 3080 1790 3138 pretio
1826 3079 1976 3124 haberi
1995 3112 2008 3133 ,

1156 3160 1265 3195 teste
1280 3150 1393 3194 Plin.
1405 3149 1479 3193 lib.
1491 3161 1597 3204 xvx,
1618 3150 1665 3191 15
1682 3165 1694 3201 ;
1714 3145 1791 3192 sed
1803 3143 2008 3190 addendo

1155 3232 1312 3261 vocem
1341 3218 1467 3268 vilir,
1506 3212 1698 3258 ostendit
1727 3211 1805 3256 has
1837 3210 2010 3254 tabellas

1154 3299 1207 3326 ex
1220 3281 1387 3339 vulgari
1404 3289 1451 3324 et
1469 3283 1680 3324 w‘liaceoe
1690 3313 1702 3330 ‚
1724 3293 1818 3321 non
1831 3276 1904 3320 illo
1917 3291 2010 3333 pre·

1158 3349 1295 3403 tioso,
1319 3347 1538 3391 consectas
1557 3345 1700 3390 fuisse.
1722 3343 1887 3386 Burin.

922 3478 1278 3496 *——-—-eeae-;-->-
1296 3485 1311 3488 «κ
