2268 3776
585 314 980 373 AMORUM
1021 317 1112 376 11.
1160 315 1404 370 ELEG.
1461 316 1577 369 XI.

1880 336 1977 368 11.»

201 442 317 502 Nec
346 436 559 499 medius
583 450 775 497 tenues
807 432 1048 495 conchas
1067 479 1083 506 ‚
1113 432 1364 516 pictosve
1390 430 1640 515 lapillos,

283 538 498 598 Pontus
523 533 692 594 habet
716 556 729 593 :
754 529 940 592 bibuli
963 528 1146 591 litoris
1180 528 1276 590 illa
1302 551 1458 590 mora
1486 544 1585 590 est.

205 634 394 696 Litora
422 630 739 693 marmoreis
766 628 1005 713 pedibus
1037 627 1305 708 signanda
1331 626 1529 711 puellae
1554 653 1567 687 :
1943 651 1989 691 ιζ.

287 731 567 791 Hactenus
591 742 680 790 ‘est
707 741 920 800 tutum;
954 740 1132 788 cetera
1157 748 1295 787 caeca
1320 724 1407 785 via
1436 737 1535 785 est.

206 829 282 888 Et
309 826 470 888 vobis
501 825 593 888 alii
622 839 912 887 ventorum
937 822 1126 907 praelia
1147 836 1400 894 narrent;

287 927 445 1006 Quas
476 923 656 1008 Scylla
685 923 938 996 infestet,
975 941 1176 1005 quasve
1205 918 1519 1003 Charybdis
1547 943 1751 1003 aquas:

206 1025 281 1084 Et
310 1022 514 1108 quibus
538 1021 813 1083 emineant
836 1018 1081 1080 violenta
1111 1016 1382 1079 Ceraunia
1407 1015 1551 1076 saxis
1574 1040 1587 1075 :

290 1120 423 1198 Quo
454 1116 660 1178 lateant
687 1117 907 1200 SyrteS‚
950 1139 1130 1198 quove
1159 1112 1344 1175 Malea
1369 1112 1512 1173 sinu.
1942 1146 1995 1174 20

211 1218 342 1277 Haec
369 1214 463 1276 alii
490 1214 755 1287 referant3
785 1227 843 1274 at
866 1236 993 1285 vos,
1029 1210 1181 1295 quod
1216 1210 1452 1293 quisque
1484 1209 1786 1293 loquentur
1804 1258 1819 1281 ‚

288 1317 508 1380 Credite
532 1342 545 1379 :
571 1315 815 1378 credenti
843 1313 997 1376 nulla
1024 1311 1268 1399 procella
1295 1326 1477 1372 nocet.

210 1497 263 1543 ld
280 1507 344 1543 est
358 1531 370 1553 ,
400 1497 495 1556 plus
515 1497 593 1542 tibi
623 1496 707 1540 loci
731 1496 777 1539 in
801 1494 908 1539 caelo
927 1497 1059 1538 reliu-

209 1568 318 1621 quit‚
343 1579 476 1621 quam
492 1562 546 1606 sis
569 1569 869 1618 occupaturus.

267 1628 330 1672 13.
355 1629 547 1671 Pictosve
585 1628 769 1682 lapillos.
820 1625 1060 1679 Wridesque

212 1701 411 1750 excerpta
438 1691 654 1737 Puteanei
682 1699 725 1734 et
752 1698 921 1746 septem
947 1686 1058 1730 libri.

219 1760 445 1814 Variusque
450 1757 653 1804 Francos.
662 1754 853 1798 Videtur
865 1753 934 1797 hic
947 1751 1061 1796 Ovi-

213 1822 311 1866 dius
340 1831 442 1866 ante
475 1821 620 1866 oculos
654 1820 852 1864 habuisse
885 1819 1059 1861 Luere-

213 1888 324 1932 tium
340 1921 352 1944 ,
383 1887 458 1945 qui
475 1887 550 1931 lib.
576 1901 615 1930 11
634 1919 647 1942 ,
669 1886 775 1943 374,
797 1885 857 1928 ita
870 1883 1013 1927 canit:

210 1967 478 2010 Conchnrumque
491 1976 591 2008 genus
610 1965 707 2008 parili
719 1965 842 1996 ratione
857 1963 1007 1996 videmus

208 2013 345 2070 i'ingere
355 2027 482 2060 telluris
494 2028 653 2070 gremium
667 2051 679 2066 ,
691 2038 756 2070 qun
770 2026 924 2058 mollibus
941 2026 1039 2057 undis

209 2090 330 2122 Litoris
342 2089 471 2122 incurvi
482 2089 628 2121 bibulam
641 2088 731 2130 pavit
743 2086 854 2131 aeiluor
867 2098 994 2119 arenam
1012 2099 1021 2128 3

207 2151 284 2196 ubi
307 2153 416 2195 lavit
431 2150 699 2208 praeserrem.
738 2143 939 2206 Sequens
959 2148 1057 2192 dis-

208 2216 358 2261 tichon
374 2215 578 2274 expressit
595 2215 770 2261 Nemes.
794 2215 885 2258 Ed.
900 2229 960 2270 11,
983 2231 1057 2260 21:

208 2292 252 2323 Et
266 2302 339 2334 qun
349 2301 527 2323 marmoreo
542 2291 622 2333 pede
633 2314 644 2330 ‚
658 2291 801 2323 Na'u'ades
811 2315 821 2330 ‚
839 2290 903 2321 uda
915 2295 1058 2321 secantes

208 2353 344 2392 Litora,
357 2361 538 2394 purpureos
555 2350 643 2383 alitis
660 2362 717 2392 per
729 2351 874 2392 gramina
887 2349 994 2382 flores.

215 2412 368 2470 Quem
386 2412 534 2456 locum
551 2411 773 2465 Barthius‚
792 2410 941 2464 crede,
964 2426 1058 2454 non

211 2477 498 2532 sollicitasset,
519 2477 555 2521 si
569 2476 701 2533 hujus
723 2475 932 2520 Ovidiani
951 2491 1058 2519 me-

214 2543 423 2587 minisset.
453 2542 616 2589 BURM.

272 2612 335 2653 15.
349 2611 506 2653 Litora.
517 2607 795 2665 Apostrophe
803 2616 868 2653 est
877 2607 930 2652 ad
942 2608 1059 2666 puel-

211 2674 273 2717 las
290 2687 478 2728 omnes,
512 2672 548 2716 si
584 2671 733 2730 (utin
754 2673 1058 2730 manuscriptis

212 2738 527 2796 exemplaribus
541 2738 751 2795 scriptum
770 2738 862 2791 est)
889 2738 1060 2795 legatur

211 2810 394 2861 signate,
415 2802 462 2847 id
492 2813 556 2847 est
573 2803 731 2847 calcate
756 2819 768 2847 :
787 2803 822 2846 si
846 2806 1058 2859 s1jgnanda

212 2869 396 2927 legeris,
433 2868 726 2926 supplendum
756 2869 839 2913 erit
868 2876 988 2921 sunt,
1012 2879 1058 2913 et

205 2938 373 2991 puelle,
385 2950 464 2992 pro
472 2935 1056 2993 puellarum,exponendum.

214 2997 305 3042 Sed
337 2998 466 3056 longe
501 2999 658 3043 melior
685 3009 750 3044 est
773 3001 893 3058 prior
916 3002 1057 3045 lectio.

214 3064 346 3107 ΜΑιῑ.
371 3065 548 3119 Samala
562 3097 574 3116 ‚
611 3065 862 3110 Puteaneus
893 3074 938 3110 et
968 3075 1056 3111 tres

214 3127 284 3171 alii
306 3143 316 3171 ε
334 3135 380 3170 at
399 3127 643 3185 complures
658 3162 670 3184 ,
692 3133 914 3185 signanda.
941 3132 1002 3176 H.

274 3192 336 3235 18.
363 3194 480 3246 Quas
494 3193 637 3252 Scylla
654 3193 835 3248 infestet.
856 3194 1059 3239 Omnino

214 3274 266 3301 ex
285 3258 443 3301 vetusti
461 3257 617 3301 codicis
639 3259 892 3315 auctoritate
906 3260 1058 3317 legen-

215 3323 325 3367 dum
345 3333 432 3378 est,
453 3326 650 3381 &fle-clii,
671 3324 714 3366 id
734 3333 798 3368 est
813 3357 825 3380 ‚
847 3325 1057 3370 incurvat.

217 3390 348 3432 ΜΔΕ.
379 3390 559 3444 Infi’slel
575 3389 776 3434 meliores
797 3405 806 3434 :
826 3390 1054 3446 nonnulli,

216 3456 402 3511 infestat.
427 3455 608 3499 Metam.
635 3468 722 3497 xm
739 3487 750 3508 ‚
786 3454 864 3512 730
885 3470 894 3498 t
917 3457 1059 3512 Scylla

1138 1495 1254 1536 latus
1265 1494 1469 1543 dextrum,
1486 1495 1632 1535 levum
1649 1498 1871 1551 irrequieta
1888 1498 2002 1540 clm.-

1137 1560 1283 1616 rybdis
1320 1557 1546 1613 Inseslanl.
1593 1559 1761 1603 Herus.
1820 1561 2005 1616 last-stat

1142 1638 1336 1680 quasque.
1369 1622 1536 1667 Douzoe
1556 1623 1705 1667 codex.

1195 1704 1263 1732 20.
1289 1690 1381 1743 Quo
1395 1692 1564 1731 lateant
1573 1691 1729 1746 Syrtes,
1750 1705 1879 1745 quove
1898 1692 1998 1734 Ma-

1138 1757 1208 1799 lea
1226 1759 1335 1798 sinu.
1362 1754 1562 1798 Dubium
1584 1764 1648 1799 est
1670 1756 1841 1800 nullum
1858 1791 1870 1812 ,
1893 1759 1998 1815 quin

1141 1830 1295 1878 agatur
1325 1820 1594 1879 deutraque
1617 1822 1768 1882 Syrti,
1792 1826 1866 1882 qui
1893 1843 1998 1869 sco—

1136 1886 1255 1944 puli,
1279 1896 1329 1931 ut
1349 1903 1484 1931 nemo
1505 1888 1666 1942 nescit,
1690 1891 1996 1948 navigantibus

1137 1952 1248 1998 adeo
1279 1954 1561 1998 formidandi.
1600 1954 1698 1999 Cur
1733 1973 1826 2000 non
1865 1958 1998 2016 igitur

1138 2018 1260 2075 prior
1281 2019 1539 2064 restituatur
1560 2019 1689 2064 lectio
1706 2053 1718 2075 ,

1138 2093 1214 2133 Quo
1228 2092 1349 2123 lateant
1363 2094 1496 2135 Syrtes,
1517 2103 1646 2134 magna
1658 2116 1671 2132 ,
1696 2094 1842 2124 minorve
1853 2094 1928 2123 sinu
1946 2103 1955 2132 ;

1138 2161 1184 2196 et
1224 2152 1330 2210 quid
1374 2152 1445 2196 hic
1487 2152 1688 2196 Maleum
1729 2163 2000 2209 promonto—

1137 2217 1293 2261 rium?
1318 2217 1458 2274 Quod
1477 2218 1512 2262 si
1535 2219 1736 2274 Propert.
1758 2231 1817 2261 111
1835 2253 1847 2273 ‚
1874 2219 1998 2278 Eleg.

1139 2295 1265 2337 xvn,
1289 2299 1310 2340 7
1326 2314 1338 2335 ‚
1366 2297 1471 2325 cum
1504 2282 1708 2340 Syrtibus
1736 2283 1995 2339 conjunxit,

1138 2362 1231 2389 non
1244 2345 1373 2389 video
1386 2362 1465 2390 cur
1482 2345 1671 2391 Ovidius
1686 2362 1876 2404 quoque.
1886 2349 1995 2392 Sen-

1137 2410 1193 2454 sit
1213 2411 1459 2454 Burmann.
1482 2427 1566 2455 nec
1579 2410 1682 2468 quid
1700 2421 1849 2455 tamen
1863 2429 1992 2457 ausus

1139 2485 1204 2520 est
1224 2477 1459 2521 immutare
1473 2509 1485 2532 ,
1503 2485 1548 2520 et
1560 2477 1780 2534 vulgatam
1797 2478 1993 2522 retinuit.

1159 2582 1162 2585 ,
1193 2558 1260 2584 21.
1287 2543 1385 2585 Hoc
1396 2545 1487 2586 alii.
1510 2542 1687 2586 Rectius
1701 2542 1747 2585 in
1765 2544 1988 2600 exempla-

1138 2605 1257 2649 ribus
1275 2605 1456 2663 legitur,
1479 2609 1597 2657 boec,
1627 2607 1789 2651 scilicet
1809 2609 1992 2664 pericu-—

1137 2670 1239 2714 losa.
1259 2671 1452 2715 MAR.—
1465 2673 1592 2726 Quod
1604 2676 1776 2728 quisque
1789 2675 1993 2728 loquatur.

1138 2736 1280 2796 Vetus
1293 2744 1337 2779 et
1349 2753 1455 2780 sana
1471 2736 1599 2780 lectio
1615 2745 1697 2790 est,
1715 2740 1914 2793 loquetur.
1928 2737 1995 2780 In.

1139 2801 1398 2857 loquentur,
1433 2802 1777 2845 Barberinianus
1807 2811 1852 2844 et
1880 2819 1995 2846 unus

1138 2867 1307 2911 RIoreti
1339 2884 1349 2911 :
1378 2877 1523 2920 reete3
1565 2884 1649 2911 nec
1684 2868 1845 2912 desunt
1877 2870 1994 2926 apud

1137 2934 1352 2979 Nostrum
1372 2935 1583 2991 exempla.

1192 3017 1260 3042 22.
1301 3002 1500 3042 Credenti
1518 3003 1640 3043 nulla
1652 3004 1846 3054 procella
1862 3009 1997 3046 nocet.

1139 3066 1328 3109 Mallent
1353 3070 1553 3121 quoerenli
1578 3066 1733 3110 Burm.
1759 3076 1804 3110 et
1837 3069 1994 3112 Heius.

1139 3130 1257 3187 quod
1280 3147 1303 3175 e
1328 3132 1569 3174 Puteaneo.
1592 3131 1682 3176 Sed
1704 3133 1787 3176 nisi
1807 3150 1907 3178 mea
1920 3150 1995 3176 me

1137 3198 1243 3241 fallit
1263 3198 1412 3254 opinio
1426 3231 1436 3248 ‚
1462 3201 1653 3242 credenti
1667 3199 1796 3257 longe
1819 3201 1992 3243 antefe-

1137 3261 1341 3304 rendum.
1378 3261 1472 3316 Qui
1501 3263 1623 3306 enim
1645 3280 1742 3320 quae
1771 3265 1992 3322 navigan-

1138 3326 1252 3368 tibus
1283 3326 1547 3369 immineant
1578 3329 1772 3384 pericula
1796 3345 1993 3371 narran-

1140 3391 1254 3434 tibus
1277 3393 1431 3443 credit,
1457 3401 1647 3448 portum⁴
1667 3403 1790 3436 tenet
1806 3427 1818 3449 ,
1849 3411 1994 3450 neque

1138 3457 1392 3515 committit,
1406 3467 1455 3500 ut
1469 3458 1547 3513 ipsi
1569 3458 1794 3514 quondam
1806 3463 1999 3515 procella
