2268 3776
490 317 922 375 ·AMORUM
967 320 1094 373 111.
1138 319 1384 376 ELEG.
1433 321 1548 377 VI.
1833 343 1849 375 1

756 650 1160 721 ELEGIA
1215 651 1346 721 VI.

177 983 238 1016 An
265 982 471 1027 AMNEM,
505 984 590 1026 QUI
620 983 836 1016 nuruum
865 982 923 1016 m·
953 985 1124 1017 mltum
1154 985 1206 1017 n(
1237 986 1412 1018 MODUU
1442 985 1624 1020 AUCTUS
1648 1009 1660 1031 ,
1696 988 1923 1022 OBSTABAT

347 1061 442 1104 QUO
471 1059 734 1092 cunnum&
766 1059 919 1091 MINUS
949 1058 1097 1092 POETA
1125 1059 1187 1092 AD
1216 1060 1408 1093 antean
1438 1063 1756 1095 Pnorznann‘r.

159 1209 448 1308 Anum,
480 1231 848 1295 arundinibus
874 1230 1101 1296 limosas
1128 1234 1311 1318 obsite
1341 1237 1523 1320 ripas,

236 1330 330 1394 Ad
357 1330 635 1392 dominam
661 1353 904 1416 propero
932 1355 946 1392 :
974 1330 1106 1393 siste
1130 1356 1429 1418 parumper
1451 1360 1636 1419 aquas.

157 1430 272 1492 Nec
302 1428 406 1491 tibi
435 1442 567 1490 sunt
594 1442 827 1513 pontes»,
853 1450 955 1490 nec
987 1452 1108 1512 quae
1137 1428 1255 1491 sine
1284 1432 1507 1511 remigis
1538 1433 1651 1494 ictu

241 1527 496 1589 Concava
525 1526 750 1609 trajecto
781 1525 977 1610 cymba
1005 1526 1238 1588 rudente
1265 1527 1443 1589 vehat.

159 1625 368 1687 Parvus
399 1647 550 1698 eraS,
580 1623 841 1696 memini3
867 1647 969 1686 nec
993 1638 1046 1685 te
1076 1625 1307 1687 transire
1339 1626 1551 1705 refugi,
1924 1651 1947 1688 ,ς

241 1722 578 1804 Summaque
607 1720 698 1782 vix
728 1718 868 1781 talos
900 1720 1137 1801 contigit
1165 1722 1313 1783 unda
1342 1747 1510 1784 meoS.

219 1910 237 1939 ι
245 1927 254 1938 .
270 1894 426 1939 Amnis
439 1927 450 1946 ‚
465 1894 742 1938 arundinibus
754 1895 930 1936 le‘mosas
943 1895 1011 1936 ob-

158 1963 242 2004 site
266 1963 383 2016 ripas
402 1967 483 2004 etc.
517 1958 675 2002 Amnis
692 1990 704 2013 ‚
739 1957 792 2001 de
824 1973 911 2015 quo
942 1956 1013 2001 hic

161 2023 248 2083 agit
265 2031 420 2082 poeta,
451 2023 488 2068 is
508 2031 600 2078 est,
633 2022 709 2080 qui
737 2038 873 2081 prope
898 2021 1012 2067 Sul-

159 2088 304 2133 monis
322 2088 484 2137 moenia
498 2087 681 2142 labitur,
707 2103 840 2145 quem
859 2095 1013 2132 nostro

158 2153 368 2199 idiomate
398 2155 561 2199 Vellam
584 2152 780 2198 dicimus.
813 2153 902 2197 Hic
923 2168 1012 2196 au-

160 2227 254 2266 tem
268 2252 280 2276 ‚
304 2218 453 2264 adulto
471 2234 575 2263 vere
591 2250 603 2274 ,
631 2218 871 2276 liquefactis
890 2217 1014 2261 nivi—

160 2285 310 2341 bus,et
322 2283 563 2338 interdum,
575 2283 757 2328 ineunte
770 2291 986 2327 autumno
998 2315 1010 2338 ,

162 2349 375 2394 imbribus
389 2348 646 2393 mirandum
664 2349 710 2392 in
731 2347 1011 2404 modumpu·

164 2416 255 2475 geri
273 2415 384 2460 solet
404 2448 416 2471 ,
446 2423 492 2459 et
509 2415 664 2459 alicubi
683 2414 917 2472 pristinum
940 2414 1012 2457 al—

162 2497 295 2526 veum
312 2480 563 2537 relinquere
581 2513 594 2535 ,
610 2480 672 2523 ita
690 2488 740 2523 ut
756 2495 891 2523 nemo
911 2479 1014 2523 hinc

163 2548 233 2592 vel
258 2547 364 2591 inde
395 2540 500 2591 eum
527 2546 709 2590 transire
734 2546 878 2603 possit.
904 2545 1012 2588 Tale

164 2621 317 2658 nactus
328 2611 699 2670 impedimentum
708 2610 895 2655 Ovidius
907 2644 918 2666 ,
938 2611 1013 2668 qui

165 2694 258 2722 non
269 2677 399 2736 longe
421 2677 474 2721 ab
488 2677 667 2721 Amoris
677 2678 798 2720 sonte
810 2710 822 2731 ,
839 2677 892 2720 ad
906 2678 1013 2720 Mo-

164 2743 264 2788 roni
274 2741 438 2787 montis
454 2740 620 2786 radices
631 2775 643 2796 ,
660 2741 846 2785 domum
857 2776 868 2794 ‚
887 2742 1011 2798 cujus

165 2808 360 2866 ingentia
383 2807 526 2853 adhuc
545 2809 723 2867 vestigia
745 2819 980 2866 supersunt
998 2842 1010 2864 ,

166 2891 350 2933 queque
375 2878 416 2919 le
437 2878 626 2931 bottegbe
641 2876 689 2919 d'
708 2877 860 2919 Ouidio
885 2875 1015 2933 vulgo

166 2947 380 2985 vocantur
398 2972 411 2995 ‚
441 2939 640 2984 habuisse
672 2940 857 2996 dicitur,
902 2941 1015 2986 Sul-

167 3019 351 3048 monem
392 3003 446 3047 ad
477 3004 665 3050 amicam
702 3006 978 3062 proficiscens
999 3038 1012 3062 ,

164 3067 280 3112 hanc
309 3066 648 3124 pulcherrimam
680 3078 725 3113 et
752 3071 1014 3115 venustissi-

119 3185 129 3192 ·
167 3147 288 3176 mam
302 3131 553 3189 indignatus
562 3134 727 3189 scripsit
735 3134 945 3191 Elegiam.
962 3134 1016 3179 C.

168 3219 222 3230 —
256 3198 402 3240 Obsite
421 3200 549 3251 npas.
585 3197 879 3253 Frequentior
902 3199 1018 3256 apud

166 3260 324 3305 latinos
359 3269 507 3318 poetas
541 3260 821 3306 hellenismus
838 3296 850 3315 ,
884 3271 1017 3319 quam

91 3384 97 3387 μ
172 3328 248 3384 qui
276 3334 400 3384 egeat
427 3327 802 3383 interpretatione.
838 3328 1017 3386 Squalet

173 3406 278 3434 vero
303 3391 442 3434 amnis
458 3392 654 3446 (obsitus)
679 3401 859 3451 propter
875 3393 1016 3449 ripas,

175 3471 271 3513 quae
290 3460 390 3501 limo
409 3455 699 3500 obducuntur.

399 3538 490 3593 ΙΙ.

1148 1901 1187 1929 2.
1204 1887 1399 1942 Propero.
1415 1885 1616 1931 Dubium
1630 1888 1767 1933 videri
1779 1899 1920 1948 potest
1932 1928 1944 1947 ,

1094 1965 1149 1994 an
1180 1966 1271 1994 non
1285 1968 1462 2007 propero
1491 1952 1546 1997 sit
1578 1953 1710 1997 dativi
1741 1971 1887 2010 casus,
1925 1975 1949 2002 a

1086 2032 1289 2072 properus
1304 2029 1316 2055 ι·
1332 2025 1381 2060 ut
1396 2031 1464 2060 vu
1477 2051 1489 2072 ,
1507 2018 1693 2062 Metam.
1708 2021 1786 2079 647
1808 2037 1817 2064 :
1835 2025 1950 2067 Ecce

1093 2085 1211 2124 veni!
1230 2083 1429 2126 Telamon
1443 2100 1655 2140 properus.
1677 2086 1829 2143 Virgil.
1853 2102 1920 2131 xn
1935 2122 1946 2141 ‚

1093 2145 1199 2188 AEn.
1217 2146 1269 2188 85
1287 2162 1297 2190 ε
1318 2149 1603 2191 Circumstant
1609 2156 1948 2207 propert‘aang’ae.

1095 2211 1265 2266 Aquam
1288 2212 1421 2256 etiam
1444 2214 1663 2268 meliores,
1688 2224 1734 2258 ut
1754 2232 1855 2259 mox
1875 2220 1946 2271 44:

1100 2275 1251 2318 Cedere
1260 2276 1403 2331 jussit
1415 2294 1580 2333 aquam.
1600 2280 1723 2337 Virg.
1744 2294 1792 2322 lv
1808 2314 1819 2334 ,
1843 2281 1949 2324 AEn.

1093 2339 1175 2399 489
1190 2355 1199 2382 :
1215 2341 1367 2385 Salem
1377 2359 1528 2399 aquam
1530 2346 1702 2400 stuv1'1255
1722 2346 1799 2390 ins.
1823 2346 1945 2404 Eleg.

1096 2418 1190 2460 ΧΠ,
1212 2406 1290 2461 34;
1316 2407 1471 2451 eadem
1488 2410 1672 2453 varietas
1692 2421 1736 2454 et
1757 2411 1870 2454 alibi.
1894 2413 1948 2455 B.

1148 2470 1186 2513 3.
1218 2473 1309 2515 Nec
1324 2476 1517 2517 tt'bt'sunt
1525 2482 1688 2530 pontes.
1706 2477 1836 2521 Unus
1853 2479 1945 2520 Va-

1095 2534 1264 2580 ticanus
1276 2569 1288 2592 ,
1313 2540 1404 2581 Nec
1417 2543 1502 2582 tibi
1514 2548 1617 2584 sunt
1633 2545 1792 2586 lintres.

1149 2604 1188 2658 4.
1207 2605 1443 2647 Concava...
1455 2609 1616 2663 cymba.
1628 2607 1797 2666 Navigii
1809 2609 1945 2665 quod·

1096 2669 1199 2713 dam
1220 2687 1379 2728 genus,
1402 2673 1455 2716 ad
1477 2675 1731 2732 trajicienda
1760 2677 1945 2721 flumina

1095 2736 1282 2780 maxime
1294 2737 1602 2782 idoneum.Est
1612 2751 1760 2784 autem
1773 2760 1795 2785 a
1806 2759 1947 2800 graeco

1095 2805 1217 2858 κύμὸη
1236 2835 1248 2857 ,
1286 2812 1335 2846 ut
1365 2803 1493 2848 docet
1524 2806 1678 2848 Festus
1706 2826 1716 2857 ;
1755 2808 1874 2850 unde
1905 2818 1949 2852 et

1094 2875 1302 2930 cymbium
1316 2907 1326 2925 ,
1344 2873 1462 2930 quod
1482 2882 1738 2930 usurpatum
1753 2891 1776 2917 a
1803 2877 1947 2934 Virgi-

1071 2937 1154 2980 *lio
1175 2937 1363 2981 vidimus
1379 2972 1390 2993 ‚
1415 2938 1594 2980 AEneid.
1616 2952 1672 2980 111
1690 2972 1701 2992 ,
1724 2940 1779 2983 66
1800 2958 1810 2984 :

1094 3006 1270 3038 Inserimus
1286 3008 1395 3051 tepido
1412 3008 1595 3048 spumantia
1614 3009 1750 3049 cymbia
1766 3011 1859 3043 lacte.

1098 3067 1186 3111 Sed
1196 3068 1265 3111 hic
1274 3084 1372 3111 vasa
1384 3067 1584 3124 quaedam
1597 3068 1783 3128 oblonga
1805 3081 1849 3115 et
1862 3089 1945 3117 an-

1098 3141 1219 3190 gusta
1234 3132 1444 3190 designat,
1461 3134 1507 3175 in
1520 3134 1704 3178 modum
1713 3142 1868 3195 cymboe
1879 3157 1947 3183 ex·

1095 3206 1309 3241 cavata.·—·
1318 3198 1511 3252 Trajecto
1519 3202 1837 3247 mdenteFunis
1846 3220 1946 3261 ope,

1098 3277 1232 3318 quem
1253 3261 1403 3317 aliquis
1424 3279 1478 3307 ex
1492 3263 1671 3308 adversa
1687 3267 1779 3323 ripa
1795 3270 1949 3325 trajec-

1097 3337 1195 3371 tum
1215 3328 1465 3384 excipiebat,
1486 3330 1690 3388 cymbam
1709 3333 1768 3376 sic
1781 3333 1949 3380 adduc-

1098 3402 1233 3436 turus.
1246 3395 1422 3435 Rudens
1434 3403 1596 3449 autem,
1613 3397 1713 3452 quia
1721 3408 1854 3441 vento
1865 3402 1949 3457 agi-

1100 3465 1236 3512 tatus,
1260 3460 1402 3501 rudere
1416 3459 1744 3516 quodammodo
1761 3463 1947 3511 videtur.

1618 3565 1679 3599 12
