2268 3776
599 321 985 404 AMORUM
1032 348 1081 402 1.
1132 345 1376 400 ELEG.
1420 345 1571 399 vn.
1902 349 1971 402 33

289 466 541 550 Qualiter
567 462 778 547 abjecta
806 462 873 523 de
903 461 1026 521 nive
1052 473 1238 520 manat
1263 482 1420 543 aqua.

205 569 365 628 Tunc
395 587 498 643 ego
529 585 615 622 me
642 560 882 644 primum
913 557 1054 642 coepi
1084 556 1284 618 sentire
1315 571 1603 618 nocentem
1628 582 1640 617 :

289 660 525 739 Sanguis
557 672 713 720 erant
741 653 1007 728 lacrimae,
1043 678 1179 739 quas
1209 652 1378 714 dabat
1409 653 1526 725 illa,
1558 678 1727 715 meus.
1929 677 1984 714 (τι,

207 759 318 820 Ter
346 771 526 818 tamen
555 769 680 816 ante
711 754 879 838 pedes
911 751 1063 813 volui
1093 751 1457 835 procumbere
1485 751 1753 835 supplex:

287 855 399 915 Ter
423 851 744 914 formidatas
774 849 1020 934 reppulit
1047 848 1141 910 illa
1170 871 1380 909 manus,

207 953 286 1013 At
315 965 376 1012 tu
409 975 479 1012 ne
508 950 728 1022 dubita,
758 949 971 1009 minuet
993 947 1232 1007 vindicta
1263 944 1538 1018 dolorem,

290 1049 554 1110 Protinus
585 1048 643 1108 in
674 1044 862 1107 vultus
890 1045 1175 1123 unguibus
1206 1043 1283 1104 ire
1311 1066 1497 1113 meos;

207 1146 322 1206 Nec
351 1145 558 1205 nostris
584 1142 791 1216 oculis,
823 1167 924 1204 nec
954 1142 1162 1203 nostris
1192 1164 1352 1224 parce
1384 1138 1623 1223 capillis:
1933 1161 1991 1199 os.

292 1240 616 1322 Quamlibet
645 1240 889 1301 infirmas
918 1240 1139 1322 adjuvet
1169 1239 1247 1299 ira
1275 1262 1496 1299 manus:

208 1340 358 1402 Neve
384 1339 493 1400 mei
524 1337 742 1400 sceleris
771 1352 881 1399 tam
913 1337 1090 1399 tristia
1118 1338 1276 1416 signa
1307 1335 1615 1419 supersint,

206 1504 209 1507 ,
290 1437 445 1498 Pone
474 1437 869 1520 recompositas
899 1436 959 1496 in
988 1436 1227 1497 statione
1252 1458 1451 1522 comas.

211 1605 379 1649 Moreti
395 1613 439 1649 et
452 1605 617 1650 Douzae
630 1605 765 1650 codex
781 1640 792 1663 ,
807 1622 969 1650 summa
986 1623 1061 1650 ve-

211 1674 279 1714 lut
297 1673 462 1726 tepido5
485 1671 521 1714 si
538 1672 769 1729 separatim
787 1672 923 1730 legas,
944 1689 1061 1715 sum-

211 1752 282 1780 ma
301 1739 377 1780 vel
386 1741 437 1780 ut
448 1740 600 1793 tepido.

267 1801 332 1844 58.
361 1801 550 1856 Abjecta
576 1804 629 1845 de
649 1806 752 1846 niue.
786 1802 852 1846 Ex
878 1803 982 1847 caelo
1013 1804 1058 1847 in

211 1874 372 1909 terram
374 1867 507 1922 jacta
523 1879 536 1906 ··
559 1867 750 1923 utjactae
765 1872 881 1911 nives
897 1869 1059 1913 Nostro

208 1930 282 1975 lib.
302 1944 341 1974 11
358 1963 370 1986 ,
391 1930 488 1975 Art.
511 1930 612 1976 Am.
636 1933 728 1977 232.
752 1933 866 1978 Vide
890 1933 987 1977 infr.
1005 1933 1059 1978 ad

212 1994 332 2054 Eleg.
349 2010 398 2040 lx
409 2029 422 2051 ,
450 2013 512 2040 ια.
526 1997 712 2054 abjicere
723 2015 828 2042 vero
842 2008 906 2043 est
921 1999 965 2043 in
979 2008 1061 2043 ter-

209 2076 307 2104 ram
327 2061 554 2123 projicere.
581 2063 763 2120 Objecta
781 2064 918 2109 edidit
935 2066 1060 2111 Bers-

211 2142 414 2172 mannus.
433 2127 596 2173 Bumu.

261 2191 330 2236 62.
366 2193 717 2250 Terfotmidatas
735 2204 815 2240 etc.
847 2196 1061 2255 Excerpta

209 2255 370 2302 scilicet
384 2290 397 2314 ,
419 2267 465 2302 et
480 2267 683 2303 recenter
699 2261 878 2318 quidem
891 2296 902 2317 ,
927 2279 1061 2320 quam

210 2331 354 2367 essent
360 2323 654 2380 formidanda.
675 2350 731 2360 —
742 2331 963 2384 Reppulit,
987 2347 1062 2374 re-

211 2385 328 2443 jecit.
341 2387 599 2433 Notandum
615 2400 762 2435 autem
778 2402 864 2448 est,
889 2397 1065 2450 Repulit

213 2458 372 2495 natura
387 2453 605 2510 corripere
622 2457 810 2512 primam
826 2460 1060 2518 syllabam:

213 2523 264 2558 ut
282 2515 445 2562 Medea
466 2518 707 2578 ovidiana,
730 2523 776 2567 in
792 2525 984 2583 Epistola
1005 2528 1061 2572 ad

211 2580 425 2626 Jasonem
444 2599 553 2629 vers.
579 2587 654 2631 165
677 2605 688 2632 :

213 2651 359 2695 Quoque
374 2653 459 2686 seros
473 2655 579 2699 repuli
592 2656 696 2703 doct-is
713 2659 925 2692 medicatibus
938 2662 1038 2703 ignes.

213 2712 303 2761 Sed
325 2716 586 2775 quandoque
604 2752 616 2775 ‚
648 2720 788 2766 immo
807 2730 853 2768 et
869 2724 1023 2781 saepius
1044 2758 1058 2781 ,

371 3556 461 3609 II.

1142 1614 1282 1664 poetae
1314 1605 1482 1649 addunt
1504 1604 1759 1659 alterump,
1797 1611 1841 1647 et
1869 1603 1992 1661 posi-

1143 1675 1261 1719 tione
1277 1674 1452 1731 longam
1469 1673 1644 1716 faciunt.
1660 1672 1784 1716 Idem
1795 1671 1846 1716 fit
1859 1673 1993 1715 etiam

1141 1739 1187 1781 in
1218 1738 1438 1796 preterito
1458 1740 1609 1788 tetuli,
1635 1745 1679 1780 et
1700 1741 1841 1791 repent
1864 1735 1995 1779 ΜΑιι.

1143 1804 1209 1847 lta
1232 1803 1337 1846 olim
1371 1818 1623 1861 persuasum
1656 1801 1993 1852 Grammtiris;

1141 1868 1215 1911 sed
1240 1883 1358 1911 nunc
1379 1868 1471 1911 sine
1503 1876 1624 1910 metu
1645 1866 1997 1924 reprehensionis

1142 1933 1240 1977 talia
1253 1932 1465 1977 audemus
1481 1932 1710 1990 simplicip
1729 1930 1859 1974 edere
1877 1947 1887 1974 ε
1907 1930 1997 1990 syl-

1140 1997 1235 2041 laba
1256 1998 1324 2042 illa
1346 1998 1466 2042 enim
1482 2014 1538 2049 re,
1558 2006 1793 2054 utrumque
1810 1995 1995 2039 modum

1140 2065 1293 2122 recipit
1311 2098 1322 2120 ,
1346 2065 1477 2108 etiam
1498 2079 1589 2107 non
1609 2064 1823 2121 duplicata
1844 2078 1995 2106 conso·

1140 2139 1275 2174 nante
1298 2146 1307 2173 :
1331 2130 1388 2174 ita
1410 2133 1559 2179 metiti.
1586 2145 1675 2172 non
1699 2131 1867 2172 accidi.
1886 2128 1937 2171 Β.

1194 2194 1262 2239 66.
1288 2198 1532 2250 Quamlibet
1542 2197 1731 2252 infirmas
1743 2194 1920 2251 adjuvet
1928 2195 1996 2234 im

1141 2277 1303 2304 manus.
1324 2263 1569 2315 Quamlibet
1582 2292 1594 2314 ,
1614 2259 1654 2302 id
1674 2266 1763 2312 est,
1786 2257 1995 2314 quamvis.

1142 2326 1258 2384 Lege
1278 2326 1338 2369 sic
1355 2360 1365 2375 ‚
1402 2342 1503 2369 cum
1534 2323 1784 2368 melioribus
1805 2324 1994 2381 quibus-

1142 2408 1226 2448 que
1246 2391 1423 2448 scriptis.
1450 2391 1615 2434 Hssms.

1195 2457 1261 2516 67.
1289 2458 1589 2513 Trektiasigua.
1610 2455 1993 2500 Heinsiusnotavit

1141 2526 1187 2568 in
1206 2525 1347 2583 prima
1360 2525 1553 2570 editione
1568 2526 1668 2584 legi,
1681 2531 1843 2569 rustica
1856 2532 1992 2581 signa.

1194 2593 1261 2636 68.
1270 2596 1387 2637 Pone
1396 2599 1695 2651 recompositas
1702 2604 1781 2639 etc.
1797 2595 1815 2638 Ι
1819 2610 1848 2637 n
1859 2603 1990 2649 statu,

1141 2674 1228 2715 quo
1243 2658 1361 2716 prius
1372 2692 1384 2715 ,
1399 2660 1537 2717 capilli
1547 2662 1612 2705 sac
1628 2669 1916 2718 reponantur;
1930 2676 1990 2703 ne

1141 2725 1258 2782 quod
1270 2727 1457 2784 supersit
1471 2731 1644 2772 sceleris
1658 2728 1747 2771 mei
1764 2728 1985 2774 indicium·
