2268 3776
526 275 918 331 AMoRUM
970 276 1102 330 111.
1158 274 1398 331 ELEG.
1445 274 1519 332 v.
1829 278 1929 353 175

143 389 244 454 Illa
276 387 460 452 locum
489 404 817 474 taurumque
849 390 946 451 diu
976 405 1231 451 cunctata
1253 391 1545 475 relinquit;
1795 398 1798 401 ’
1875 412 1929 452 25

227 486 335 548 Sed
364 487 522 565 niger
549 486 608 546 in
637 510 808 547 vaccae
834 501 1060 571 pectore
1090 484 1231 546 livor
1255 501 1386 546 erat.

144 584 331 667 thue
367 582 563 667 procul
591 583 730 644 vidit
757 598 1041 668 carpentes
1070 582 1275 667 pabula
1307 598 1529 656 tauros;

230 679 545 762 Carpebant
574 679 716 739 tauri
743 678 949 763 pabula
979 679 1099 742 laeta
1129 678 1361 764 procul;

148 774 286 835 Illuc
316 798 373 835 se
401 775 612 858 rapuit,
640 777 1013 861 gregibusque
1044 778 1344 839 immiscuit
1373 776 1517 849 illis;

228 874 304 933 Et
332 872 496 956 petiit
520 861 710 934 berbae
740 873 1026 936 fertilioris
1057 900 1234 959 opem.
1882 898 1937 939 31»

150 971 282 1045 Dic,
307 994 433 1050 age,
458 985 743 1034 nocturnae
768 973 1102 1056 quicumque
1133 996 1191 1034 es
1214 972 1471 1051 imaginis
1497 996 1698 1051 augur,

231 1068 290 1129 Si
319 1067 454 1152 quid
483 1067 694 1129 habent
720 1069 862 1142 veri,
895 1069 1010 1130 visa
1040 1070 1176 1153 quid
1203 1070 1307 1131 ista
1336 1068 1531 1130 serant.

150 1164 242 1225 Sic
269 1188 372 1243 ego
399 1189 411 1225 :
435 1180 721 1226 nocturnae
751 1165 829 1226 sic
860 1166 1000 1226 dixit
1029 1167 1285 1246 imaginis
1313 1190 1513 1245 augur,

232 1261 564 1345 Expendens
593 1261 776 1322 animo
807 1260 1025 1341 singula
1054 1263 1169 1324 visa
1199 1287 1301 1323 suo
1326 1288 1339 1322 :

152 1359 337 1439 Quem
366 1372 426 1419 tu
455 1357 763 1420 mobilibus
790 1357 941 1420 foliis
970 1359 1141 1420 vitare
1168 1358 1427 1431 volebaS,
1886 1378 1941 1420 35

235 1453 347 1515 Sed
369 1453 510 1517 male
538 1455 783 1530 vitabaS,
815 1470 980 1516 aestus
1010 1455 1213 1516 amoris
1242 1469 1374 1516 erat.

157 1554 364 1625 Vacca,
390 1550 577 1635 puella
603 1567 698 1611 tua
726 1566 809 1611 est
832 1577 845 1612 :
871 1566 1034 1635 aptus
1059 1551 1216 1612 color
1244 1550 1336 1612 ille
1366 1549 1578 1634 puellae.

238 1650 327 1708 Tu
348 1648 459 1721 vir,
483 1662 539 1709 et
566 1648 626 1708 in
654 1671 814 1709 vacca
842 1671 1096 1733 compare
1128 1664 1319 1710 taurus
1347 1672 1482 1709 eras.

158 1848 302 1877 comas
326 1849 339 1876 ,¹
368 1830 478 1876 mihi
512 1847 606 1876 non
635 1830 773 1889 liquet
806 1847 1011 1890 pronun-

158 1900 283 1955 tiare,
301 1900 374 1956 qut
387 1898 624 1958 legendum
637 1899 704 1943 sit.
723 1896 855 1943 Clor.
870 1901 1012 1942 Jubas

161 1956 237 2008 aut
255 1980 401 2008 comas
421 1962 475 2008 de
494 1972 620 2008 tauro
640 1962 724 2007 dici
742 1979 835 2007 non
855 1964 1010 2008 memi-

159 2029 235 2084 ni;
258 2045 392 2088 quare
411 2045 492 2088 ego
512 2029 706 2088 legerem
726 2045 829 2073 cum
849 2029 1011 2088 vulga-

157 2094 235 2151 tis,
255 2101 407 2151 notas‚·
430 2103 476 2139 et
491 2128 502 2146 ,
527 2109 627 2139 cum
643 2094 917 2139 Francosurt.
936 2093 1012 2152 qui

163 2176 244 2219 pro
275 2177 345 2205 ore
373 2159 531 2205 habeat
559 2161 682 2212 inde,
711 2158 979 2218 refingerem
997 2192 1009 2215 ,

162 2227 352 2269 albentes
373 2228 556 2269 abstulit
573 2227 670 2268 inde
688 2230 824 2268 notas.
846 2225 1013 2270 Btmm.

162 2311 218 2323 —
237 2292 376 2334 Notas
398 2305 480 2348 ego
501 2305 675 2348 quoque
697 2289 846 2333 malim
866 2307 877 2343 ;
891 2290 1014 2347 juba·

165 2354 288 2399 enim
301 2355 376 2414 pili
388 2355 606 2414 longiores
621 2388 633 2410 ,
651 2371 783 2412 quam
799 2371 908 2412 quos
920 2355 1013 2398 vel-

165 2419 338 2464 licando
353 2421 502 2464 cornix
515 2421 708 2478 potuerit
727 2421 901 2477 auferre.
921 2419 1015 2464 Cae-

166 2492 315 2527 terum
337 2484 633 2542 metaphorice
650 2484 743 2528 haec
763 2485 912 2527 omnia
930 2503 940 2536 ;
970 2492 1016 2527 et

168 2565 248 2607 per
271 2550 450 2607 nigrum
480 2552 647 2594 livorem
668 2584 679 2602 ,
723 2550 797 2607 qui
827 2549 1016 2593 maculas

169 2614 363 2659 albentes
390 2619 436 2658 in
460 2631 602 2658 vacca·
615 2621 783 2672 pectore
804 2623 985 2672 occupat
1002 2648 1014 2670 ,

168 2679 371 2738 intelligit
384 2689 511 2737 poeta
521 2680 759 2723 candorem
771 2681 1017 2738 ingenuum

170 2745 427 2789 meretriciis
448 2746 609 2790 artibus
631 2763 682 2789 ex
701 2746 848 2788 animo
862 2745 1017 2802 puellae

171 2810 345 2866 penitus
360 2810 591 2855 sublatum.
613 2810 716 2854 Vid.
732 2811 832 2854 insr.
849 2812 922 2866 43,
951 2812 1017 2866 44.

229 2876 296 2918 28.
318 2877 484 2919 Pabula
503 2879 619 2919 laeta.
643 2876 823 2934 Legitur
842 2885 886 2919 et
900 2909 911 2930 ,
926 2893 1019 2931 pa-

171 2939 273 2981 bula
284 2941 377 2981 lata
389 2972 400 2990 ,
424 2954 520 2996 quae
532 2940 660 2983 lectio
675 2941 852 2984 fortasse
867 2941 992 2997 pejor
1004 2973 1016 2994 ,
1064 2954 1074 2959 ‘⁷

174 3005 275 3062 quia
301 3006 482 3049 inferius
509 3007 612 3050 dicit
628 3039 640 3061 ,
671 3013 715 3049 et
731 3011 857 3062 petiit
882 3010 1020 3050 herba

163 3072 390 3127 fertilioris
405 3088 534 3128 opem.
563 3076 695 3116 Lecta
709 3107 720 3124 ,
748 3073 945 3116 Lincoln.
972 3083 1022 3116 et

176 3137 343 3180 Moreti
373 3137 552 3190 tertius;
589 3153 670 3195 ego
705 3141 804 3180 laeta
836 3139 1022 3181 retineo.

176 3201 351 3260 Lucret.
372 3215 409 3244 11
427 3233 439 3255 ‚
465 3201 543 3258 317
565 3217 574 3244 :
815 3248 823 3251 Α

177 3278 265 3311 Nam
279 3287 362 3318 sepe
378 3277 413 3307 in
425 3276 500 3307 colli
520 3276 688 3307 tondentes
702 3276 831 3318 pabula
852 3275 932 3307 Imm

178 3335 342 3378 Lanigeroe
356 3342 482 3377 reptant
495 3335 645 3376 pecudes.
811 3336 935 3366 Btnut.

236 3400 302 3444 30.
318 3402 508 3455 Etpctiit
520 3402 656 3443 herba·
658 3399 883 3454 sertiltons
896 3414 1023 3453 opem.

1093 1835 1279 1877 Humum
1313 1834 1568 1878 Puteaneus
1587 1841 1632 1877 et
1656 1832 1948 1877 Sarravianus

1096 1914 1199 1942 cum
1217 1898 1357 1955 prima
1372 1897 1564 1941 editione
1577 1930 1589 1951 ,
1611 1898 1757 1942 Jureti
1774 1914 1947 1956 excerp·

1093 1965 1147 2008 tis
1165 1997 1176 2019 ,
1203 1980 1251 2008 ac
1272 1972 1462 2021 quatuor
1475 1964 1565 2007 aliis
1583 1964 1762 2021 scriptis.
1779 1964 1948 2008 limus.

1148 2029 1217 2071 32.
1234 2030 1327 2071 Ista
1332 2028 1495 2085 serant.
1519 2030 1691 2078 Valent,
1715 2027 1849 2072 editio
1866 2029 1951 2071 Mi-

1094 2093 1206 2153 eylli.
1246 2095 1391 2137 Vele‘nt
1423 2091 1548 2136 Junii
1564 2125 1575 2147 ‚
1614 2102 1657 2136 et
1688 2087 1746 2136 ita
1775 2092 1948 2136 volebat

1095 2160 1318 2204 Francius.
1351 2159 1598 2203 Anacreon.
1622 2158 1710 2203 od.
1736 2173 1869 2213 κων,
1891 2159 1948 2201 6:

1095 2234 1152 2272 Τι’
1167 2231 1263 2272 θέλει
1279 2225 1361 2271 τίδ’
1380 2232 1465 2289 ὄναρ
1483 2234 1605 2274 εἷναις
1629 2226 1792 2269 BURM.

1152 2293 1218 2336 33.
1240 2295 1311 2337 Sic
1325 2310 1412 2348 ego.
1431 2294 1501 2336 St'c
1513 2295 1622 2335 mihi
1633 2298 1841 2335 nocturna·
1859 2308 1949 2336 res-

1090 2361 1249 2415 pondit
1263 2362 1463 2413 imagmis
1478 2374 1630 2412 augur,
1656 2357 1686 2400 J
1691 2357 1887 2400 unianus.

1151 2423 1217 2477 34.
1234 2424 1485 2478 Expendens
1505 2427 1647 2464 animo
1665 2425 1833 2476 singula
1853 2425 1949 2464 visa

1096 2503 1184 2530 suo.
1194 2488 1376 2545 Legitur
1388 2496 1455 2542 et,
1470 2489 1698 2542 Exponens
1709 2522 1718 2535 ‚
1742 2487 1785 2529 in
1801 2502 1944 2529 exem·

1097 2553 1298 2609 plaribus.
1311 2553 1441 2596 ΜΔΕ.
1456 2552 1679 2609 Quatuor‚
1694 2555 1947 2607 Exponens:

1098 2618 1299 2674 totidem,
1312 2621 1566 2674 Expediens.
1581 2618 1625 2675 Q
1633 2618 1826 2662 uomodo
1837 2619 1951 2662 Fast.

1099 2697 1149 2727 lv
1163 2717 1174 2739 ,
1194 2683 1276 2744 659
1298 2717 1309 2740 ,
1335 2684 1380 2727 in
1400 2701 1447 2727 re
1469 2684 1597 2728 simili
1619 2698 1629 2724 ε

1098 2749 1243 2791 Expedit
1253 2757 1413 2780 err-ntem
1427 2751 1551 2782 nemori
1570 2750 1751 2790 gratissima
1763 2750 1895 2790 conjux.

1098 2810 1230 2854 Unus
1242 2842 1253 2864 ,
1275 2813 1518 2854 Adtendens
1532 2824 1544 2850 .·
1559 2810 1663 2863 duo,
1680 2812 1925 2852 Extendens
1937 2822 1951 2849 t

1099 2891 1214 2919 unus
1228 2909 1240 2930 ,
1258 2879 1480 2919 Esca-dens
1491 2910 1502 2926 ,
1520 2891 1636 2918 unus
1651 2875 1926 2917 Ambrosian.
1939 2908 1951 2928 ,

1100 2945 1353 2990 Excutiens,
1381 2958 1471 2984 non
1495 2941 1621 2983 male.
1646 2940 1820 2997 Vulgati
1843 2940 1950 2997 qui-

1100 3009 1203 3052 dam
1220 3043 1232 3064 ,
1254 3011 1482 3052 Excudens
1503 3021 1515 3045 ··
1534 3006 1650 3062 quod
1671 3007 1848 3050 sortasse
1869 3007 1949 3059 sit,

1101 3078 1358 3125 Excutiens,
1386 3083 1435 3115 ut
1454 3073 1524 3115 lib.
1548 3086 1610 3126 11,
1633 3072 1765 3115 Trist.
1788 3075 1896 3126 224:

1142 3144 1364 3184 Exeutiasque
1381 3142 1480 3172 oculis
1493 3141 1559 3172 otia
1572 3148 1682 3172 nostra
1696 3142 1774 3173 tuis.

1102 3207 1321 3247 Excudere
1337 3202 1475 3245 rarius
1487 3203 1626 3259 poetis
1639 3211 1703 3246 est
1717 3203 1923 3246 usitatum
1940 3221 1951 3248 ;

1102 3269 1203 3312 licet
1217 3270 1275 3311 ita
1287 3268 1455 3311 locutus
1466 3268 1520 3310 sit
1534 3268 1655 3325 Virg.
1671 3283 1710 3322 1,
1731 3269 1831 3310 AEn.
1851 3271 1951 3324 174:

1103 3337 1154 3369 Ac
1171 3339 1314 3378 primum
1327 3337 1428 3367 silicis
1442 3338 1617 3368 scintillam
1631 3338 1763 3368 excudit
1777 3337 1930 3369 Achates.

1104 3398 1195 3442 Sed
1222 3398 1309 3452 ibi,
1344 3406 1395 3448 ut
1425 3414 1476 3440 ex
1504 3399 1590 3441 suis
1611 3398 1747 3442 MSS.
1770 3398 1952 3442 adnotat
