2268 3776
231 347 343 416 436

686 347 752 399 Ρ.
800 345 1111 402 OVIDII
1162 345 1554 404 NASONIS

226 465 356 525 Non
387 484 489 539 ego
517 457 783 520 Dulichio
813 459 1036 522 furiales
1063 485 1217 522 more
1248 463 1474 540 sagittas
1494 509 1509 533 ‚

303 561 419 619 Nec
448 556 669 641 rapidas
698 558 874 619 ausim
905 559 1115 637 tingere
1146 558 1204 617 in
1234 583 1389 619 amne
1419 559 1581 620 faces.

221 660 336 721 Nec
364 680 468 716 nos
498 679 807 738 purpureas
837 657 997 739 pueri
1026 656 1397 717 resecabimus
1427 656 1573 730 alas3

300 755 416 815 Nec
447 776 598 814 sacer
627 768 740 814 arte
766 778 886 815 mea
914 753 1091 814 laxior
1120 777 1279 814 arcus
1311 753 1432 813 erit.

224 850 540 912 Consilium
564 864 648 910 est
679 851 1072 934 quodcumque
1104 875 1276 911 cano:
1305 865 1493 933 parete
1524 853 1777 926 canenti3'

303 951 493 1031 thue
518 947 653 1008 facis
673 994 688 1020 ‚
722 948 949 1031 coeptiS‚
981 947 1192 1008 Phoebe
1225 946 1470 1021 saluber,
1502 947 1663 1008 ades!

218 1046 469 1108 Phoebus
499 1046 659 1107 adest
683 1070 695 1106 ε
722 1069 955 1106 sonuere
984 1044 1147 1128 lyrae3
1175 1047 1410 1106 sonuere
1433 1044 1706 1128 pharetrae
1733 1071 1747 1107 :

1937 1066 2019 1123 705

301 1143 474 1222 Signa
503 1144 687 1204 Deum
716 1166 888 1203 nosco
922 1166 1025 1225 per
1054 1165 1189 1202 sua:
1216 1141 1467 1203 Phoebus
1495 1141 1667 1202 adest.

221 1241 430 1304 Confer
459 1239 753 1323 Amyclaeis
783 1238 1119 1300 medicatum
1146 1238 1325 1300 vellus
1355 1236 1550 1300 ahenis

302 1339 523 1400 Murice
554 1362 681 1398 cum
706 1336 880 1419 Tyrio
906 1362 918 1396 :
949 1336 1171 1419 turpius
1199 1335 1348 1396 illud
1377 1337 1498 1397 erit.

219 1439 338 1498 Vos
372 1460 596 1521 quoque
626 1434 890 1495 formosis
918 1447 1127 1494 vestras
1158 1432 1403 1494 conferte
1430 1433 1680 1516 puellas:

302 1535 540 1618 Incipiet
569 1532 804 1594 dominae
837 1553 1113 1614 quemque
1142 1530 1354 1614 pudere
1384 1553 1511 1591 suae.

1938 1561 2020 1605 710

223 1635 474 1716 Utraque
504 1631 758 1692 formosae
785 1628 975 1690 Paridi
1005 1643 1240 1712 potuere
1268 1628 1479 1702 videri3

299 1728 409 1788 Sed
437 1728 546 1788 sibi
577 1726 835 1798 collatam
864 1725 998 1786 vicit
1024 1739 1319 1809 utramque
1345 1727 1557 1786 VenuS.

217 1828 332 1888 Nec
363 1825 538 1886 solam
563 1824 788 1895 faciem3
818 1845 999 1883 mores
1031 1846 1256 1907 quoque
1280 1822 1472 1884 confer
1502 1835 1557 1881 et
1587 1833 1768 1880 artes:

302 1925 544 1984 Tantum
570 1920 781 2004 judicio
809 1943 880 1979 ne
911 1934 1043 1980 tuus
1075 1920 1227 1980 obsit
1254 1944 1426 1981 amor.

220 2022 501 2101 Exiguum
532 2033 616 2081 est
634 2066 648 2092 ‚
680 2018 835 2101 quod
861 2017 1058 2079 deinde
1087 2041 1310 2091 canam3
1341 2017 1438 2078 sed
1467 2017 1683 2100 profuit
1710 2016 1853 2076 illud
1938 2035 2019 2091 715

275 2202 370 2262 699.
388 2203 482 2245 Non
496 2217 570 2258 ego
586 2203 790 2244 Dulichio
794 2199 984 2255 furiales
997 2217 1081 2244 mo-

222 2285 264 2311 re
303 2272 499 2323 sugillas.
534 2269 740 2310 Dulichio
772 2283 884 2309 more
900 2300 910 2317 ‚
952 2282 1080 2310 more

226 2333 415 2392 Ulyssis,
434 2332 542 2388 quia'
555 2337 727 2375 amores
744 2343 845 2375 suos
865 2348 969 2375 cum
992 2330 1084 2375 Ca-

224 2399 347 2458 lypso
366 2406 411 2441 et
427 2395 556 2441 Circe
570 2430 582 2453 ,
598 2396 652 2440 de
669 2397 825 2454 quibus
837 2413 969 2455 supra
983 2397 1079 2452 263,

225 2464 356 2507 nimis
378 2479 570 2521 praeceps
591 2462 777 2519 abrupit.

281 2529 374 2585 703.
387 2531 618 2572 Consilium
635 2533 702 2570 est
716 2529 997 2584 quodcumque
1009 2543 1084 2570 ca-

224 2612 290 2638 no.
310 2594 460 2637 Scribe
478 2627 490 2649 ,
515 2595 748 2636 Concilium
767 2609 780 2635 .·
803 2602 933 2649 atque
954 2593 1014 2635 ita
1035 2592 1082 2635 in

226 2677 317 2704 uno
338 2659 485 2704 codice
509 2657 735 2702 Gallicano
763 2659 975 2714 scriptum
1005 2658 1083 2700 os-

224 2725 359 2771 sendi.
378 2725 478 2768 Hoc
491 2732 554 2768 est
568 2723 800 2779 nimirum,
819 2721 938 2779 quod
951 2738 1083 2779 supra

227 2792 394 2834 dixerat
416 2789 494 2833 523
513 2807 523 2833 :

223 2868 267 2898 Et
278 2868 453 2909 quisquam
466 2871 625 2907 praecepta
637 2869 744 2906 potest
757 2874 828 2894 mea
840 2862 923 2894 dura
945 2874 987 2894 vo

263 2929 316 2960 En
329 2928 428 2958 etiam
442 2933 548 2968 partes
571 2925 776 2957 conciliantis
790 2936 860 2965 ago.

229 2991 463 3033 Concilium
472 3003 552 3044 pro
565 2986 886 3039 conciliatione,
899 2993 974 3028 aut
986 3001 1080 3028 con·

225 3059 394 3106 cilialu,
407 3063 456 3096 ut
469 3053 699 3096 Lucretius
714 3052 835 3108 loqui
852 3060 991 3094 amat:
1006 3052 1081 3108 qui

226 3130 271 3164 et
290 3123 469 3163 concilii
484 3135 618 3173 voce,
644 3117 726 3160 hac
741 3150 753 3171 ‚
786 3132 871 3173 qua
891 3117 1053 3162 Noster
1066 3150 1079 3172 ‚

226 3185 543 3242 significatione
565 3192 629 3226 est
649 3199 764 3226 usus.

275 3267 368 3308 707.
382 3249 790 3307 ConferAmycloeis.
795 3248 898 3290 Vid.
909 3218 1082 3290 Ferrar.

227 3315 281 3359 de
306 3316 372 3358 Re
394 3316 518 3359 Vest.
539 3314 610 3356 lib.
643 3313 717 3369 II,
754 3330 846 3371 cap.
880 3331 917 3370 7.
943 3313 1085 3371 Amy-

225 3382 302 3426 clae
322 3381 617 3438 Peloponnesi
637 3348 785 3423 civitas
801 3381 919 3437 juxta
940 3380 1084 3423 Euro-

230 3455 320 3507 tam
337 3481 348 3501 ,
383 3448 457 3490 ubi
490 3461 712 3503 purpureo
732 3446 881 3489 colore
910 3445 1083 3487 imbue-

229 3512 390 3558 bantur
405 3511 565 3558 vellera
582 3543 594 3566 ,
620 3526 716 3567 quae
733 3544 746 3569 ‚
769 3511 965 3568 quamvis
984 3509 1085 3568 pul-

1162 2199 1285 2256 chra,
1301 2207 1453 2243 tamen
1475 2197 1630 2242 collata
1652 2212 1756 2241 cum
1777 2195 1938 2255 Tyriis,
1965 2195 2020 2238 de

1162 2282 1242 2310 suo
1270 2259 1414 2323 pretio
1454 2263 1641 2322 perdere
1670 2261 1865 2305 multum
1896 2260 2022 2303 vide-

1161 2331 1338 2375 bantur.

1221 2413 1241 2454 7
1251 2413 1312 2439 12.
1329 2396 1416 2438 Sed
1421 2397 1512 2438 stbz
1518 2397 1719 2438 collatam
1732 2397 1883 2436 vincis.
1908 2393 2026 2435 Vicit

1161 2461 1261 2504 libri
1284 2460 1491 2503 meliores
1511 2475 1615 2502 cum
1635 2459 1776 2516 prima
1797 2457 1990 2500 editione
2008 2472 2018 2498 ε

1163 2527 1244 2571 alia
1263 2535 1413 2570 tamen
1434 2525 1569 2569 editio
1587 2541 1638 2568 ex
1659 2523 1833 2580 primis,
1858 2530 1903 2565 et
1931 2521 2020 2564 duo

1162 2594 1338 2651 scripti,
1365 2596 1450 2637 tibi
1472 2595 1675 2636 collatam
1701 2595 1852 2636 vincit.
1872 2590 2021 2633 Etiam

1163 2659 1293 2704 bene.
1321 2659 1491 2702 Hnms.

1221 2725 1314 2782 713.
1348 2722 1504 2778 Confer
1517 2729 1561 2765 et
1579 2728 1704 2765 artes.
1733 2722 1882 2764 Artem
1911 2736 2018 2763 me-

1162 2788 1306 2832 liores.
1328 2789 1468 2831 IDEM.
1486 2811 1543 2819 —
1561 2788 1690 2829 Artes
1708 2785 1868 2828 rectius
1883 2818 1895 2839 ‚
1916 2801 2019 2828 cum

989 2873 1082 2902 care,
1163 2854 1312 2910 priscis
1332 2851 1597 2895 editionibus
1618 2860 1662 2893 ct
1690 2850 1849 2906 majori
1874 2850 2019 2894 libro-

1163 2934 1265 2960 rum
1290 2933 1494 2959 numero.
1524 2916 1734 2972 Intelligit
1753 2922 1884 2966 mles,
1911 2916 2020 2973 qui-

1164 2984 1245 3026 bus
1266 2982 1421 3039 puellae
1440 2981 1824 3026 commendantur.
1855 2982 2019 3025 BURM.

1206 3066 1226 3106 7
1237 3067 1252 3091 1
1260 3052 1297 3103 4.
1311 3051 1358 3092 N
1352 3065 1374 3090 e
1382 3055 1478 3090 tuus
1490 3051 1605 3090 obsit
1614 3065 1742 3091 amor.
1754 3047 1840 3091 Alii
1847 3051 2018 3102 ‚obslett

1165 3131 1245 3158 nos
1274 3114 1478 3157 meliores
1506 3114 1746 3169 sequimur.
1776 3114 1883 3155 Suus
1904 3129 2025 3155 amor

1166 3189 1230 3224 est
1250 3181 1295 3223 in
1320 3180 1772 3237 Sarravianotprobe:
1789 3179 1905 3235 quod
1927 3180 2019 3236 jam

1164 3247 1317 3304 saepius
1338 3262 1469 3303 supra
1489 3246 1770 3289 inculcatum.
1794 3245 2018 3288 HEINs.--

1172 3312 1364 3354 Tantum.
1384 3310 1435 3353 ld
1451 3319 1530 3365 est,
1550 3308 1811 3364 dummodo,
1829 3316 1879 3350 ut
1892 3323 2018 3364 saepe.

1223 3394 1243 3434 7
1254 3395 1269 3419 1
1279 3379 1315 3420 5.
1335 3379 1546 3431 Exiguum
1559 3381 1625 3418 esl
1632 3410 1642 3425 ‚
1657 3377 1771 3431 quod
1781 3375 1929 3416 deinde
1942 3388 2019 3415 ca-

1165 3459 1275 3487 nam.
1294 3441 1492 3497 Quidam
1514 3445 1555 3485 ro*
1573 3446 1640 3482 est
1653 3455 1745 3483 non
1762 3445 2015 3497 agnoscunt.

1167 3508 1299 3552 Forte
1318 3541 1329 3564 ‚
1352 3509 1564 3563 Exiguum
1583 3508 1695 3563 quid.
