2268 3776
256 320 360 375 268

723 322 788 376 P.
835 324 1123 380 OVIDII
1165 324 1540 383 NASONIS

252 439 364 497 Nec
392 435 530 495 male
560 436 776 497 odorati
800 439 872 499 sit
899 441 1072 501 tristis
1103 441 1379 504 anhelitus
1411 443 1524 503 oris
1548 490 1562 516 ‚

318 533 445 592 *Nec
474 531 673 593 laedant
698 559 854 595 nares
881 537 1072 620 virque
1103 554 1368 621 paterque
1401 540 1621 619 gregis„

252 633 443 691 Cetera
471 629 681 692 lascivae
707 633 938 706 faciant,
965 634 1200 695 concede
1221 683 1235 706 ,
1267 635 1464 718 puellae
1486 662 1499 696 :
1539 639 1542 642 ⁴

330 729 403 786 Et
434 727 479 786 si
511 727 635 809 quis
668 728 806 789 male
835 730 919 789 vir
950 730 1144 812 quaerit
1171 731 1376 792 habere
1406 733 1604 792 virum.

250 880 408 937 ECCE
440 901 600 938 suum
624 893 801 939 vatem
827 880 998 941 Liber
1024 897 1184 941 vocat
1209 907 1221 942 :
1247 882 1338 943 hic
1370 907 1594 966 quoque
1622 899 1861 945 amantes
1945 903 2028 946 525

331 974 600 1055 Adjuvat3
631 990 686 1035 et
711 975 965 1049 flammae,
1002 1002 1109 1060 qua
1137 978 1276 1040 calet
1304 981 1450 1064 ipse,
1479 981 1636 1042 favet.

255 1074 456 1133 Gnosis
487 1075 546 1133 in
577 1074 784 1152 ignotis
814 1099 998 1136 amens
1028 1077 1248 1137 errabat
1276 1079 1484 1151 areniS‚

331 1172 458 1251 Qua
488 1172 671 1233 brevis
698 1173 971 1255 aequoreis
1000 1175 1108 1234 Dia
1137 1173 1334 1234 feritur
1363 1175 1540 1256 aquis.

251 1268 438 1348 thue
468 1282 584 1326 erat
612 1292 643 1327 a
669 1292 868 1327 somno
900 1270 1088 1329 tunica
1117 1268 1293 1329 velata
1320 1269 1586 1341 recincta,

327 1362 492 1423 Nuda
517 1363 740 1445 pedem,
774 1387 991 1425 croceas
1011 1365 1290 1443 irreligata
1313 1389 1496 1425 comas
1517 1390 1529 1437 ;
1941 1387 2020 1428 53υ

249 1456 462 1517 Thesea
493 1457 767 1518 crudelem
792 1459 986 1519 surdas
1018 1459 1290 1520 clamabat
1313 1461 1382 1520 ad
1411 1461 1588 1521 undas
1608 1507 1623 1534 ,

326 1554 566 1633 Indigno
599 1570 811 1615 teneras
842 1555 1018 1615 imbre
1049 1555 1263 1634 rigante
1292 1581 1476 1635 genas,

252 1650 568 1724 Clamabat,
600 1651 876 1735 flebatque
904 1651 1097 1726 simul;
1130 1653 1227 1713 sed
1250 1667 1549 1737 utrumque
1582 1653 1840 1715 decebat:

247 1828 330 1867 τως
350 1823 394 1857 et
414 1818 547 1858 scilus
565 1818 765 1858 vadorum
783 1849 794 1866 ‚
816 1815 1002 1859 Metam.
1021 1830 1069 1859 1x
1081 1849 1093 1870 ,

255 1880 344 1922 108.
359 1881 471 1922 Scile
486 1885 529 1922 el
536 1883 952 1935 llYeraleproe-scrz'ploe
963 1884 1096 1923 litera·

253 1943 480 1999 Ciceroni,
503 1945 547 1988 in
568 1946 791 1989 Pisonem.

304 2012 397 2052 522.
414 2012 502 2053 Nec
514 2013 671 2054 loedant
680 2028 802 2055 nares
816 2021 896 2056 etc.
913 2011 1092 2065 caveas,

249 2090 305 2116 ne
321 2107 332 2125 ,
357 2083 406 2116 ut
426 2075 484 2117 ait
506 2076 717 2120 Horatius
732 2109 744 2131 ,
762 2082 906 2132 gravis
923 2080 1096 2120 hirsutis

247 2143 369 2181 cubet
391 2142 532 2182 hircus
560 2145 606 2183 in
635 2145 731 2184 ales.
763 2142 904 2199 Epod.
930 2156 1024 2197 ΧΗ,
1057 2145 1095 2184 5.

249 2204 301 2247 Id
331 2214 424 2260 est,
450 2223 553 2249 cura
568 2206 790 2264 inprimis,
822 2225 880 2253 ne
902 2209 996 2265 quis
1017 2208 1095 2251 tibi

249 2269 359 2312 odor
379 2271 551 2314 soetidus
572 2289 622 2315 ex
642 2273 716 2316 alis
735 2273 954 2316 exhalatus
971 2306 982 2326 ,
1005 2273 1096 2316 do·-

247 2337 380 2379 minae
398 2353 522 2380 nares
547 2341 702 2392 loedat;
733 2338 896 2395 fiasque
923 2342 1096 2394 Gorgo-

246 2408 343 2446 nius
355 2403 423 2446 ille
438 2436 450 2458 ,
466 2404 519 2448 ‹le
535 2422 621 2462 quo
634 2398 753 2448 idem
766 2407 943 2450 Flaccus
956 2439 968 2460 ,
982 2409 1098 2449 Pas-

248 2472 363 2511 tillos
399 2472 583 2527 Rufillus
599 2475 706 2523 olel,
734 2475 972 2527 Gorgonius
999 2474 1098 2514 hir—

246 2550 365 2588 cum,
391 2534 461 2577 lib.
481 2536 527 2589 Ι,
552 2536 641 2579 Sat.
662 2551 722 2587 11,
747 2555 798 2595 27
820 2540 1006 2582 :—Nec
1023 2540 1098 2579 loe-

248 2602 328 2642 dat
343 2617 478 2644 nares.
498 2603 679 2646 Loedant
696 2603 830 2647 iidem
847 2620 856 2647 :
878 2604 966 2647 duo
982 2621 1097 2662 prae-

248 2673 368 2708 terea
386 2666 484 2709 libri
500 2699 513 2721 ,
534 2670 700 2723 duxque
710 2675 909 2724 paterque
930 2673 1094 2725 gmgis3

249 2748 343 2775 non
362 2736 504 2788 virque
516 2767 527 2785 ,
547 2733 665 2790 quod
680 2749 782 2775 mox
799 2734 1006 2789 sequitur.

304 2798 463 2852 524.Et
476 2802 632 2852 siquis,
645 2800 756 2840 male
767 2801 843 2849 vir,
856 2802 999 2853 quoerz‘l
1016 2800 1097 2839 ha-

246 2865 339 2904 bere
357 2867 501 2906 virum.
523 2862 781 2907 Notandum
800 2879 902 2906 sane
925 2862 993 2906 hic
1012 2879 1097 2919 qua

250 2937 342 2971 arte
368 2929 530 2973 Noster
549 2945 647 2971 rem
669 2929 871 2971 omnium
892 2928 1097 2984 turpissi—

248 3003 433 3048 mam,et
443 2994 734 3038 execrandum
743 2994 855 3038 istud
864 2994 1016 3037 homin
1022 3011 1096 3037 um

250 3075 387 3115 genus
407 3058 619 3116 designet,
638 3060 711 3116 qui
731 3077 815 3103 nec
833 3059 1092 3103 nominandi

254 3124 434 3180 quidem
465 3125 582 3168 inter
610 3129 722 3168 viros
742 3160 753 3177 ‚
799 3134 843 3169 et
874 3142 898 3168 a
924 3125 1096 3168 feminis

252 3189 411 3232 merito
439 3190 721 3246 conspuendi.
741 3213 795 3223 —
822 3193 904 3234 Vel
925 3194 971 3233 si
989 3193 1095 3246 quis.

253 3256 316 3296 Et
325 3257 468 3309 siquis
482 3254 648 3311 scripti:
663 3259 771 3298 male
784 3261 860 3306 vir,
878 3253 1095 3298 Cinaedus.

252 3320 420 3363 Notum
436 3319 542 3362 illud
552 3322 740 3364 Varron.
751 3321 792 3363 in
809 3320 1094 3377 Pompeium:

251 3394 398 3426 Fasciola
417 3396 473 3437 qui
487 3407 579 3426 crura
593 3396 670 3436 tegit
680 3419 691 3435 ,
705 3397 808 3436 digito
824 3404 921 3438 caput
939 3407 1002 3428 uno

291 3455 431 3498 Scalpit,
448 3456 529 3499 quid
545 3457 655 3489 eredas
668 3457 753 3490 hunc
775 3457 837 3490 sibi
854 3458 961 3501 velle?
976 3458 1092 3490 vitum.

1181 1817 1503 1873 Huiuscemodi
1515 1816 1717 1862 homines
1736 1817 1923 1863 cinaedos
1938 1820 2027 1863 ele-

1177 1891 1352 1939 ganter,
1376 1888 1538 1926 virosos
1568 1883 1779 1940 adpellat,
1803 1884 2026 1941 quomodo

1177 1951 1325 1990 vz'rosae
1340 1947 1546 1991 mulieres
1559 1949 1756 1991 virorum
1774 1949 2028 2006 adpetentes

1177 2012 1344 2055 Lucilio
1358 2022 1403 2056 et
1419 2013 1601 2056 Afranio
1617 2013 1824 2057 dicuntur
1837 2048 1849 2069 ,
1865 2016 1914 2058 P.
1930 2015 2028 2058 Sci-

1177 2078 1250 2134 pio
1271 2077 1518 2133 Asricanus,
1535 2079 1732 2121 oratione
1747 2078 1793 2122 in
1808 2080 1857 2123 P.
1876 2080 2027 2137 Sulpi-

1178 2143 1295 2186 cium
1325 2142 1502 2187 Gallum
1517 2176 1528 2198 ,
1559 2143 1673 2200 apud
1706 2143 1760 2187 A.
1794 2143 1987 2188 Gellium
2012 2178 2022 2199 ,

1178 2211 1305 2255 Noct.
1325 2210 1456 2254 Attic.
1478 2210 1588 2253 libro
1609 2225 1679 2253 vn
1694 2242 1706 2265 ,
1726 2227 1818 2268 cap.
1843 2229 1904 2254 12.
1926 2213 1985 2254 H.

1234 2278 1327 2318 525.
1340 2277 1456 2318 Ecce
1466 2291 1585 2320 suum
1601 2281 1739 2318 valent
1756 2278 1885 2319 Lae'ber
1893 2284 2026 2320 vocal.

1178 2340 1289 2382 Jure
1316 2355 1436 2382 suum
1464 2339 1740 2384 dicit·vatem
1756 2373 1767 2395 ,
1790 2341 1864 2397 qui
1884 2341 2027 2398 ipsum

1177 2404 1224 2447 in
1245 2403 1499 2448 societatem
1520 2414 1565 2449 et
1587 2406 1706 2462 quasi
1728 2406 2026 2463 magisterium

1179 2468 1401 2525 quoddam
1421 2470 1522 2512 artis
1538 2503 1550 2525 ,
1574 2486 1707 2526 quam
1726 2486 1847 2514 nunc
1866 2469 1992 2514 docet
2012 2502 2023 2524 ,

1179 2534 1374 2589 advocat,
1386 2535 1640 2593 inducitque
1651 2535 1867 2579 desertam
1878 2552 1902 2578 a
1912 2535 2027 2578 The-

1176 2615 1251 2643 seo
1278 2599 1505 2644 Ariadnen
1541 2600 1768 2658 splendide
1805 2600 2024 2643 ulciscen-

1179 2674 1270 2709 tem
1284 2683 1294 2718 ;
1310 2681 1397 2722 quo
1419 2665 1529 2708 nihil
1548 2681 1651 2708 sane
1671 2664 1750 2721 ipsi
1763 2664 1934 2707 Baccho
1949 2664 2024 2706 ho-

1177 2729 1492 2784 norificentius,
1509 2745 1593 2772 nec
1603 2729 1668 2772 rei
1680 2737 1839 2772 nostrae
1851 2744 2024 2772 accom-

1177 2795 1409 2838 modatius.

1232 2863 1324 2917 527.
1357 2863 1517 2903 Gnosis
1537 2863 1583 2902 in
1602 2863 1769 2915 tgnolzls.
1786 2859 1890 2902 Duo
1906 2860 2020 2915 libri,

1181 2927 1381 2968 Gnosius.
1412 2924 1579 2967 Moreti
1612 2924 1744 2967 etiam
1765 2958 1776 2979 ,
1807 2929 1852 2966 in
1883 2930 2021 2968 arms..-

1178 2991 1295 3034 unde
1308 2991 1545 3050 legendum
1559 3000 1685 3048 puto:
1701 2994 1890 3035 Gnosius
1901 2995 2023 3047 igno-

1176 3063 1234 3101 tis
1253 3075 1397 3101 amens
1416 3063 1585 3102 errabat
1601 3063 1645 3102 in
1664 3063 1788 3102 areis.
1809 3059 1916 3113 Vel,
1927 3075 2022 3101 are-

1176 3130 1270 3168 nis:
1287 3141 1393 3167 nam
1414 3134 1459 3168 et
1475 3142 1645 3168 arenam
1665 3125 1769 3168 dixit
1787 3125 1868 3182 Ep.
1885 3139 1935 3175 x,
1954 3140 2020 3166 20.

1242 3190 1334 3233 532.
1377 3193 1555 3245 lndzgrno
1590 3196 1762 3233 teneras.
1800 3189 2018 3233 Palatinus

1177 3273 1290 3300 unus
1307 3291 1318 3313 ,
1349 3273 1519 3301 croceas
1549 3273 1562 3299 :
1590 3257 1637 3299 in
1666 3255 2017 3309 Commeliniano

1176 3338 1257 3364 vox
1277 3321 1503 3365 exciderat.

1230 3387 1323 3429 533.
1366 3389 1589 3442 Utrumque
1621 3388 1803 3428 decebat.
1839 3384 2016 3437 Utroque

1177 3469 1291 3498 unus
1312 3452 1484 3498 Heinsii
1503 3471 1512 3507 3
1529 3455 1731 3507 placebo!
1744 3448 1926 3507 Aprosii.
