2268 3776
474 483 566 568 P.
634 481 1062 570 ovum
1129 484 1671 576 NASONIS

295 682 785 812 ART'IS
879 703 1871 819 AMATORIAE*

663 943 980 1014 LIBER
1047 947 1477 1017 PRIMUS.

192 1170 281 1258 Sl
314 1197 438 1279 quis
466 1197 524 1258 in
553 1198 660 1261 hoc
693 1215 861 1262 artem
893 1202 1107 1286 populo
1137 1228 1253 1265 non
1283 1207 1441 1300 novit
1470 1208 1709 1279 amandi,

268 1293 363 1354 Me
394 1293 565 1374 legat3
593 1312 651 1359 et
679 1297 819 1360 lecto
850 1301 1085 1362 carmine
1117 1301 1314 1363 doctus
1342 1318 1501 1364 amet.

185 1390 319 1452 Arte
347 1393 466 1455 citae
495 1394 725 1479 veloque
752 1412 894 1458 rates
916 1422 1179 1482 remoque
1209 1415 1500 1462 moventur
1521 1449 1536 1474 ‚

238 1559 260 1583 *
279 1561 354 1606 Dr:
374 1562 512 1608 ARTE
530 1563 728 1609 ΛΜΑΝΒῙ
741 1566 948 1612 hactenus
961 1568 1027 1612 in-

183 1629 327 1688 scripti
338 1640 439 1675 sunt
452 1631 497 1675 in
510 1632 690 1690 vulgatis
703 1633 962 1678 editionibus
982 1635 1025 1680 hi

184 1697 280 1742 libri
299 1710 310 1739 τ
331 1714 412 1743 nos
427 1714 578 1743 veram
600 1700 929 1759 inscriptionem
949 1719 1023 1746 re-

181 1765 428 1810 vocavimus
441 1799 452 1821 ,
472 1782 604 1824 quam
620 1769 877 1812 veterrimus
891 1768 1027 1812 codex

182 1828 354 1884 gallicus
382 1829 660 1875 Bibliothecae
682 1831 856 1888 Regiae,
889 1833 1025 1876 Fran-

181 1897 277 1942 cisci
291 1898 322 1942 J
324 1898 435 1943 ureti
447 1931 459 1954 ,
472 1899 652 1957 Josephi
675 1900 878 1958 Scaligeri
894 1909 1023 1958 atque

183 1961 354 2008 Claudii
367 1964 579 2010 Puteanei
589 1975 904 2024 excerpta,cum
914 1969 1024 2026 frag·

179 2037 331 2073 mento
342 2029 584 2075 Oxoniensi
596 2030 846 2087 Bodleianoe
859 2033 1024 2077 Biblio-

178 2093 313 2140 thecae
328 2128 340 2150 ,
355 2095 509 2140 itidem
524 2098 823 2154 antiquissimo
839 2132 852 2153 ‚
873 2116 1023 2157 agnos·

177 2169 295 2205 cunt.
321 2161 474 2219 Neque
493 2163 576 2207 alio
593 2164 774 2208 nomine
797 2166 850 2209 ab
872 2166 1023 2227 Euty-

177 2224 255 2269 che
286 2226 585 2273 Grammatico
615 2229 662 2273 hi
690 2230 787 2274 libri
805 2231 1020 2287 citantur,

178 2300 252 2335 aut
273 2308 297 2336 a
318 2293 563 2342 Scholiastis
583 2296 718 2341 MSS.
743 2298 788 2340 in
810 2297 888 2341 hos
910 2298 1023 2355 ipsos

177 2356 307 2403 libros
321 2391 334 2414 ,
359 2369 403 2404 et
426 2361 833 2420 Metamorphoseos
850 2398 861 2420 ,
887 2381 936 2408 ac
949 2382 1023 2409 ce-

177 2430 270 2468 tera
292 2423 490 2481 eiusdem
512 2442 642 2484 opera
665 2443 675 2471 :
697 2427 828 2485 idque
852 2430 1020 2486 passim.

178 2489 319 2533 Vocat
334 2489 511 2546 quidem
526 2490 703 2535 Anu-lm
722 2492 920 2536 Annum
932 2493 1020 2551 ipse

178 2552 364 2598 Ovidius
378 2586 391 2609 ,
412 2553 555 2611 primo
567 2553 698 2611 hujus
709 2556 850 2612 operis
866 2572 992 2601 versu
1007 2576 1019 2611 3

175 2617 252 2661 sed
268 2617 352 2675 legi
374 2617 578 2662 carminis
597 2618 641 2662 id
659 2618 806 2674 dedit,
833 2635 930 2677 quae
951 2637 1020 2664 ve-

175 2701 276 2729 rum
288 2686 499 2743 poematis
509 2686 639 2744 hujus
650 2687 828 2731 titulum
840 2703 931 2730 non
946 2687 1019 2731 ad-

175 2749 374 2794 mittebat
393 2768 404 2803 ;
429 2749 548 2794 unde
577 2759 621 2794 et
644 2767 842 2795 errorem
864 2759 1019 2795 natum

176 2813 384 2858 existimo.
426 2837 482 2873 χ-
510 2821 795 2877 Πρωταγορίδου
825 2817 1021 2877 ἀκροάσεις

175 2878 193 2919 ε’
217 2881 354 2927 ωτικὰς
372 2878 519 2923 laudat
539 2879 702 2923 Athen.
724 2880 795 2923 lib.
819 2894 892 2934 lv,
925 2897 1017 2925 non

177 2897 390 2987 dissimilis
399 2944 646 3000 argumenti
656 2944 878 3002 scriptum:
887 2945 962 2990 sed
973 2956 1019 2990 et

176 3008 331 3051 Zenon
354 3009 522 3053 Stoicus
539 3014 677 3067 τέχνην
697 3015 874 3074 ἐρωτικὴν
893 3030 1017 3058 com-

176 3072 363 3129 posuisse
384 3073 522 3118 dictus
538 3084 601 3118 est
619 3075 810 3132 Diogeni
829 3077 1016 3121 Laertio

177 3134 399 3179 Laudatur
424 3145 469 3179 et
493 3141 606 3192 τέχνη
630 3141 783 3199 ε’[ωτικὴ
805 3139 1019 3197 Ephodru

178 3201 332 3263 Cynici
351 3236 364 3258 ‚
388 3213 437 3246 ut
457 3204 656 3247 omittam
685 3207 844 3267 ἐρωτικὰ
863 3206 1016 3251 Theo-

175 3269 338 3327 phrasti
358 3303 369 3325 ,
395 3268 620 3330 Clearchi,
646 3271 862 3316 Aristonis
881 3305 893 3327 ,
919 3273 1014 3318 De-

176 3337 442 3392 mosthenis,
484 3338 705 3382 Plutarchi
733 3348 777 3382 et
805 3339 849 3382 id
881 3357 1017 3397 genus

175 3401 465 3457 complurium
493 3402 840 3459 gravissimorum
867 3403 1013 3447 homi-

176 3478 296 3507 num.
318 3466 484 3511 Hssms.
513 3490 566 3499 --
585 3466 696 3511 Suos
717 3483 888 3524 quoque
914 3468 1015 3512 artis

1108 1568 1239 1627 hujus
1276 1579 1560 1628 praeceptores
1593 1571 1744 1617 habuit
1786 1573 1922 1618 Gallia
1943 1610 1952 1625 ,

1109 1653 1217 1694 quos
1233 1637 1350 1682 inter
1366 1638 1438 1696 (ut
1451 1640 1716 1685 recentiores
1728 1642 1927 1685 omittam
1943 1675 1954 1696 ‚

1107 1702 1303 1745 Bernard
1309 1736 1320 1752 ,
1354 1705 1497 1761 Parus
1510 1737 1519 1752 ,
1553 1705 1700 1747 Berlin
1714 1738 1726 1755 ‚
1767 1721 1955 1762 quorum

1107 1762 1350 1808 identidem
1364 1765 1494 1810 Ovid.
1509 1767 1812 1825 interpretanti
1826 1785 1957 1813 men-

1106 1829 1167 1871 tio
1177 1830 1358 1885 incidet)
1366 1832 1519 1876 ordine
1530 1841 1779 1891 temporum
1790 1835 1955 1890 primus

1107 1896 1286 1955 adparet
1303 1899 1528 1943 Anninus
1546 1899 1740 1956 quidam,
1759 1904 1955 1945 Franco-

1104 1980 1193 2008 rum
1204 1968 1314 2009 aula·
1321 1967 1463 2021 Beglae
1479 1967 1744 2021 Capellanus,
1760 1967 1835 2024 qui
1845 1968 1956 2012 circa

1106 2039 1147 2071 Α.
1164 2043 1206 2071 n.
1224 2046 1238 2072 1
1252 2045 1328 2087 ¹7⁰
1344 2062 1357 2084 ,
1372 2029 1565 2073 libellum
1582 2031 1835 2088 conscripsit
1850 2063 1863 2085 ,
1883 2031 1952 2074 cui

1105 2094 1283 2139 titulus:
1315 2108 1374 2139 nn
1405 2094 1541 2138 Ait-rx
1573 2097 1772 2139 Amnum
1801 2110 1858 2140 nr
1897 2109 1954 2138 ne

1104 2173 1460 2205 mnenon-rmus
1475 2161 1662 2205 Antoms
1676 2194 1688 2215 ,
1703 2161 1820 2217 quod
1833 2160 1951 2205 idem

1105 2226 1289 2270 auctoris
1304 2243 1433 2270 sensu
1446 2259 1457 2279 ,
1477 2243 1524 2270 ac
1541 2229 1592 2268 de
1607 2229 1804 2270 Remedio
1816 2228 1951 2270 Amo·

1101 2294 1173 2333 ris.
1212 2291 1441 2334 Lectorem
1481 2290 1639 2347 quippe
1677 2300 1830 2335 monet
1861 2292 1954 2349 pri-

1103 2373 1238 2400 mum¹
1252 2356 1476 2413 quomodo
1499 2358 1568 2414 pie
1586 2366 1787 2413 casteque
1806 2368 1920 2401 amet
1939 2377 1949 2409 ;

1103 2419 1262 2469 deinde
1281 2437 1379 2478 quae
1394 2421 1482 2466 sint
1499 2421 1544 2464 in
1566 2420 1755 2464 amando
1775 2422 1950 2466 vitanda

1101 2488 1291 2545 pericula
1304 2488 1407 2532 dicit
1421 2501 1431 2528 t
1445 2487 1635 2545 denique
1653 2489 1700 2531 in
1718 2488 1802 2533 hoc
1812 2489 1922 2532 libro
1937 2523 1948 2543 ,

1101 2563 1150 2597 ut
1172 2554 1260 2611 ipse
1292 2555 1498 2611 praesatur
1511 2586 1523 2608 ,
1557 2554 1767 2611 cujusque
1793 2555 1949 2612 gradus

1101 2628 1145 2662 et
1160 2618 1326 2662 ordinis
1348 2618 1523 2672 mulier,
1545 2618 1598 2661 ab
1613 2617 1792 2662 homine
1806 2620 1948 2675 cujus-

1100 2699 1185 2740 que
1208 2681 1471 2726 conditionis
1493 2691 1538 2726 et
1552 2692 1713 2736 status,
1739 2682 1792 2725 ad
1816 2699 1949 2725 amo-

1098 2767 1195 2795 rem
1215 2754 1521 2807 sapienlissz‘me
1541 2751 1761 2794 invitatur.
1803 2751 1949 2794 Exstat

1098 2818 1198 2862 MS.
1209 2818 1255 2861 in
1269 2818 1535 2862 Bibliotheca
1546 2817 1830 2874 nostraRegia
1840 2818 1948 2873 8758

1098 2899 1287 2927 numero
1303 2881 1663 2940 inscriptusVide
1679 2897 1852 2937 quoque
1869 2882 1947 2927 Fa·

1097 2946 1201 2990 bric.
1227 2947 1343 2991 Bibl.
1369 2947 1462 2990 Lat.
1481 2945 1639 2989 mediae
1658 2945 1806 2988 aetatis.

1152 3029 1190 3054 ιι.
1207 3014 1281 3054 Me
1298 3015 1421 3066 legal.
1442 3013 1537 3054 Hoc
1552 3014 1666 3065 legal
1673 3043 1684 3060 ,
1707 3008 1840 3054 codex
1854 3010 1948 3053 Re-

1097 3077 1190 3133 gius
1199 3086 1243 3120 et
1256 3075 1519 3130 Bodleianus
1530 3091 1632 3118 cum
1644 3074 1814 3118 duobus
1828 3074 1916 3117 aliis
1934 3094 1945 3125 ;

1095 3140 1171 3184 sed
1201 3141 1265 3183 nil
1295 3149 1420 3182 muto
1440 3156 1449 3183 :
1486 3149 1572 3183 tres
1602 3140 1734 3183 etiam
1750 3172 1763 3194 ,
1797 3142 1945 3182 doctus

1094 3210 1187 3257 eal,
1214 3220 1306 3247 non
1323 3210 1436 3246 ame!
1462 3219 1475 3246 .·
1502 3212 1547 3247 et
1566 3203 1705 3261 placet
1720 3237 1733 3258 ,
1766 3218 1853 3260 quo
1876 3203 1948 3246 alii

1095 3270 1307 3314 adludunt
1327 3270 1555 3325 nonnulli,
1572 3271 1620 3314 in
1644 3271 1824 3327 quibus,
1855 3276 1948 3312 erat

1096 3335 1166 3378 vel
1186 3339 1275 3377 erit.
1301 3335 1466 3379 Hiems.

1151 3400 1190 3441 3.
1208 3401 1417 3454 Bemoque
1429 3404 1541 3441 rates
1556 3402 1724 3454 veloque
1741 3404 1944 3453 reguntur.

1100 3470 1317 3513 Mopeatur
1346 3469 1533 3527 Regius,
1571 3470 1865 3528 Bodleianus.,
1901 3481 1947 3516 et
