2268 3776
467 283 866 341 AMORUM
917 284 1007 337 ΙΙ.
1066 281 1316 338 ELEG.
1376 282 1596 337 XVII.
1819 279 1912 350 141

143 401 394 464 Vulcano
426 401 729 471 Venerem;
756 397 1031 481 quamvis,
1063 396 1261 458 incude
1291 396 1514 471 relicta,

224 499 488 583 Turpiter
522 497 758 580 obliquo
786 494 1060 557 claudicet
1087 492 1181 555 ille
1208 495 1363 577 pede.
1874 526 1927 553 ω,

148 595 420 659 Carminis
450 594 560 654 hoc
588 594 773 677 ipsum
804 616 978 672 genus
1005 592 1219 676 impar:
1254 592 1351 652 sed
1375 606 1556 653 tamen
1583 605 1709 675 apte
1788 635 1792 638 -
1832 610 1835 613 ·

227 691 495 772 Jungitur
525 691 733 753 herous
760 713 885 751 cum
915 689 1172 750 breviore
1195 689 1382 749 modo.

148 792 238 852 Tu
268 811 490 872 quoque
520 812 638 861 me,
669 811 792 848 mea
820 786 943 860 lux,
977 787 1036 846 in
1072 783 1351 870 quaslibet
1380 785 1565 869 accipe
1590 783 1772 864 leges3

231 885 311 947 Te
342 885 529 947 deceat
554 884 738 946 medio
767 884 892 967 jura
924 882 1139 944 dedisse
1170 897 1312 942 toro,

150 981 282 1043 Non
311 980 418 1042 tibi
444 980 651 1042 crimen
681 999 803 1054 ero,
834 1003 936 1042 nec
966 1003 1079 1063 quo
1108 977 1304 1040 laedere
1333 992 1581 1050 remot03
1882 997 1936 1038 25

153 1149 258 1206 riae,
281 1165 368 1207 quo
389 1149 538 1194 Numa
565 1147 618 1192 ad
641 1155 882 1192 nocturnos
901 1162 1004 1191 cum

155 1214 252 1259 Dea
282 1229 564 1273 congressus,
595 1221 640 1259 et
673 1211 917 1257 sacerdotes
951 1210 1003 1255 ad

155 1276 494 1330 sacrificandum
531 1275 640 1320 Deae
675 1274 779 1319 fidei
807 1275 1006 1319 ventita-

156 1343 264 1387 bant
275 1374 287 1398 ,
302 1350 522 1401 spectatur
542 1339 684 1385 adbuc
702 1340 749 1383 in
764 1339 872 1383 valle
889 1339 1008 1396 Ege-

157 1407 248 1463 ria,
270 1423 362 1451 non
383 1405 534 1465 procul
557 1422 580 1449 a
603 1403 736 1449 Circo
760 1403 1007 1448 Caracallae.

158 1471 357 1518 Bor-rich.
379 1471 532 1528 Antiq.
552 1470 665 1515 Urb.
686 1486 722 1513 c.
744 1469 769 1512 3
787 1501 798 1524 ,
820 1477 922 1513 sect.
943 1471 982 1524 4.

220 1555 282 1599 ¹9·
315 1539 535 1593 Quamvis,
551 1538 702 1580 incude
716 1537 884 1586 relicta,
911 1535 1012 1578 Tur-

154 1607 270 1660 piter
282 1604 495 1646 claudicet
514 1609 594 1645 etc.
626 1600 799 1644 Formae
820 1599 1013 1656 turpitu-

165 1668 331 1724 dinem,
347 1667 655 1724 etartis,quam
665 1665 1014 1709 exercebatVul-

164 1751 321 1791 canus,
343 1733 636 1778 humilitatem
657 1733 874 1790 aptissime
895 1748 1013 1776 con-

165 1800 308 1859 iungit
329 1808 457 1858 poeta
473 1831 486 1855 ‚
515 1814 604 1856 quo
624 1797 781 1842 melius
802 1814 825 1841 a
843 1797 1014 1841 fortiori

167 1865 323 1922 probet
353 1879 476 1922 posse
513 1862 728 1908 Ovidium
759 1878 782 1906 a
816 1861 1015 1907 Corinna

166 1928 401 1984 redamari,
425 1945 562 1987 quum
584 1928 788 1973 Deorum
810 1927 1017 1985 turpissi—

169 2010 320 2051 mum,
336 1994 640 2053 artificemque
666 1992 875 2038 eumdem
890 1993 1020 2051 igno-

168 2059 424 2106 bilissimum
439 2093 452 2116 ‚
476 2060 676 2104 Dearum
707 2058 1019 2103 formosissima

169 2125 298 2176 cubili
317 2124 495 2184 dignata
513 2124 659 2169 suerit.

224 2207 290 2234 αι.
324 2192 532 2235 Οανιηίιιιίς
551 2193 631 2235 boc
650 2195 785 2247 ipsum
795 2207 927 2247 genus
940 2194 1023 2234 im-

165 2271 260 2311 par.
272 2255 423 2313 Pergit
435 2256 598 2300 facetus
614 2265 755 2300 artem
768 2272 893 2301 suam
909 2255 1024 2299 Vul-

173 2319 366 2364 canianae
385 2319 670 2375 conserendo,
692 2330 738 2365 et
755 2321 840 2365 hoc
855 2322 996 2379 ipsum
1009 2354 1021 2375 ,

176 2401 264 2442 quo
291 2401 412 2430 nunc
437 2385 577 2430 utitur
599 2420 611 2438 ,
653 2386 858 2431 carminis
890 2403 1026 2445 genus

176 2453 416 2494 claudicare
447 2450 573 2506 dicit,
608 2451 655 2494 in
690 2467 777 2508 quo
812 2451 1027 2495 distichon

179 2513 349 2558 duobus
376 2522 546 2558 constat
579 2515 772 2559 versibus
789 2549 800 2570 ‚
837 2531 1028 2571 quorum

178 2573 353 2623 brevior
369 2579 617 2637 longiorem
641 2581 919 2637 subsequitur
936 2613 948 2635 ,
970 2581 1031 2625 ita

179 2653 230 2689 ut
247 2644 359 2703 pede
377 2645 424 2688 in
447 2660 538 2688 uno
557 2645 759 2690 videatur
785 2646 1029 2690 subsistere.

183 2710 320 2767 Quod
349 2726 443 2753 non
478 2710 619 2754 verbis
651 2719 850 2762 tantum,
878 2712 953 2754 sed
982 2728 1029 2755 re

181 2775 272 2832 ipsa
291 2774 586 2831 demonstrat,
602 2775 758 2833 prioris
777 2775 865 2820 scil.
883 2792 1032 2822 versus

186 2841 366 2897 abrupta
383 2841 707 2886 intermissione
725 2858 736 2886 :

185 2908 345 2940 carminis
359 2908 421 2940 hoe
434 2910 543 2951 ipsum
557 2921 656 2952 genus
670 2911 846 2952 impar-m.

188 2969 335 3012 —Sed
344 2975 495 3014 tamen.
513 2971 723 3015 Francius
743 2972 932 3018 malebat
941 2987 953 3026 ,·
973 2975 1038 3017 Et

188 3039 339 3078 tamen.

241 3115 308 3141 aa.
335 3100 536 3155 Junez‘tur
550 3103 709 3146 herous.
731 3103 912 3145 Heroum
931 3101 1038 3145 Sar-

189 3163 390 3208 ravianus
405 3197 416 3219 ,
446 3173 496 3209 ut
513 3165 568 3208 sit
587 3166 844 3223 graecismus.
873 3168 926 3208 In
946 3182 1040 3209 ver-

190 3245 283 3281 sus,
305 3229 570 3273 Puteaneus.
603 3230 768 3274 Hnms.
805 3233 910 3274 Cum
937 3233 1038 3274 bre-

193 3299 302 3338 oiore
322 3296 431 3350 pede
462 3293 774 3338 Scriverianus.
809 3297 912 3339 Cum
940 3299 1041 3338 bre-

193 3363 322 3412 viore,
342 3362 489 3402 modus
502 3393 512 3410 ‚
537 3360 725 3403 malebat
745 3360 966 3404 Francius.

250 3425 314 3469 23.
343 3427 444 3469 Aba
463 3428 549 3469 lux.
578 3424 796 3470 Solemnis
816 3425 907 3472 haee
927 3427 1043 3484 apud

1088 1144 1273 1189 eroticos
1308 1151 1456 1202 poetas
1492 1144 1680 1187 formula
1712 1160 1804 1187 mea
1836 1146 1912 1188 lut
1927 1179 1938 1195 ,

1086 1225 1182 1253 mea
1206 1213 1296 1252 vita
1314 1217 1394 1253 etc.
1419 1209 1538 1265 quasi
1560 1209 1646 1251 vita
1669 1210 1811 1253 omnis
1832 1209 1943 1253 illius

1089 1274 1164 1331 qui
1183 1289 1284 1317 vere
1303 1282 1442 1327 amat,
1457 1290 1480 1316 e
1498 1272 1688 1317 dominae
1708 1283 1819 1317 nutu
1841 1291 1943 1332 pen·

1089 1338 1191 1382 deat
1206 1347 1250 1382 et
1267 1338 1471 1391 arbitrio;
1489 1347 1535 1382 et
1547 1338 1666 1395 quod
1680 1339 1812 1394 vivit,
1836 1339 1947 1383 illius

1090 1405 1157 1449 sit.
1173 1428 1229 1438 —
1242 1406 1405 1461 Accipe
1431 1407 1556 1461 leges.
1592 1407 1755 1461 Accipe
1772 1411 1919 1461 partes
1933 1441 1943 1458 ‚

1097 1468 1223 1512 Junii
1242 1468 1391 1512 codex.
1461 1489 1482 1498 ··

1150 1537 1215 1590 ²4·
1254 1537 1312 1579 Te
1331 1538 1481 1579 deceat
1509 1538 1675 1590 medio5
1698 1537 1951 1594 Puteaneus

1094 1616 1197 1645 cum
1212 1600 1352 1645 tribus
1368 1601 1459 1644 aliis
1475 1616 1485 1644 :
1500 1600 1620 1644 idem
1628 1601 1732 1659 soro
1746 1617 1826 1659 pro
1843 1607 1951 1656 tom3

1095 1665 1171 1710 sed
1208 1681 1453 1723 perperam.
1500 1667 1558 1709 Te
1593 1667 1714 1709 dccet
1746 1683 1770 1709 e
1799 1668 1949 1718 medio,

1097 1731 1391 1774 Farnesianus
1410 1739 1456 1774 et
1478 1731 1678 1775 Francos.
1698 1740 1747 1776 ut
1764 1733 1819 1776 sit
1838 1738 1953 1776 torus

1096 1796 1176 1854 ipsi
1197 1796 1319 1853 quasi
1347 1795 1533 1840 thronus
1549 1829 1561 1851 ,
1585 1805 1659 1840 aut
1683 1798 1873 1841 tribunal
1893 1831 1905 1853 ,
1929 1815 1953 1841 e

1098 1878 1187 1920 quo
1208 1862 1277 1919 jus
1299 1861 1426 1906 dicat.
1453 1862 1586 1918 Signa
1605 1864 1774 1908 dedeltse
1793 1862 1883 1907 duo
1900 1863 1955 1907 li·-

1098 1927 1166 1971 bri
1185 1943 1195 1971 :
1204 1928 1338 1983 jussa
1352 1961 1363 1979 ,
1386 1927 1564 1985 plurimi
1588 1927 1670 1971 alii.

1157 1996 1223 2037 25.
1252 1997 1342 2037 Nec
1359 2009 1440 2051 quo
1463 1995 1615 2037 ledere
1641 2000 1808 2038 remoto.
1836 1995 1954 2039 Huic

1101 2058 1247 2103 sensui
1264 2057 1485 2102 coherere
1508 2058 1681 2102 videtur
1695 2059 1799 2102 illud
1814 2076 1956 2117 supe-

1100 2124 1192 2168 rius
1203 2157 1216 2179 ‚
1232 2125 1284 2167 ln
1304 2127 1516 2181 quaslibet
1529 2129 1676 2179 accipe
1694 2127 1817 2180 leges.
1838 2126 1955 2169 Nam

1103 2191 1257 2249 puellae
1273 2190 1537 2247 quandoque
1556 2199 1725 2234 veteres
1740 2200 1955 2236 amatores

1104 2255 1341 2300 excludunt
1368 2254 1422 2298 ad
1448 2265 1646 2313 tempus,
1667 2265 1717 2299 ut
1738 2257 1955 2313 potiorem

1107 2319 1342 2363 admittant
1356 2352 1368 2374 ,
1391 2318 1437 2362 id
1456 2328 1544 2375 est,
1564 2319 1823 2377 largiorem:
1839 2320 1959 2377 quod

1107 2385 1274 2442 priores
1309 2394 1506 2428 amantes
1547 2400 1640 2427 non
1675 2385 1797 2429 facile
1833 2401 1959 2443 aequo

1109 2450 1260 2492 animo
1281 2450 1430 2493 serunt
1446 2482 1458 2505 ,
1475 2458 1519 2494 et
1538 2465 1650 2507 saepe
1673 2466 1863 2494 numero
1879 2452 1959 2495 in-

1109 2514 1303 2557 solenter
1337 2514 1541 2557 obstant:
1571 2513 1690 2558 unde
1710 2515 1883 2572 {puellis
1916 2524 1963 2560 et

1111 2579 1328 2622 damnum
1372 2588 1416 2622 et
1454 2578 1643 2623 dedecus
1687 2580 1867 2637 paritur.
1905 2581 1963 2625 Se

1110 2645 1245 2688 talem
1278 2645 1372 2687 sore
1406 2653 1539 2702 negat
1574 2646 1693 2690 Naso
1710 2678 1722 2701 ,
1760 2646 1836 2703 qui
1864 2645 1963 2705 alibi

1112 2711 1245 2755 etiam
1266 2710 1326 2754 ait
1347 2726 1357 2754 :

1151 2783 1240 2822 Soepe
1253 2781 1344 2812 fruar
1359 2781 1491 2812 domina
1501 2804 1512 2820 ‚
1528 2791 1612 2822 sape
1626 2781 1776 2822 repulsus
1793 2791 1842 2812 ea.

1115 2842 1169 2889 In
1187 2842 1381 2899 quodam
1402 2850 1550 2885 tamen
1572 2841 1868 2898 manuscripto
1881 2857 1966 2885 co—

1076 2958 1083 2962 *
1115 2903 1209 2951 dice
1231 2908 1391 2966 legitur
1403 2940 1414 2962 ,
1433 2909 1524 2949 Nec
1541 2923 1621 2962 quo
1636 2908 1773 2948 latere
1788 2913 1942 2951 remoto
1955 2924 1968 2950 .·

1117 2989 1213 3030 quae
1227 2973 1355 3016 lectio
1375 2971 1497 3015 valde
1511 2971 1620 3014 mihi
1642 2971 1802 3027 placet:
1816 2989 1966 3016 sensus

1118 3038 1243 3082 enim
1254 3038 1333 3081 etsi
1347 3037 1539 3081 diversus
1554 3052 1579 3078 a
1591 3037 1831 3093 superiore,
1842 3054 1970 3096 aper—

1120 3104 1205 3146 tior
1224 3112 1374 3146 tamen
1394 3110 1470 3144 est.
1490 3103 1620 3144 MAR.
1654 3103 1706 3146 In
1728 3119 1820 3146 uno
1840 3104 1970 3147 Mas-

1118 3170 1246 3213 seian.
1266 3172 1400 3211 laetere
1411 3184 1424 3209 .·
1436 3168 1636 3225 superior
1654 3168 1781 3213 lectio
1795 3178 1859 3213 est
1873 3186 1970 3226 pro·

1119 3233 1328 3278 habilior:
1347 3232 1492 3276 subdit
1514 3233 1634 3276 enim
1651 3266 1663 3288 ,
1685 3236 1782 3279 Non
1800 3239 1881 3277 erit
1901 3237 1972 3278 hic

1121 3301 1243 3342 nobis
1274 3299 1526 3355 inficiandus
1561 3316 1689 3343 amor.
1733 3300 1786 3342 In
1836 3301 1973 3344 altero

1124 3363 1349 3406 Maffeian.
1376 3366 1504 3407 latere
1525 3380 1540 3406 .·
1567 3365 1754 3408 fortassis
1769 3398 1781 3420 ‚
1803 3369 1974 3410 laman—

1123 3430 1169 3475 in
1192 3444 1245 3473 eo
1266 3437 1358 3473 erat
1378 3429 1669 3474 scribendum.
1695 3430 1824 3476 Ctor.
