2268 3776
566 329 959 387 AMORUM
1002 330 1127 384 ΙΙΙ.
1183 331 1422 389 ELEG.
1467 335 1555 391 11.

1852 337 1951 393 163

256 446 524 511 Cancellis
548 446 758 530 primos
787 444 1081 506 inseruisse
1106 445 1290 529 pedes.

177 546 416 607 Maxima
440 543 550 626 jam
577 565 748 603 vacuo
778 541 988 603 Praetor
1016 542 1326 625 spectacula
1356 543 1520 604 Circo
1542 592 1555 617 ‚
1903 562 1958 607 δ’.

257 640 627 723 Quadrijuges
657 662 814 723 aequo
843 663 1055 701 carcere
1084 640 1237 701 misit
1269 664 1460 723 equos.

180 739 285 802 Cui
307 738 485 799 faveas
511 735 672 798 video
695 760 706 797 :
733 736 914 796 vincet
943 737 1268 821 cuicumque
1296 737 1521 798 favebis.

260 834 416 916 Quid
444 833 659 917 cupiaS‚
685 833 794 916 ipsi
821 833 957 894 scire
986 833 1243 895 videntur
1268 834 1416 916 equi.

179 934 274 994 Me
296 931 588 992 miserum!
615 945 814 992 metam
844 931 1090 1013 spatioso
1122 930 1317 991 circuit
1346 932 1501 992 orbe.

261 1028 418 1110 Quid
440 1028 574 1090 facis
593 1029 617 1089 Ρ
639 1027 859 1088 admoto
888 1027 1176 1110 proximus
1207 1052 1304 1089 axe
1336 1029 1506 1089 subit.
1916 1064 1969 1107 7⁰

183 1131 339 1213 Quid
363 1131 497 1193 facis
515 1177 531 1206 ‚
557 1129 777 1191 infelix!
807 1129 995 1213 perdis
1016 1131 1168 1191 bona
1196 1145 1325 1192 vota
1351 1131 1561 1214 puellae.

238 1316 306 1372 64.
330 1317 545 1361 Cancellis
552 1317 712 1372 primos
726 1317 950 1358 mserum-e
955 1329 1036 1370 pe-

185 1383 271 1426 des.
294 1380 366 1425 Ad
387 1379 599 1425 cancellos
619 1378 737 1437 podii
759 1380 877 1422 refer
892 1410 904 1434 ,
928 1379 1035 1436 qui-

184 1447 265 1491 bus
311 1445 498 1504 proximi
538 1445 790 1503 spectabant
833 1444 951 1488 Naso
992 1451 1038 1487 et

186 1511 342 1570 puella.
366 1510 462 1568 Qui
482 1510 742 1554 remotiores
763 1525 787 1552 a
807 1508 939 1566 podio
958 1525 1038 1553 se-

188 1578 378 1632 debant,
414 1575 605 1620 scabellis
633 1574 922 1632 imponebant
950 1590 1037 1631 pe-

188 1643 303 1687 dem.
342 1642 463 1686 Hinc
488 1642 650 1686 Noster
682 1640 801 1684 Artis
824 1640 969 1684 Amat.
991 1654 1009 1683 1
1024 1672 1036 1696 ,

187 1725 228 1751 v.
254 1709 325 1752 161
345 1741 357 1764 ,
378 1708 453 1751 ubi
475 1707 562 1765 agit
583 1706 636 1750 de
661 1705 941 1750 Circensibus
959 1719 970 1746 ι

188 1782 317 1816 Profuit
327 1790 359 1816 et
370 1783 461 1815 tenui
478 1789 576 1815 vento
587 1782 727 1814 movisse
744 1781 894 1814 tabellam
904 1804 914 1820 ,

229 1846 272 1877 Et
285 1855 364 1877 cava
377 1843 438 1875 sub
451 1849 598 1875 tenerum
621 1853 750 1874 scamna
766 1842 893 1874 dedisse
911 1841 1037 1885 pedem.

191 1907 302 1952 Hac
335 1903 545 1951 Heinsius
564 1938 575 1960 ,
607 1921 659 1950 ex
687 1903 869 1947 Salmas.
902 1919 1040 1947 exerc.

191 1970 306 2025 Plin,
331 1987 426 2030 pag.
458 1970 539 2026 645
556 1986 567 2021 3
609 1967 686 2012 sed
717 1984 799 2026 ego
832 1971 1043 2012 cancellos

189 2036 321 2081 fuisse
342 2051 504 2081 asseres
528 2042 636 2091 puto
654 2034 884 2078 inferiores
899 2066 911 2089 ,
935 2034 1043 2090 qui-

190 2101 272 2147 bus
287 2100 410 2146 sedili
426 2099 568 2144 altiori
584 2098 823 2143 insidentes
838 2106 1045 2156 poterant

191 2166 325 2226 pedes
343 2167 587 2224 imponere.
605 2174 662 2199 '—-
682 2167 936 2221 Imposuit-se
955 2181 1044 2220 pe-

191 2235 287 2284 des,
305 2231 668 2277 Putean.Moreti
680 2239 724 2274 et
738 2229 948 2273 tredecim
961 2229 1045 2272 alii.

248 2297 316 2341 65.
326 2296 619 2356 Maxt'majam
625 2301 925 2350 vacuoproetor
931 2310 1044 2350 spec·

194 2365 338 2420 iacula
356 2363 489 2406 Circo.
503 2361 670 2406 Insulse
683 2375 842 2416 preco,
865 2359 910 2401 in
931 2357 1048 2401 anti-

198 2425 423 2484 quioribus
435 2424 562 2468 editis
571 2425 796 2480 legebatur
808 2423 915 2478 :agit
927 2422 1048 2465 enim

199 2491 252 2534 de
267 2489 473 2534 missione
488 2487 587 2547 ,leui
600 2487 776 2543 signum
792 2485 922 2528 dabat
933 2486 1049 2528 Prae-

199 2566 282 2601 tor.
315 2555 419 2601 vid.
438 2553 658 2608 Juvenal,
691 2552 783 2596 sat.
811 2566 869 2606 x,
900 2551 967 2594 36.
996 2538 1090 2583 -”

209 2625 367 2668 Vacuo.
390 2619 430 2678 A
458 2634 619 2677 pompa
635 2617 796 2661 scilicet
823 2615 1021 2659 Circensi
1037 2648 1049 2670 ,

201 2703 299 2745 quae
330 2686 421 2744 jam
457 2683 738 2742 praeterierat.
770 2704 825 2714 ·-
854 2683 1053 2724 Maxima

190 2753 290 2807 jam
297 2767 433 2795 vacuo
446 2758 527 2794 etc.
544 2746 797 2806 Spectacula
808 2779 820 2797 ,
837 2745 928 2789 ludi
938 2746 1023 2803 ipsi
1037 2779 1050 2801 ,

203 2817 358 2875 quibus
385 2831 542 2872 pompa
577 2812 827 2870 praeluserat
853 2843 865 2865 ,
918 2827 1052 2867 quam

204 2897 307 2925 mox
319 2880 555 2937 descripsit.
569 2900 623 2911 —
652 2881 795 2923 Vacuo
813 2878 958 2930 C1·rco,·
979 2892 1054 2919 an-

205 2955 386 3002 tequam
395 2945 570 3002 signum
583 2943 708 2986 daret
718 2977 728 2994 ,
741 2942 816 2998 qui
828 2941 940 2985 ludis
948 2956 1054 2998 prae-

205 3010 374 3060 sidebat
385 3042 399 3065 ‚
425 3010 605 3057 curabat
618 3025 697 3066 per
710 3024 958 3066 praeconem
970 3041 982 3062 ,
1005 3015 1055 3051 ut

207 3091 362 3119 omnes
375 3091 406 3124 e,
423 3074 554 3118 Circo
569 3073 833 3118 decederent
846 3107 858 3130 ,
877 3091 934 3117 ne
949 3073 1055 3130 quid

208 3141 401 3184 obstaret
419 3140 792 3183 concurrentibus.

262 3205 329 3248 66.
357 3206 648 3260 Quadrijuges.
668 3206 950 3260 Quadrq‘ugos
970 3205 1056 3248 Pu-

211 3279 393 3313 teaneus
410 3302 422 3324 ,
446 3269 535 3312 duo
557 3270 721 3312 Moreti
739 3278 783 3312 et
803 3269 872 3312 alii
887 3269 1030 3312 multi.

265 3338 333 3395 67.
349 3338 585 3393 Cut'saveas
595 3340 727 3380 video.
742 3339 922 3380 Studeas
932 3337 1060 3380 multi

213 3418 267 3445 ex
286 3401 656 3459 praestantioribus
669 3434 681 3456 ,
705 3402 822 3458 quod
842 3403 1058 3458 probum;

217 3476 263 3511 et
284 3468 396 3512 sorte
417 3483 496 3524 pro
506 3467 697 3523 savebt's7
727 3467 858 3511 etiam
875 3470 1062 3511 studebis

1116 1314 1463 1359 rescribendum.
1478 1316 1598 1361 Hinc
1610 1349 1622 1371 ,
1637 1319 1971 1374 sludiaparlium

1117 1379 1161 1422 in
1183 1378 1378 1424 Circensi
1395 1382 1652 1436 certamine,
1665 1383 1777 1440 apud
1794 1385 1970 1442 optimae

1118 1443 1341 1488 latinitatis
1354 1454 1565 1489 auctores.
1578 1447 1760 1491 Terent.
1778 1449 1968 1506 Prologo

1121 1508 1310 1568 Hecyrae
1330 1509 1490 1565 altero,
1519 1526 1597 1568 27:

1119 1584 1284 1616 Comitum
1294 1592 1487 1625 conventus,
1496 1587 1655 1629 studium,
1662 1587 1784 1619 elamor
1791 1588 1969 1625 mulierum

1120 1645 1257 1686 Fecere,
1274 1651 1309 1677 ut
1322 1652 1397 1677 unte
1410 1653 1539 1688 tempus
1553 1647 1675 1678 exirem
1689 1647 1789 1681 sorus.

1123 1706 1188 1750 Ita
1208 1706 1311 1764 legit
1331 1706 1557 1762 Donatus,
1582 1717 1625 1751 et
1641 1708 1973 1766 interpretatur,

1121 1777 1327 1814 certamen
1346 1774 1523 1815 Δίκη-ὴ·
1533 1773 1772 1829 faventium
1790 1790 1804 1826 ‚⁴
1830 1776 1942 1819 bene
1966 1793 1976 1819 :

1122 1836 1285 1879 namin
1311 1836 1526 1880 Terentio
1541 1853 1662 1881 nunc
1680 1844 1877 1895 strepitus
1889 1838 1978 1898 'pro

1122 1905 1266 1947 studio
1286 1903 1606 1947 circumfertur.
1626 1904 1715 1948 Sed
1738 1914 1977 1963 utrumque

1112 1968 1263 2024 savem
1280 1977 1326 2013 et
1345 1971 1511 2012 studere
1529 1969 1575 2012 in
1599 1969 1679 2014 hac
1699 1987 1746 2013 re
1762 1986 1884 2027 oeque
1902 1988 1981 2029 ap·-

1125 2042 1235 2078 tum.
1249 2056 1304 2066 —
1319 2033 1389 2077 De
1403 2035 1662 2079 factionibus
1680 2034 1862 2079 Circum
1878 2052 1981 2079 exa-

1131 2099 1366 2157 gitantibus
1384 2132 1396 2153 ,
1431 2098 1516 2141 vid.
1548 2099 1671 2142 Suet.
1704 2099 1842 2157 Calig.
1870 2103 1978 2153 551;

1126 2164 1261 2208 Nero.
1280 2181 1344 2207 n.
1359 2164 1627 2207 Juven.Sat.
1644 2178 1692 2206 v1
1712 2197 1723 2218 ,
1747 2168 1828 2225 559
1846 2187 1857 2216 ;
1879 2180 1949 2209 vn
1965 2200 1977 2221 ‚

1132 2232 1236 2284 ¹¹43
1266 2239 1311 2273 et
1338 2230 1384 2272 in
1416 2228 1567 2286 primis
1597 2228 1751 2271 Sidon.
1785 2231 1978 2287 Aponio.

1132 2293 1284 2334 Carm-
1306 2305 1440 2333 xx111.

1183 2357 1252 2400 68.
1295 2359 1422 2411 Quod
1448 2361 1610 2414 cupias.
1646 2359 1792 2403 Immo
1809 2393 1821 2415 ,
1868 2364 1987 2416 Quid

1131 2437 1233 2465 cum
1254 2422 1484 2465 Puteaneo
1515 2430 1559 2466 et
1588 2439 1660 2467 sex
1681 2424 1784 2468 aliis.
1811 2426 1980 2471 Hssms.

1139 2489 1241 2542 Quoe
1262 2488 1398 2530 codex
1417 2486 1596 2531 Douzae.

1189 2568 1255 2608 7⁰·
1294 2554 1410 2606 Quid
1411 2552 1569 2608 sack?
1597 2551 1768 2598 Currus
1789 2555 1982 2613 agitato-

1131 2632 1230 2659 rem
1247 2617 1390 2673 ipsum
1407 2616 1681 2674 adloquitur,
1720 2620 1794 2676 qui
1817 2630 1983 2664 metam

1131 2684 1229 2725 orbe
1237 2685 1486 2737 spatiose'ore'
1493 2684 1701 2728 circuibat
1712 2704 1722 2736 ;
1740 2696 1982 2743 monetque

1131 2746 1294 2791 instare
1301 2753 1539 2804 proximum
1551 2782 1563 2804 ,
1586 2751 1661 2806 qui
1675 2751 1954 2807 subsequitur
1966 2785 1979 2807 ,

1132 2813 1267 2869 priori
1279 2815 1470 2872 palmam
1485 2849 1498 2871 ,
1522 2824 1565 2859 et
1573 2819 1725 2870 puelle
1741 2823 1841 2858 vota
1853 2832 1983 2875 erep-

1134 2886 1298 2923 turum.
1314 2903 1370 2915 -·
1382 2884 1480 2926 Axe
1489 2883 1597 2923 subi.
1617 2881 1740 2922 Subit
1754 2889 1872 2924 recte
1894 2898 1983 2926 me·

1133 2943 1277 2989 liores.
1307 2947 1474 2989 Hnms.
1513 2945 1562 2988 Si
1591 2946 1652 2987 ita
1686 2945 1880 3002 legatur,
1903 2964 1982 3004 per

1135 3013 1385 3067 proximum
1406 3012 1616 3055 debemus
1635 3011 1823 3055 alterum
1845 3015 1983 3071 agita-

1135 3084 1280 3119 torem
1317 3077 1558 3133 intelligere
1583 3109 1595 3130 ,
1637 3077 1745 3132 qui,
1776 3077 1982 3124 flectente

1136 3143 1281 3197 primo
1308 3143 1439 3184 nimis
1468 3141 1523 3183 ad
1551 3141 1749 3186 dextram
1766 3177 1778 3198 ‚
1812 3145 1983 3190 subibat

1139 3211 1319 3254 admoto
1337 3227 1469 3254 curru
1489 3220 1667 3254 metam.
1688 3212 1777 3255 Sed
1797 3223 1842 3257 et
1861 3219 1980 3270 subi,

1138 3285 1256 3319 recte
1272 3309 1283 3330 ,
1304 3284 1350 3318 ut
1371 3275 1640 3319 adhortantis
1651 3277 1737 3331 sit,
1759 3287 1902 3333 potest
1918 3297 1984 3324 re-

1139 3341 1283 3383 tineri.
1306 3340 1469 3383 BURM.

1197 3422 1260 3460 71.
1292 3406 1453 3447 Perdis.
1474 3405 1698 3447 Malebam
1715 3437 1726 3460 ,
1743 3409 1902 3460 prodis.
1923 3407 1984 3449 H.

1141 3469 1273 3513 Male.
1294 3468 1366 3512 Sic
1386 3469 1465 3526 Ep.
1483 3483 1579 3526 vn,
1603 3471 1641 3514 6.
1664 3472 1839 3517 Perdere
1852 3475 1990 3518 verba.
