2268 3776
316 296 426 348 216

795 296 859 348 P.
909 295 1202 351 OVIDII
1243 295 1627 353 NASONIS

394 413 591 471 Victor
619 410 959 472 Abantiades
987 410 1115 482 alite
1142 412 1318 474 fertur
1343 437 1507 497 equ0.

310 507 483 569 Iidem
513 533 613 592 per
641 508 881 591 spatium
909 509 1117 592 Tityon
1147 511 1496 592 porreximus
1525 512 1722 590 ingens
1749 535 1760 583 ;
2047 533 2099 574 25

392 608 467 665 Et
497 606 601 666 tria
629 605 852 688 vipereo
882 605 1111 667 fecimus
1143 629 1241 666 ora
1270 607 1407 666 cani.

310 704 560 764 Fecimus
591 703 928 764 Enceladum
954 703 1284 785 jaculantem
1315 702 1464 763 mille
1491 701 1743 775 lacertis;

1842 694 1870 704 l

390 800 684 878 Ambiguae
713 816 906 883 captos
935 801 1166 880 virginis
1198 825 1292 861 ore
1322 800 1489 860 viros·

316 896 537 957 AEolios
567 898 771 958 Ithacis
799 897 1126 960 inclusimus
1153 899 1376 959 utribus
1400 900 1618 958 Euros:

393 994 658 1055 Proditor
686 996 746 1055 in
772 997 955 1057 medio
986 996 1254 1058 Tantalus
1283 1019 1445 1074 amne
1470 994 1605 1054 sitit.
2051 1013 2103 1054 30

315 1092 400 1151 De
426 1091 608 1153 Niobe
638 1092 874 1165 silicem,
903 1094 967 1155 de
997 1094 1208 1173 virgine
1238 1093 1470 1155 fecimus
1497 1110 1716 1152 ursam:

396 1190 657 1250 Concinit
688 1191 991 1273 Odrysium
1022 1191 1288 1274 Cecropis
1316 1189 1427 1251 ales
1456 1191 1601 1272 Ityn.

317 1363 384 1390 sos
400 1347 500 1390 :sed
516 1348 639 1398 male.
653 1349 764 1392 Met.
786 1363 893 1404 vlu,
910 1367 951 1410 9,
969 1349 1023 1394 de
1037 1351 1168 1395 Niso:

316 1423 406 1452 Inter
418 1422 590 1454 honoratos
605 1424 711 1455 medio
725 1425 764 1455 de
780 1425 901 1456 vertice
912 1436 1030 1466 canos,

316 1483 422 1514 Crinis
439 1483 612 1515 inhaerebat
630 1486 735 1526 magni
750 1485 867 1516 fiducia
882 1487 983 1527 regni.
1006 1490 1137 1519 HBINS.

374 1546 439 1599 24.
472 1548 616 1588 Victor
634 1548 900 1591 Abantiades
920 1545 999 1592 etc.
1033 1549 1171 1593 Hue-

319 1607 403 1651 tius
416 1608 461 1650 in
479 1608 592 1652 notis
611 1609 662 1652 ad
678 1610 1004 1667 Epigrammata
1019 1612 1173 1657 Graeca

319 1675 394 1719 lib.
426 1691 442 1719 1
460 1711 471 1731 ,
506 1694 599 1735 pag.
632 1679 656 1720 3
673 1713 684 1733 ,
722 1689 845 1737 putat
868 1680 1080 1725 Ovidium
1103 1682 1173 1727 hic

324 1745 538 1786 memoria
561 1745 727 1802 lapsum
743 1780 755 1801 ,
777 1749 1059 1792 Abantt‘adem
1085 1766 1173 1793 vo-

319 1823 417 1850 care
439 1808 825 1866 Bellerophontem
839 1843 852 1866 ,
874 1829 1012 1869 quum
1030 1815 1174 1862 nullus

326 1873 442 1917 Abas
462 1875 580 1918 inter
602 1877 695 1931 ejus
714 1878 903 1933 majores
924 1881 1139 1924 reseratur
1160 1914 1172 1935 ,

323 1942 396 1984 sed
418 1942 535 1985 inter
553 1944 726 1986 Persei:
748 1945 848 2001 quia
865 1945 1010 1990 nullus
1026 1956 1176 2004 poeta·
1199 1983 1201 1985 .

324 2021 426 2048 rum
449 2007 663 2063 Pegasum
685 2007 758 2050 dat
781 2010 942 2052 Perseo
956 2042 967 2064 ‚
990 2010 1065 2053 sed
1082 2026 1176 2052 om-

325 2086 404 2112 nes
435 2087 525 2113 uno
557 2087 634 2114 ore
670 2072 1016 2130 Bellerophonti.
1057 2074 1178 2116 Hinc

328 2136 428 2193 quia
441 2139 655 2195 Pegasum
673 2149 812 2196 poetae
831 2141 1007 2200 fingunt
1022 2151 1179 2185 natum

330 2220 382 2246 ex
400 2204 612 2261 sanguine
652 2207 853 2251 Medusae
883 2240 894 2262 ,
931 2223 1069 2264 quum
1098 2209 1179 2265 ipsi

328 2278 456 2327 caput
470 2287 492 2312 a
506 2271 668 2314 Perseo
682 2281 793 2315 esset
805 2281 1020 2315 resectum
1034 2306 1045 2327 ,
1061 2281 1180 2315 recte

331 2336 434 2380 dicit
456 2353 557 2397 eum
583 2338 794 2381 victorem
815 2340 982 2396 Pegaso
1004 2345 1180 2381 vectum

329 2417 542 2445 remeasse
556 2401 599 2444 in
618 2403 815 2459 patriam.
831 2404 1046 2460 Pegasum
1059 2403 1182 2460 Nep-—

330 2466 427 2511 tuni
460 2476 504 2509 et
522 2467 724 2511 Medusae
755 2469 897 2511 filium
923 2468 1024 2511 facit
1054 2468 1183 2512 Statii

335 2529 595 2574 scholiastes
609 2564 620 2585 ,
641 2532 694 2574 ad
711 2547 779 2575 vn
796 2534 938 2578 Theb.
954 2534 1035 2576 338
1053 2550 1063 2586 3
1082 2532 1180 2575 vide

335 2595 389 2638 ad
403 2610 453 2638 VI
470 2629 481 2650 ‚
504 2598 837 2655 Metamorph.'1
850 2616 921 2659 19:
943 2608 1091 2656 postea
1108 2599 1184 2641 in-

331 2661 480 2706 serviit
511 2662 581 2707 hic
611 2681 748 2721 equus
766 2698 778 2719 ,
820 2682 845 2707 a
871 2666 967 2708 Diis
996 2666 1150 2709 missus
1168 2697 1180 2719 ,

333 2728 676 2786 Bellerophonti.
709 2730 860 2773 Altera
879 2730 1183 2786 interpretatio

334 2795 500 2855 Micylli
517 2830 528 2850 ,
543 2812 676 2853 quam
690 2805 733 2839 et
745 2797 914 2839 Marius
928 2796 1058 2839 hahet
1070 2830 1081 2851 ‚
1095 2813 1183 2853 qua

321 2860 466 2914 fiet-lut
486 2861 653 2918 capitur
668 2894 680 2916 ,
702 2877 780 2918 pro
803 2862 1046 2905 celebratur
1059 2878 1082 2904 a
1102 2877 1186 2903 no·-

333 2926 398 2969 bis
418 2928 556 2984 poetis
572 2961 584 2982 ,
615 2936 760 2971 coacta
779 2937 824 2971 et
845 2927 953 2971 dura
973 2936 1064 2981 est,
1093 2944 1184 2970 ne—

337 2986 422 3048 que
443 3002 551 3049 puto
571 3002 747 3050 poetam
776 3003 866 3036 tam
888 2993 1087 3051 ambigue
1108 2993 1185 3035 lo-

338 3067 490 3101 cutum
512 3075 522 3102 :
554 3075 659 3101 nam
685 3059 779 3116 quis
806 3059 898 3103 haec
917 3059 1064 3116 legens
1092 3075 1184 3102 non

336 3124 625 3200 conjungefet
643 3157 653 3178 ,
668 3124 810 3179 sbrlur
832 3141 953 3181 equo,
979 3133 1022 3167 et
1045 3123 1186 3167 intel-

335 3189 489 3247 ligeret
506 3223 517 3243 ,
532 3196 727 3243 portatur
740 3192 763 3234 Ρ
785 3199 829 3233 et
849 3206 940 3233 non
959 3190 1005 3234 in
1024 3207 1077 3234 eo
1091 3191 1186 3233 mi-

339 3271 443 3297 rum
467 3254 570 3297 illud
589 3265 804 3311 quaereret
820 3288 831 3310 ,
869 3255 986 3313 quod
1008 3271 1030 3298 a
1049 3255 1186 3312 poetis

340 3329 520 3363 canatur
535 3353 546 3374 ,
587 3320 704 3376 quod
727 3321 823 3364 alite
855 3336 968 3377 equo
989 3336 1068 3377 per
1089 3336 1188 3363 aera

339 3386 393 3428 sit
409 3385 587 3429 vectus?
611 3385 763 3441 Quare
785 3385 1068 3429 statuendum
1093 3394 1157 3428 est
1174 3418 1185 3439 ,

342 3452 503 3495 Persea
529 3452 737 3496 reducem
769 3468 792 3494 a
814 3451 1012 3495 Medusae
1041 3450 1155 3495 caede
1175 3485 1186 3506 ‚

1251 1349 1420 1406 Pegaso
1442 1362 1656 1392 remeasse
1674 1379 1686 1401 ,
1711 1344 1785 1403 qui
1800 1352 1948 1403 postea
1969 1358 1992 1386 a
2010 1342 2106 1386 Diis

1250 1416 1405 1460 missus
1425 1424 1491 1459 est
1512 1413 1856 1471 Bellerophonti.
1887 1412 2052 1455 BURM.

1307 1485 1372 1527 28.
1404 1484 1626 1538 Ambigua
1646 1488 1800 1537 ,captos
1827 1483 2004 1535 vergimk
2040 1495 2108 1521 ore

1252 1556 1376 1595 viros.
1397 1551 1567 1594 Dubito
1583 1550 1725 1604 valde,
1745 1566 1801 1593 an
1814 1549 1885 1594 hic
1903 1547 1973 1591 vel
1990 1547 2107 1591 Sire-

1253 1635 1354 1672 nes,
1376 1617 1444 1661 vel
1464 1616 1592 1661 Circe
1611 1615 1794 1673 intelligi
1816 1614 2009 1658 debeant
2025 1646 2036 1667 ,
2059 1622 2108 1656 ut

1253 1684 1356 1728 velit
1376 1683 1593 1743 Micyllus.
1627 1681 1761 1726 Certe
1786 1680 1949 1724 Circen
1970 1683 2108 1735 virgi—

1256 1766 1348 1792 nem
1369 1749 1453 1793 dici
1472 1764 1594 1806 posse
1607 1763 1700 1790 non
1719 1754 1843 1804 puto,
1867 1760 1979 1802 quae‚
2001 1752 2110 1787 teste

1258 1815 1443 1860 Diodor.
1461 1816 1534 1859 lib.
1553 1829 1602 1858 lv
1618 1847 1630 1868 ,
1652 1823 1790 1871 nupta
1812 1821 1941 1856 antea
1968 1812 2112 1854 suerat

1257 1882 1349 1938 regi
1387 1881 1689 1924 Sarmatarum
1708 1912 1721 1934 ,
1754 1894 1841 1935 quo
1869 1876 2030 1929 occiso,
2063 1874 2109 1916 in

1259 1945 1431 1988 Italiam
1444 1944 1628 1988 demum
1642 1943 1763 1987 venit
1778 1961 1788 1995 ;
1809 1958 1892 1985 nec
1906 1949 1997 1983 tam
2013 1956 2111 1993 cap-

1259 2017 1325 2054 tos
1352 2012 1446 2067 ejus
1464 2028 1533 2054 ore
1557 2014 1693 2061 viros,
1734 2025 1867 2066 quam
1893 2005 2113 2050 veneficiis

1259 2092 1405 2121 versos
1419 2077 1464 2120 in
1484 2092 1638 2134 porcos
1656 2084 1795 2133 poetae
1809 2082 1986 2118 canunt.
2008 2073 2115 2115 Ma—

1261 2141 1330 2198 jor
1364 2141 1526 2199 species
1561 2150 1626 2185 est
1656 2141 1704 2184 in
1744 2139 1970 2184 Sirenibus
1990 2155 2001 2190 ;
2036 2136 2113 2179 sed

1262 2208 1373 2252 dura
1388 2208 1481 2252 haec
1497 2208 1691 2264 enallage
1708 2240 1719 2262 ,
1741 2215 1791 2249 ut
1803 2222 1890 2249 una
1903 2209 2020 2260 virgo
2037 2219 2115 2260 po-

1262 2284 1397 2318 natur
1432 2290 1513 2332 pro
1549 2273 1760 2331 plurimis.
1806 2272 1960 2328 Quare
1999 2272 2113 2313 sorte

1264 2339 1459 2396 Sphinga
1469 2338 1729 2382 intellexerit
1737 2338 1854 2382 Naso
1869 2369 1882 2392 ,
1899 2351 1996 2392 quae
2007 2339 2117 2389 cepit

1262 2422 1416 2449 revera
1430 2406 1545 2449 viros
1562 2422 1573 2458 3
1594 2421 1741 2462 neque
1757 2419 1936 2447 movere
1956 2417 2115 2458 quem—

1264 2486 1397 2527 quam
1415 2470 1546 2514 debet
1563 2502 1575 2524 ,
1605 2469 1722 2526 quod
1743 2468 1886 2512 fabula
1909 2466 2114 2524 Spinghis

1263 2552 1357 2580 non
1377 2538 1593 2580 reseratur
1611 2536 1659 2578 in
1678 2535 1794 2578 libris
1815 2533 2114 2590 Metamorph.

1265 2619 1369 2646 nam
1388 2604 1533 2660 plures
1553 2603 1623 2646 hic
1641 2608 1928 2645 recensentur
1945 2632 1957 2653 ,
1983 2614 2114 2656 quam

1265 2685 1370 2726 quas
1391 2686 1441 2713 ex
1458 2670 1652 2726 professo
1675 2667 1873 2711 tractavit
1887 2674 2026 2722 poeta.
2044 2665 2116 2709 Sic

1265 2734 1412 2792 Tityi,
1435 2732 1674 2787 Enceladi,
1697 2730 1848 2784 Atrei,
1873 2730 2048 2772 Tantali
2072 2739 2116 2772 et

1265 2800 1451 2843 aliorum
1470 2797 1633 2841 fabulas
1652 2813 1745 2840 non
1773 2797 1963 2854 integras
1989 2796 2117 2839 inse-

1265 2865 1354 2907 ruit
1368 2864 1488 2921 operi
1508 2879 1587 2906 suo
1602 2863 1798 2922 mythico
1813 2895 1825 2917 ,
1849 2878 2115 2919 quamquam

1266 2946 1423 2974 eorum
1439 2930 1668 2985 aliquoties
1686 2930 1733 2972 in
1754 2929 1940 2973 transitu
1957 2929 2118 2971 memi-

1265 2995 1396 3039 nerit.
1413 2993 1551 3051 Quod
1566 2994 1600 3037 si
1617 2993 1764 3037 minus
1778 2993 1943 3051 placeat
1957 3025 1968 3047 ,
1989 2992 2117 3035 aliam

1266 3060 1337 3104 hic
1344 3059 1536 3103 fabulam
1547 3058 1682 3102 latere
1693 3057 1956 3102 crediderim
1966 3056 2019 3100 de
2031 3057 2117 3113 yir-

1268 3126 1367 3183 gine
1378 3125 1584 3181 quadam,
1597 3141 1693 3182 quae
1702 3124 1919 3168 mutando
1928 3124 2116 3166 sormam

1265 3206 1389 3233 suam
1402 3224 1414 3245 ‚
1436 3190 1505 3234 vel
1525 3189 1739 3247 responsis
1762 3188 1902 3231 dubiis
1923 3196 1967 3231 et
1986 3190 2116 3230 ambi-

1264 3259 1363 3310 guis
1379 3255 1599 3313 deceperit
1614 3255 1758 3307 viros;
1792 3269 1898 3297 nam
1919 3252 1963 3295 id
1985 3251 2115 3294 vide-

1267 3330 1342 3364 tur
1365 3321 1590 3379 epitheton
1611 3324 1813 3376 ambigue
1830 3327 1998 3362 notare.
2022 3316 2087 3358 In.

1324 3404 1390 3447 29.
1399 3388 1907 3429 Incluszmusdnduximus
1915 3383 2114 3425 Francos.

1325 3453 1390 3495 30.
1412 3454 1608 3495 Prode'lor
1629 3454 1844 3495 Tantalus.
1868 3447 2005 3505 Quod
2025 3480 2036 3503 ,
2067 3455 2115 3489 ut
