2268 3776
319 289 422 365 176

765 291 829 342 P.
888 289 1194 346 OVIDII
1239 289 1627 348 NASONIS

304 407 533 466 Pectora
559 404 708 487 quod
737 418 921 465 rostro
951 405 1143 466 cornix
1171 405 1422 468 fodiebat
1451 423 1611 469 acuto
1630 455 1644 481 ,

383 501 674 580 Ingenium
705 500 940 562 dominae
969 501 1092 563 lena
1120 503 1365 563 movebit
1393 528 1546 565 anus.
1655 537 1658 541 ·
1756 530 1760 534 ’
2031 528 2083 581 4ο

302 599 473 680 Quod
504 612 756 659 cunctata
785 598 879 658 diu
907 613 1123 659 taurum
1154 622 1253 659 sua
1282 623 1441 660 vacca
1470 601 1729 684 reliquit,

383 694 643 772 Frigidus
668 695 728 753 in
757 694 924 755 viduo
957 695 1251 756 destituere
1286 710 1427 756 toro.

300 792 492 864 Livor,
521 806 576 852 et
601 791 828 851 adverso
859 791 1083 851 maculae
1115 792 1220 851 sub
1250 791 1475 875 pectore
1506 794 1707 873 nigrae,

382 890 582 949 Pectus
608 887 863 948 adulterii
887 888 1009 949 labe
1041 913 1223 949 carere
1252 904 1475 969 negant.

303 985 530 1046 Dixerat
557 985 861 1068 interpres:
889 985 1070 1064 gelido
1103 987 1241 1046 mihi
1272 988 1499 1066 sanguis
1530 988 1598 1048 ab
1627 1012 1719 1049 ore
2032 1007 2088 1063 45

381 1082 577 1160 Fugit3
603 1097 657 1143 et
682 1097 806 1144 ante
837 1083 1029 1144 oculos
1058 1108 1172 1145 nox
1198 1085 1352 1145 stetit
1381 1083 1491 1145 alta
1516 1108 1684 1145 meos.

301 1266 494 1321 Pierius,
518 1265 755 1323 legendum
775 1272 984 1319 excussa,
1009 1275 1053 1310 et
1073 1282 1153 1324 pro

304 1335 460 1383 silicis,
483 1334 609 1374 silici.
632 1332 796 1375 BURM.

332 1388 335 1393 y
357 1398 423 1451 4ο.
450 1399 666 1451 Ingenium
679 1398 861 1439 dominae
873 1399 970 1440 lena
977 1397 1158 1439 movebit

303 1478 422 1503 anus.
443 1461 516 1505 Sic
537 1462 582 1504 in
605 1476 695 1503 uno
716 1461 941 1504 RIasseiau.
955 1464 1054 1503 lena
1071 1477 1154 1504 mo-

302 1530 435 1571 vebat.
457 1528 511 1570 In
532 1527 667 1570 altero
683 1559 695 1582 ,
713 1529 875 1583 perfida
892 1531 1021 1569 movit
1032 1542 1154 1569 anus.

302 1594 357 1636 In
373 1595 440 1637 Va
446 1594 571 1637 tican.
579 1610 716 1649 prona
725 1597 924 1636 movebat.
936 1617 994 1627 —
1002 1592 1153 1636 Scribe

302 1675 405 1702 cum
424 1658 691 1713 melioribus,
715 1674 763 1702 ac
782 1658 924 1715 prima
943 1658 1151 1711 editione,

303 1729 401 1768 lena
417 1741 525 1768 anus
544 1741 556 1768 .·
586 1733 756 1782 septem
776 1724 846 1767 alii
862 1757 873 1778 ,
891 1741 1039 1780 prona.
1054 1726 1156 1767 Mo-

303 1795 413 1834 vebit
435 1791 568 1834 etiam
593 1791 752 1834 rectius
780 1800 968 1847 quatuor
993 1791 1154 1846 scripti.

303 1856 471 1899 HEINS.
481 1878 536 1887 —-
547 1855 742 1899 Movebit.
754 1855 998 1898 Immotum
1013 1854 1156 1897 adhuc

301 1919 367 1962 tui
400 1935 599 1962 amorem
626 1919 835 1975 paulatim
868 1921 1068 1970 movebit,
1100 1916 1155 1960 ad

303 1984 437 2027 alium
457 1991 701 2026 amatorem
725 1982 993 2026 distractura.

357 2052 424 2105 45.
468 2051 619 2092 Gelz'do
648 2051 757 2092 mibi
787 2053 964 2104 sanguis
997 2051 1052 2091 ab
1085 2065 1153 2092 ore

303 2117 439 2170 Fugit.
465 2114 517 2157 In
537 2129 629 2157 uno
650 2113 876 2157 Masseian.
892 2115 1069 2169 gelidus.

358 2181 425 2235 46.
456 2182 519 2223 Et
535 2185 633 2223 ante
660 2182 803 2223 oculos
818 2195 904 2222 nox
925 2183 1045 2222 stetit
1062 2181 1155 2221 alta

303 2263 428 2289 meos.
459 2247 514 2289 In
529 2244 687 2289 eodem
700 2245 773 2290 lib.
787 2251 884 2289 alra
896 2261 1020 2289 meos.
1049 2247 1153 2289 Per-

304 2320 438 2368 petuo
466 2311 629 2354 librarii
655 2316 790 2354 atram
827 2319 1035 2367 noctem,
1072 2326 1152 2368 pro

305 2380 396 2419 alta
410 2409 422 2432 ,
444 2391 693 2434 reposuere.
716 2374 848 2420 C10F.

360 2572 465 2618 Non
478 2587 654 2630 possum
666 2607 676 2625 ‚
691 2573 880 2629 perlecta
891 2572 974 2616 hac
986 2571 1153 2630 Elegia,

306 2637 413 2694 quin
428 2637 509 2682 illis
530 2646 646 2682 totus
661 2637 897 2691 adsentiar,
915 2637 990 2694 qui
1005 2653 1156 2694 segre-

1235 1266 1426 1324 gandam
1461 1284 1486 1310 a
1525 1267 1680 1311 ceteris
1721 1276 1983 1311 censuerant
2002 1301 2014 1322 ,
2044 1276 2089 1311 et

1237 1342 1378 1390 poetae
1410 1333 1757 1391 ingeniosissimo
1778 1334 1847 1376 vix
1881 1333 2088 1376 tribuen-

1235 1397 1339 1440 dam
1363 1414 1372 1441 :
1397 1413 1505 1453 quos
1526 1407 1576 1441 ut
1603 1414 1814 1454 sequerer
1840 1398 2090 1455 impellebat

1237 1476 1331 1504 non
1352 1462 1635 1505 mediocriter
1650 1496 1661 1517 ,
1685 1462 1775 1519 ipsa
1790 1495 1801 1516 ,
1826 1478 1910 1519 qua
1938 1462 2087 1504 inter-

1235 1535 1409 1583 pretem
1423 1542 1553 1569 suum
1567 1526 1753 1570 Ovidius
1772 1527 2000 1570 admiratio
2016 1527 2088 1570 de-

1234 1590 1384 1633 vinxit.
1399 1589 1523 1646 Quid
1541 1590 1663 1632 enim
1677 1590 1748 1633 hic
1763 1590 2083 1647 deprehendas,

1237 1655 1354 1712 quod
1375 1657 1600 1701 Nasonem
1631 1655 1819 1712 arguat?
1851 1656 1940 1700 Res
1969 1657 2082 1712 ipsa,

1235 1721 1412 1779 propius
1443 1720 1479 1765 si
1513 1720 1771 1777 spectaveris
1792 1754 1803 1772 ‚
1840 1722 2086 1765 communis

1237 1795 1324 1837 est,
1349 1795 1394 1829 et
1412 1786 1561 1829 nescio
1583 1784 1685 1841 quid
1711 1785 1842 1828 habet
1862 1787 2086 1830 rusticita-

1236 1850 1289 1893 tis
1305 1882 1316 1903 ,
1340 1850 1391 1892 ab
1410 1850 1656 1893 urbanitate
1672 1849 1889 1894 ovidiana
1910 1868 2086 1908 prorsus

1237 1914 1442 1958 alienum.
1479 1913 1594 1970 Quis
1628 1915 1856 1958 enimvero
1893 1916 2088 1973 scripto-

1235 1996 1332 2023 rem
1360 1979 1715 2024 delicatissimum
1741 1980 1890 2024 tulerit
1913 1979 2086 2024 Corin—

1237 2061 1342 2088 nam
1361 2062 1486 2088 suam
1501 2079 1512 2100 ,
1529 2045 1597 2089 vel
1613 2046 1853 2102 quamlibet
1874 2047 2057 2090 amicam
2072 2081 2084 2101 ,

1234 2128 1336 2155 cum
1359 2128 1517 2163 vacca,
1543 2121 1586 2155 et
1612 2112 1756 2169 ipsum
1777 2129 1821 2156 se
1843 2130 1946 2156 cum
1966 2119 2087 2157 lauro

1234 2185 1567 2235 comparantem
1585 2177 1604 2221 ?
1628 2178 1721 2222 Nec
1739 2179 1965 2234 ingeniosa
1982 2196 2087 2222 ma-

1235 2245 1296 2303 gis
1310 2278 1321 2300 ,
1343 2260 1440 2302 quae
1461 2244 1536 2288 tali
1557 2261 1580 2289 e
1608 2245 1732 2289 sonte
1754 2244 1965 2289 effluunt:
1991 2262 2088 2303 quae

1233 2311 1268 2355 si
1299 2311 1417 2355 Naso
1435 2343 1447 2365 ‚
1483 2310 1628 2354 invitis
1681 2318 1801 2354 certe
1850 2312 2085 2355 veneribus

1233 2375 1610 2432 cupidinibusque,
1624 2375 1803 2433 scripsit.
1816 2376 1964 2420 Habet
1977 2377 2085 2433 qui—

1236 2440 1340 2485 dem
1360 2441 1496 2501 stylus
1514 2475 1526 2497 ‚
1550 2441 1669 2485 unde
1690 2442 1833 2500 ipsum
1854 2459 2083 2500 agnoscas:

1234 2506 1310 2550 sed
1335 2515 1478 2550 totum
1501 2523 1609 2564 opus
1630 2524 1780 2551 rerum
1801 2508 1927 2566 inops
1942 2517 2051 2563 ,aut
2067 2542 2080 2563 ‚

1235 2571 1354 2627 quod
1380 2573 1596 2630 pejusfflest
1612 2606 1624 2628 ,
1647 2573 1873 2618 abundans
1899 2573 2048 2618 vitiose
2065 2605 2076 2627 ,

1233 2653 1369 2680 nemo
1389 2653 1482 2681 non
1503 2637 1723 2695 judicabit.
