2268 3776
598 308 986 364 AMORUM
1045 310 1169 364 111.
1220 311 1462 368 ELEG.
1510 312 1622 368 IX.

1886 317 1990 370 203

224 425 476 506 Cumque
507 423 616 484 tuis
646 446 743 484 sua
767 423 1070 504 junxerunt
1095 425 1482 510 Nemesisque,
1512 429 1775 511 priorque

309 517 549 591 Oscula;
573 542 675 580 nec
701 517 851 580 solos
881 518 1176 582 destituere
1205 546 1392 600 rogos.

224 614 384 677 Delia
414 614 697 677 discedens
721 641 732 677 :
757 615 1025 690 Felicius,
1051 618 1262 701 inquit,
1287 633 1463 678 amata
1948 639 2001 682 55
2069 628 2072 632 ’

306 710 438 771 Sum
469 712 573 805 tibi
596 738 608 773 ε
634 714 817 775 vixisti
836 760 852 787 ,
879 714 1010 775 dum
1042 729 1172 776 tuus
1197 714 1344 795 ignis
1373 738 1534 776 eram.

227 807 332 868 Cui
361 810 610 871 Nemesis
628 857 642 884 ,
674 809 808 894 quid
839 813 964 873 ais?
994 812 1099 873 tibi
1128 812 1241 873 sint
1270 835 1392 872 mea
1422 811 1617 874 damna
1646 811 1874 874 dolori?

306 904 400 965 Me
429 906 608 967 tenuit
633 909 873 970 moriens
903 908 1186 977 deficiente
1214 933 1396 969 manu.

225 999 286 1059 Si
317 1013 493 1063 tamen
526 1028 555 1064 e
583 1005 751 1067 nobis
778 1004 989 1091 aliquid
1007 1054 1022 1081 ,
1052 1006 1161 1067 nisi
1189 1030 1393 1086 nomen
1421 1020 1475 1067 et
1503 1007 1700 1069 umbra
1720 1054 1734 1080 ,

307 1097 539 1173 Restat,
569 1100 629 1160 in
655 1100 846 1185 Elysia
871 1102 1010 1165 valle
1033 1101 1295 1163 Tibullus
1324 1102 1443 1163 erit.
1950 1121 2006 1162 60

228 1192 447 1256 Obvius
476 1196 605 1259 huic
631 1199 815 1261 venias
834 1246 848 1272 ‚
879 1200 1082 1262 hedera
1108 1199 1372 1283 juvenilia
1399 1200 1613 1261 cinctus

307 1291 613 1376 Tempora,
647 1319 772 1357 cum
800 1294 996 1370 Calvo,
1022 1297 1181 1359 docte
1213 1295 1454 1370 Catulle,
1486 1312 1600 1358 tuo.

229 1385 316 1447 Tu
347 1411 603 1472 quoque,
637 1390 684 1450 si
712 1389 910 1453 falsum
939 1406 1023 1454 est
1053 1394 1299 1455 temerati
1324 1395 1530 1455 crimen
1560 1394 1753 1461 amici,

287 1548 353 1591 53.
378 1550 557 1607 Cumque
573 1554 657 1595 tuis
671 1567 751 1596 sua
751 1552 988 1609 junxerunt
996 1556 1080 1599 Nc-

233 1618 454 1670 mesisque‚
469 1620 662 1674 priorque
678 1619 848 1662 Oscula.
868 1620 1080 1675 Prt'orque;

233 1678 362 1723 Delia
379 1713 393 1736 ,
416 1679 469 1725 de
503 1698 587 1739 qua
620 1683 709 1740 jam
725 1717 736 1739 ,
767 1688 901 1728 altera
922 1689 1083 1740 primus
1119 1707 1123 1710 ·

233 1761 361 1787 amor.
378 1768 433 1779 —
447 1748 537 1790 Nec
561 1751 675 1791 solos
707 1752 926 1792 desmuere
950 1766 1083 1805 rogos.

234 1808 390 1866 Neque
423 1811 542 1869 prius
568 1828 592 1855 a
621 1816 732 1869 rogis·
766 1812 1083 1869 discesserunt,

235 1891 367 1932 quam
384 1875 636 1934 impositum
654 1878 764 1937 ignis
784 1879 1029 1936 perusserit.

291 1940 356 1984 58.
384 1942 460 1984 Me
488 1947 620 1986 tenuit
644 1947 821 1987 moriens
839 1951 919 1987 etc.
946 1942 1085 2000 Quasi

234 2004 348 2050 dicat
369 2022 379 2051 ε
402 2006 519 2064 quod
540 2023 565 2052 a
583 2017 625 2052 te
653 2010 876 2066 sperabat,
898 2018 1085 2067 optave-

234 2080 387 2130 ratque
412 2105 424 2129 ,
458 2073 542 2118 hoc
573 2075 633 2118 illi
663 2076 853 2133 praestiti.
889 2076 1087 2121 Tibullus

236 2138 358 2183 enim
378 2138 432 2184 ad
453 2139 628 2185 Deliam
643 2156 694 2197 ,⁴1
708 2176 719 2198 ,
741 2142 862 2201 Eleg.
881 2157 897 2185 1
911 2176 923 2198 ,
946 2145 999 2202 59
1021 2159 1030 2186 :

236 2215 287 2246 Te
300 2222 440 2258 spectem
450 2238 461 2257 ‚
478 2227 629 2259 suprema
640 2210 721 2249 m'ihi
735 2230 838 2260 quum
851 2219 978 2250 venerit
990 2218 1088 2259 horn

278 2277 328 2308 ‘re
343 2286 476 2310 uncam
491 2279 630 2310 moriam
642 2302 656 2319 ,
677 2278 850 2320 deficiente
869 2291 982 2312 manu.

294 2339 361 2397 59.
389 2339 652 2382 Nisinomen
662 2344 706 2382 et
715 2342 872 2382 umbra.
890 2340 994 2382 Nise·
1001 2356 1092 2383 cor-

232 2417 316 2456 pus
332 2407 376 2444 ct
391 2404 536 2446 umbra
554 2402 758 2447 Scriverii
779 2412 822 2447 et
845 2404 962 2447 alius.
995 2406 1099 2447 Nisi

241 2471 423 2523 corporis·
440 2472 586 2512 umbra
605 2469 856 2513 Beruensis.
877 2468 990 2513 Illud
1012 2473 1102 2513 nisi

241 2547 388 2577 nomen
409 2538 454 2577 et
471 2537 616 2577 umbra
633 2534 874 2578 Mediceus.

295 2598 364 2642 fio.
391 2599 444 2642 In
463 2600 618 2657 Elysia
646 2603 757 2643 valle
787 2602 978 2654 Tibullus
1002 2603 1093 2644 erit.

245 2661 364 2707 Huic
386 2663 506 2720 quasi
526 2663 750 2722 apotheosi
779 2664 978 2708 Tibullus
1004 2665 1092 2722 ipse

244 2728 494 2787 praeluserat
508 2763 521 2786 ‚
543 2743 561 2772 1
576 2763 590 2786 ,
610 2729 732 2788 Eleg.
747 2743 832 2785 111,
856 2732 906 2786 57
927 2745 937 2772 ε

244 2810 308 2842 Sed
319 2821 390 2852 me,
408 2812 496 2856 quod
510 2810 618 2843 facilis
636 2818 745 2843 tenero
761 2822 834 2842 sum
847 2810 1094 2852 sempermori‚

284 2872 361 2913 ¹1⁸⁸·
377 2872 490 2904 Venus
505 2882 635 2914 cumpo·
649 2872 743 2903 ducet
760 2872 794 2902 in
805 2872 948 2915 Elysios.

246 2931 316 2963 Hic
329 2932 451 2964 eboreo
464 2956 474 2972 ,
488 2940 666 2976 cantusque
681 2933 790 2975 vigent
803 2958 813 2973 ‚
841 2940 903 2965 etc.

248 2997 404 3056 Unde,
414 3009 459 3044 et
469 3017 521 3044 ex
533 3001 581 3044 iis
596 3017 691 3058 quae
703 3018 832 3059 supra
846 3001 1094 3055 adtulimus,

250 3073 370 3120 patet
387 3095 399 3118 ,
412 3064 750 3121 pulcherrimam
772 3065 998 3108 Tibullum
1019 3065 1096 3122 ip·-

249 3144 349 3173 sum
386 3129 434 3171 in
473 3128 634 3172 Tibulli
672 3138 864 3172 mortem
891 3126 1099 3186 ‘Elegiam

252 3195 476 3252 scripsisse.
499 3193 711 3238 Ceterum
729 3227 741 3249 ,
764 3194 882 3251 quod
902 3195 962 3237 illi
982 3210 1098 3237 con-

253 3263 430 3321 tigerat,
447 3271 497 3305 ut
511 3261 694 3318 dignum
709 3261 775 3304 sui
794 3269 889 3317 post
909 3261 996 3302 sata
1008 3259 1101 3303 lau—

254 3327 455 3370 datorem
480 3325 699 3368 inveniret
714 3357 726 3379 ‚
755 3324 840 3368 hoc
870 3333 914 3367 et
936 3323 1100 3368 ovidio

254 3399 408 3434 nostro
447 3389 662 3446 contigit,
702 3388 826 3444 cujus
857 3387 1032 3430 exilium
1057 3397 1102 3431 et

255 3465 445 3502 mortem
478 3454 672 3512 Angelus
699 3453 939 3502 Politianus
963 3452 1103 3499 defle-

1161 1556 1221 1599 vit
1238 1589 1249 1611 ,
1281 1556 1328 1599 in
1367 1555 1585 1599 luculenta
1618 1553 1879 1605 admodum,
1917 1549 2011 1611 qua:

1163 1622 1276 1666 hanc
1295 1630 1503 1679 sequetur
1518 1654 1529 1675 ,
1561 1619 1723 1677 Elegia.

1218 1686 1284 1730 61.
1320 1688 1481 1729 Vem'es.
1518 1688 1674 1728 Venias
1697 1685 1947 1741 Puteaneus
1970 1693 2011 1725 et

1163 1750 1269 1794 alius
1284 1750 1463 1794 Moreti.
1474 1750 1641 1793 Hzms.
1659 1750 1800 1807 Myrlo
1806 1748 2014 1804 juvenilia

1164 1814 1387 1859 Palatinus
1414 1813 1643 1858 secundus-
1684 1815 1858 1857 Vinclus
1883 1812 2014 1857 etiam

1165 1890 1354 1937 quatuor
1375 1880 1486 1924 libri.
1576 1925 1579 1927 ,

1218 1947 1285 1990 63.
1323 1948 1386 1989 Tu
1401 1962 1560 2003 quoque
1578 1943 1792 2000 se'salsum
1808 1950 1883 1987 est.
1917 1944 2019 1987 Mi„

1166 2027 1267 2055 rum
1279 2020 1341 2054 est
1353 2026 1485 2067 quam
1497 2010 1664 2053 diversa
1674 2009 1727 2052 de
1738 2009 1868 2067 hujus
1880 2018 2017 2066 poetae

1167 2085 1309 2120 morte
1325 2075 1501 2120 tradant
1511 2070 1693 2118 veteres.
1708 2075 1868 2118 Noster
1878 2074 1950 2117 lib.
1964 2087 2017 2127 ιι,

1169 2142 1382 2186 Tristium
1410 2142 1491 2197 446
1517 2174 1529 2196 ,
1563 2157 1739 2185 causam
1771 2140 1830 2183 ait
1863 2139 1989 2183 fuisse
2008 2173 2019 2194 ,

1170 2205 1287 2265 quod
1305 2210 1490 2263 linguam
1508 2210 1636 2250 nimio
1657 2222 1765 2249 mero
1783 2221 1864 2247 non
1885 2210 2022 2247 tenuc-

1169 2277 1227 2317 rit
1250 2290 1263 2316 :
1294 2272 1411 2330 quod
1448 2272 1618 2315 Marius
1651 2271 1831 2328 explicat
1854 2304 1865 2325 ,
1904 2270 2021 2327 quod

1172 2337 1283 2381 male
1300 2337 1354 2381 de
1371 2337 1570 2395 Augusto
1591 2336 1724 2380 suerit
1741 2335 1920 2379 locutus.
1937 2335 2022 2378 Alii

1172 2413 1357 2447 narrant
1377 2419 1549 2446 causam
1565 2402 1691 2446 suisse
1702 2435 1715 2457 ‚
1729 2401 1847 2458 quod
1858 2401 2023 2461 AEgyp·

1172 2476 1219 2510 to
1240 2469 1488 2525 praesectus,
1516 2483 1682 2510 nomen
1715 2483 1846 2510 suum
1876 2475 1922 2510 et
1955 2482 2024 2510 res

1174 2542 1311 2590 gestas
1324 2531 1631 2592 Pyramidibus
1652 2531 1916 2589 inscripserit
1929 2549 1939 2583 ;
1957 2531 2025 2574 vel

1175 2599 1293 2656 quod
1315 2598 1557 2658 AEgyptum
1572 2631 1584 2653 ,
1607 2607 1652 2641 et
1671 2598 1885 2656 praecipue
1906 2597 2027 2640 The-

1173 2665 1247 2710 bas
1263 2699 1275 2720 ,
1296 2665 1457 2722 rapinis
1476 2664 1735 2708 exhauserit.
1752 2663 1856 2706 vid.
1874 2664 2023 2706 Amm.

1175 2730 1357 2775 Marcel.
1374 2743 1489 2784 xvu,
1505 2746 1595 2787 cap.
1609 2743 1658 2771 1v
1676 2745 1686 2772 :
1707 2729 1783 2771 ubi
1798 2738 1913 2770 recte
1926 2729 2028 2769 Va-

1173 2796 1303 2840 lesius
1323 2795 1449 2839 docet
1470 2813 1494 2838 a
1510 2797 1552 2836 V
1556 2795 1667 2838 ossio
1682 2793 1893 2837 confundi
1911 2793 2027 2836 Cor·

1174 2861 1344 2904 nelium
1366 2860 1542 2903 Gallum
1562 2867 1737 2916 poetam
1751 2890 1763 2911 ,
1784 2873 1886 2900 cum
1908 2857 2027 2899 AEtio

1178 2927 1303 2971 Gallo
1324 2961 1336 2982 ,
1378 2928 1453 2983 qui
1487 2935 1635 2983 postea
1667 2925 1800 2967 etiam
1835 2924 2029 2983 AEgypto

1176 2993 1360 3050 praesuit.
1391 2992 1595 3035 Barthius
1614 2990 1726 3033 Adv.
1739 2989 1809 3032 lib.
1830 3003 1903 3032 XLI
1920 3022 1932 3043 ,
1951 2990 2002 3032 2ss
2016 3023 2028 3043 ,

1178 3068 1405 3101 mortuum
1416 3057 1470 3100 ob
1486 3055 1715 3115 Lycorida,
1738 3071 1789 3097 ex
1810 3055 2029 3112 Propertii

1178 3126 1249 3168 lib.
1262 3136 1315 3178 11,
1335 3124 1456 3180 Eleg.
1475 3137 1580 3176 xxv,
1599 3122 1645 3165 in
1668 3121 1773 3175 fine,
1797 3122 1928 3164 etiam
1943 3121 2032 3164 col—

1179 3190 1271 3246 ligit
1289 3207 1299 3241 ;
1320 3188 1395 3232 sed
1416 3203 1657 3244 perperam.
1691 3186 1957 3230 Passeratius
1978 3185 2032 3228 ad

1182 3256 1383 3312 Propert.
1402 3253 1474 3296 lib.
1489 3267 1507 3296 1
1524 3287 1535 3308 ,
1559 3270 1655 3310 pag.
1674 3255 1750 3307 24¹
1771 3286 1782 3307 ‚
1806 3252 2032 3309 distinguit

1181 3330 1269 3364 tres
1301 3319 1447 3363 Gallos
1470 3353 1482 3373 ,
1520 3334 1709 3376 quorum
1749 3334 1863 3361 unus
1904 3318 2034 3375 periit

1183 3384 1307 3427 Bello
1317 3384 1532 3427 Perusino
1545 3417 1556 3438 ‚
1568 3384 1643 3426 ubi
1654 3393 1802 3426 tamen
1813 3383 1902 3440 ipse
1917 3382 2034 3425 hunc

1185 3467 1209 3495 a
1229 3449 1354 3493 Gallo
1374 3450 1586 3494 Praesecto
1608 3449 1787 3508 AEgypti
1814 3464 1905 3492 non
1935 3448 2034 3491 satis
