2268 3776
655 313 1252 370 MEDICAMINA
1304 315 1620 373 FACIEI.

1927 320 2036 398 447

242 434 428 496 Prima
457 432 531 494 sit
553 431 613 491 in
642 430 806 492 vobis
832 453 1053 491 morum
1083 429 1255 493 tutela
1275 479 1290 506 ,
1317 433 1516 517 puellae
1541 460 1553 494 2

324 529 558 611 Ingenio
588 527 753 589 facies
784 527 1111 590 conciliante
1139 528 1336 613 placet.

246 628 447 690 Certus
475 648 630 688 amor
655 649 877 686 morum
906 640 991 686 est
1014 651 1026 686 :
1053 624 1287 688 formam
1320 626 1690 709 populabitur
1717 643 1871 704 aetas,
1984 651 2041 705 45

326 725 403 784 Et
431 719 668 806 placitus
697 721 854 799 rugis
881 720 1070 784 vultus
1099 737 1284 785 aratus
1315 723 1436 784 erit.

243 825 491 905 Tempus
519 820 653 893 erit,
685 844 799 903 quo
829 845 930 882 vos
959 819 1251 905 speculum
1279 821 1483 883 vidisse
1513 822 1761 905 pigebit,

323 921 401 980 Et
433 918 618 979 veniet
645 918 800 997 rugis
830 917 1001 980 altera
1030 942 1225 991 causa,
1252 916 1432 979 dolor.

244 1013 492 1088 Sufficit,
523 1028 580 1076 et
607 1012 839 1092 longum
871 1013 1128 1097 probitas
1157 1014 1425 1098 perdurat
1454 1015 1514 1075 in
1545 1039 1752 1090 aevum;

325 1113 567 1195 Fertque
593 1134 727 1171 suos
757 1134 934 1172 annos
959 1136 971 1171 :
996 1111 1130 1172 hinc
1159 1111 1301 1174 bene
1328 1112 1537 1197 pendet
1565 1138 1735 1174 amor.

245 1209 442 1284 Disce,
465 1233 595 1289 age,
622 1232 796 1292 quum
822 1222 1043 1270 teneros
1074 1234 1308 1272 somnus
1335 1209 1609 1272 dimiserit
1637 1228 1818 1282 artuS,

328 1305 575 1368 Candida
607 1330 719 1390 quo
750 1307 973 1390 possint
1002 1331 1098 1368 ora
1126 1308 1304 1370 nitere
1334 1308 1522 1370 modo.

245 1400 496 1476 Hordea,
524 1424 646 1486 quae
675 1402 874 1487 Libyci
903 1403 1121 1466 ratibus
1150 1404 1347 1466 misere
1378 1403 1599 1471 coloni,

325 1510 512 1571 Exsue
544 1508 611 1570 de
640 1508 799 1593 palea
829 1510 1287 1595 tegminibusque
1307 1511 1450 1573 suis.

247 1608 356 1669 Par
388 1607 502 1670 ervi
528 1631 787 1669 mensura
811 1607 1002 1669 decem
1029 1607 1287 1671 madefiat
1312 1608 1383 1671 ab
1415 1609 1534 1671 ovis
1558 1636 1567 1668 :
1993 1631 2048 1672 55

327 1704 440 1767 Sed
469 1704 755 1767 cumulent
783 1704 956 1767 libras
987 1706 1155 1767 ordea
1184 1705 1336 1768 nuda
1365 1706 1519 1768 duas.

247 1802 380 1865 Haec
409 1802 511 1865 ubi
535 1817 794 1866 ventosas
821 1803 1029 1865 fuerint
1057 1803 1257 1865 siccata
1286 1828 1388 1887 per
1417 1828 1578 1865 auras
1598 1851 1612 1874 ,

327 1908 504 1969 Lenta
527 1907 662 1990 jube
692 1908 889 1970 scabra
914 1908 1137 1988 frangat
1163 1906 1332 1969 asella
1357 1906 1523 1970 mola.

245 2099 308 2141 sis
329 2098 560 2155 finduntur
592 2101 789 2142 cantibus
826 2114 999 2160 anws.
1044 2096 1105 2142 Et

247 2162 394 2206 Varro
413 2162 628 2207 Atacinus
649 2177 660 2207 t
687 2163 822 2218 Cujus
838 2170 890 2207 ut
905 2166 1108 2219 adspexit

246 2233 356 2271 torta
373 2233 506 2284 capu!
515 2243 654 2284 angue
671 2232 910 2272 nemetum.
935 2226 1068 2272 le’.

303 2292 371 2348 43.
399 2294 545 2337 Pruna
560 2296 621 2336 sit
634 2295 681 2336 in
699 2295 821 2337 vobis·
840 2301 921 2337 etc.
946 2293 1019 2337 Sic
1039 2293 1106 2336 le·-

247 2356 446 2416 gendum
461 2366 506 2402 et
520 2356 887 2416 distinguendum
898 2359 1106 2403 censebat

248 2422 483 2485 Micyllus:

246 2501 358 2532 Primo
372 2501 415 2532 tit
428 2500 464 2532 in
476 2498 571 2532 vobi·
585 2509 716 2533 norum
728 2501 832 2532 tutela
842 2523 852 2539 ,
867 2499 986 2542 puello
999 2511 1010 2541 ς

289 2562 426 2603 Ingenio
439 2561 540 2594 facies
551 2562 747 2593 concili-nte
763 2562 879 2603 placet.

250 2623 318 2668 Ut
329 2626 481 2678 puelle
495 2622 683 2668 vocandi
701 2639 824 2668 casus
841 2623 919 2679 sit,
941 2632 987 2668 et
1006 2639 1109 2682 pos-

248 2689 388 2732 terior
405 2705 556 2733 versus
581 2699 662 2746 per
680 2706 726 2733 se
747 2690 1014 2733 sententiam
1032 2691 1108 2733 sa-

249 2754 356 2810 ciat,
375 2770 475 2798 eam
492 2754 654 2799 scilicet
668 2771 678 2799 ε
694 2755 824 2799 facies
835 2788 848 2810 ‚
859 2754 948 2798 sive
965 2755 1108 2799 forma

251 2827 349 2863 tum
367 2820 644 2877 potissimum
660 2820 800 2877 placet
813 2853 825 2874 ,
845 2819 1024 2876 quando
1039 2821 1110 2863 in-

253 2885 436 2942 genium
448 2918 460 2940 ,
477 2885 562 2930 hoc
581 2894 646 2930 est
658 2919 670 2941 ,
685 2885 801 2929 bona
819 2895 1002 2943 natura,
1017 2886 1108 2931 sive

254 2950 446 3007 probitas
460 2983 474 3006 ,
499 2967 599 2994 eam
617 2951 819 2996 conciliat
831 2985 843 3007 ,
863 2952 952 2996 sive
973 2952 1108 2997 corn-

254 3015 451 3060 mendat.
473 3015 567 3059 Aut
584 3032 763 3061 rursum
783 3033 794 3061 ε

255 3091 364 3124 Prima
378 3092 422 3123 sit
435 3091 471 3123 in
483 3092 576 3124 vobis
591 3102 720 3124 morum
732 3093 836 3124 tutel-
853 3116 864 3132 ‚
880 3094 998 3134 puellm

296 3154 432 3195 Ingenio
443 3153 560 3184 faciem
573 3154 767 3185 conciliante
778 3154 918 3195 placent.

257 3215 323 3260 Ut
350 3215 386 3259 si
417 3214 528 3258 ordo
550 3232 560 3259 :
584 3215 738 3272 puellae
772 3215 947 3272 placent
960 3248 972 3270 ‚
1006 3217 1108 3258 sor-

256 3297 377 3325 mam
400 3281 743 3325 commendante
764 3281 944 3339 ingenio
964 3290 1046 3325 etc.

317 3348 384 3402 46.
419 3348 596 3391 Aratus.
632 3347 830 3392 Malebat
864 3347 1076 3392 Heinsius
1095 3381 1107 3404 ,

253 3416 452 3458 arandus.

309 3480 535 3533 Superque
543 3493 642 3522 suos
650 3494 787 3522 annos
796 3481 895 3523 hinc
908 3481 1006 3521 bem·
1012 3494 1110 3531 pen·

1184 2100 1394 2141 delamor.
1404 2097 1513 2141 Haec
1526 2096 1653 2141 nihili
1664 2106 1769 2142 sunt
1780 2114 1789 2141 :
1801 2115 1883 2144 nec
1896 2101 2051 2156 juvant

1185 2163 1283 2206 libri
1304 2171 1488 2207 veteres.
1519 2163 1672 2207 Scribe
1694 2163 1985 2209 nihilominus
2010 2183 2020 2209 z

1322 2238 1475 2279 Longum
1488 2238 1633 2280 probitas
1647 2238 1803 2280 perdurat
1818 2241 1850 2270 in
1864 2250 1973 2271 ovum
1985 2266 1994 2279 ,

1227 2299 1371 2341 Fertque
1389 2309 1466 2331 ouo·
1478 2310 1581 2334 annos
1601 2311 1609 2332 ε
1630 2299 1706 2332 binc
1719 2300 1802 2332 bene
1814 2302 1933 2343 pendet
1946 2313 2048 2334 amor.

1190 2359 1498 2416 Quintilianus
1515 2360 1586 2404 lib.
1603 2361 1648 2405 Π
1663 2393 1677 2417 ,
1699 2377 1792 2419 cap.
1808 2374 1857 2404 tv
1878 2379 1888 2405 :
1911 2364 2051 2417 Quare

1187 2427 1298 2469 mihi
1317 2431 1544 2468 maturitas
1573 2443 1627 2469 ne
1646 2426 1834 2482 fistmet
1856 2432 2022 2484 quidem
2039 2465 2047 2479 ,

1189 2506 1267 2534 nec
1277 2497 1419 2534 musta
1430 2496 1476 2534 in
1489 2494 1588 2535 lacu
1603 2497 1750 2536 statim
1766 2499 1940 2537 austera
1950 2500 2052 2538 sint.

1189 2558 1261 2601 Sic
1277 2574 1415 2602 annos
1434 2559 1474 2602 se
1480 2568 1591 2603 rent.
1607 2559 1675 2604 lta
1690 2569 1734 2603 et
1747 2561 2050 2617 elatcmsene.

1245 2624 1314 2666 51.
1334 2625 1519 2668 Discite.
1542 2624 1630 2668 Hic
1650 2625 1803 2683 incipit
1820 2636 1948 2684 poeta
1966 2627 2050 2670 do-

1188 2703 1287 2731 cere
1302 2688 1425 2732 faciei
1442 2689 1734 2734 medicamen.
1747 2691 1881 2750 Lege,
1898 2695 2048 2745 Disce,

1187 2770 1269 2810 age
1278 2770 1382 2797 cum
1398 2753 1677 2798 Menteliano
1692 2773 1702 2799 z
1716 2757 1937 2811 namjube
1948 2773 2051 2815 pau—

1188 2819 1232 2863 lo
1247 2828 1344 2877 post
1356 2821 1576 2876 sequitur:
1589 2821 1730 2877 prima
1745 2821 1882 2864 editio
1894 2831 1939 2866 et
1949 2839 2052 2880 sep-

1190 2894 1283 2928 tem
1303 2885 1451 2942 scripti
1470 2918 1483 2940 ,
1508 2888 1704 2940 Discite,
1727 2895 1777 2929 ut
1795 2887 1922 2931 initio
1941 2904 2051 2946 ope-

1189 2951 1275 2995 ris:
1294 2950 1415 3007 quod
1433 2959 1479 2993 et
1496 2951 1669 2994 Marius
1687 2953 1824 3010 Niger
1842 2954 2049 3011 agnoscit.

1191 3017 1342 3075 Mycil.
1358 3016 1503 3069 malit,
1518 3019 1635 3071 Ergo
1652 3034 1744 3072 age.
1764 3017 1881 3075 Lege
1896 3019 2047 3072 ctiam,

1190 3087 1410 3131 divulserit,
1432 3098 1535 3125 cum
1552 3083 1707 3126 iisdem
1720 3085 1889 3141 scriptis
1903 3094 1946 3128 et
1963 3086 2053 3142 pri-

1191 3159 1263 3191 ma
1286 3148 1480 3191 editione
1502 3165 1513 3192 ε
1537 3158 1771 3206 postquam
1801 3166 1985 3194 somnus
2007 3160 2051 3194 te

1192 3213 1402 3257 destituit.
1424 3214 1592 3258 HEINS.

1247 3282 1312 3322 55.
1343 3281 1434 3322 Par
1448 3284 1546 3322 ervi.
1572 3280 1624 3322 In
1648 3281 2050 3336 Helmaestadiensi,

1184 3363 1271 3402 par
1281 3348 1417 3394 orobi,
1435 3362 1537 3389 cum
1552 3345 1707 3389 Glossa
1718 3380 1729 3401 ,
1743 3350 1871 3390 ordei.
1887 3346 2053 3391 Graecis

1192 3427 1348 3454 ervum
1379 3416 1500 3474 3122&ss
1527 3411 1694 3455 dictum
1714 3445 1726 3466 ,
1751 3413 1870 3455 unde
1902 3414 2051 3455 minus

1192 3485 1261 3519 tus
1284 3479 1471 3519 ambiam
1495 3476 1698 3520 dixerunt
1709 3511 1722 3533 ,
1759 3486 1867 3522 teste
1898 3477 2044 3522 Plinio
