2268 3776
532 299 936 357 AMORUM
985 300 1072 353 ΙΙ.
1118 298 1360 354 ELEG.
1409 299 1593 354 XVI.

1860 301 1955 353 135

256 425 368 484 Dat
397 443 617 505 quoque
643 416 969 479 bacciseram
997 414 1227 476 Pallada
1253 440 1409 477 rarus
1437 439 1597 495 ager;

175 528 388 609 Perque
416 534 761 600 resurgentes
794 519 927 580 rivis
955 517 1277 580 labentibus
1306 518 1506 579 herbas

193 660 197 665 ·
265 625 588 688 Gramineus
615 622 889 684 madidam
918 643 1107 705 cespes
1136 620 1436 681 obumbrat
1462 618 1711 679 humum.
1913 652 1959 678 ,υ

180 733 258 792 At
285 753 439 791 meus
467 727 612 808 ignis
642 727 798 787 abest
821 725 1066 786 verbo
1096 715 1439 809 peccavimus
1472 746 1619 782 uno:

261 832 402 911 Quae
422 843 617 914 lmovet
645 828 892 902 ardoreS,
926 841 1009 889 est
1034 825 1259 911 procul;
1285 825 1452 887 ardor
1478 824 1647 885 adest.

177 935 309 994 Non
340 957 471 1013 ego,
499 933 546 993 si
572 931 786 993 medius
815 929 1041 992 Polluce
1071 943 1126 991 et
1154 930 1387 991 Castore
1411 950 1613 1012 ponar,

254 1038 322 1096 In
352 1034 468 1096 caeli
499 1034 615 1096 sine
650 1048 702 1096 te
731 1048 885 1119 parte
913 1032 1082 1094 fuisse
1111 1030 1291 1094 velim.

172 1137 411 1199 Solliciti
433 1138 672 1220 jaceant,
707 1153 959 1220 terraque
989 1149 1312 1221 premantur
1339 1133 1528 1218 iniqua
1547 1180 1562 1205 ‚
1915 1149 1961 1190 ι5

251 1235 318 1294 In
349 1232 544 1312 longas
569 1233 759 1294 orbem
792 1233 889 1316 qui
918 1254 1136 1294 secuere
1166 1231 1306 1303 vias3

170 1335 288 1396 Aut
310 1334 573 1417 juvenum
604 1334 833 1396 comites
854 1333 1150 1416 jussissent
1175 1333 1254 1394 ire
1284 1330 1496 1416 puellas
1514 1377 1529 1403 ‚

255 1436 316 1497 Si
341 1435 452 1499 fuit
479 1436 540 1498 in
570 1436 767 1516 longas
797 1449 940 1497 terra
966 1434 1199 1497 secanda
1227 1435 1357 1495 vias.

229 1618 277 1660 8.·
296 1617 440 1660 Rarus
452 1619 740 1673 agenGralus
752 1616 915 1673 optime
935 1617 1029 1660 Pu·
1110 1632 1203 1659 non
1238 1614 1418 1672 corrigit
1451 1613 1612 1667 mode,
1645 1612 1722 1657 sed
1755 1612 1962 1670 depravat

179 1689 344 1727 teanus.
358 1682 573 1727 Martialis
584 1690 742 1726 notum
758 1681 879 1737 illud,
895 1695 922 1725 x
936 1714 948 1737 ,
961 1683 1025 1740 47.

236 1751 313 1784 Non
329 1752 472 1793 ingratus
487 1762 562 1792 ager
576 1774 587 1791 ‚
602 1752 695 1783 socu-
717 1752 878 1794 perennis.

177 1813 308 1857 Unus
327 1812 590 1868 Vaticanus,
606 1812 757 1869 grajus
774 1828 894 1868 ager:
908 1810 998 1855 duo
1009 1845 1021 1867 ‚

165 1893 322 1934 paraus
342 1894 355 1920 .·
381 1881 508 1921 nixus
541 1885 606 1921 est
634 1876 681 1920 in
714 1877 993 1921 Scriveriano
1011 1894 1022 1929 ;

171 1941 246 1987 aed
257 1957 377 1986 rarus
384 1941 624 1999 agerspisso
636 1941 878 1999 densoque,
889 1958 1023 1999 quem

170 2006 322 2052 dicunt
332 2041 344 2063 ,
355 2007 519 2066 opponi
531 2015 673 2064 potest
685 2025 695 2060 ς
710 2015 840 2063 atque
858 2008 892 2051 is
906 2007 1020 2063 vini,

170 2081 219 2117 ut
239 2072 479 2130 plurimum
496 2104 508 2128 ,
528 2072 828 2116 feracissimus.

222 2154 262 2198 9.
290 2139 582 2193 Rea-urgentes.
606 2139 890 2193 Resurgentes
908 2136 1021 2180 her-

166 2202 242 2246 bas
252 2202 464 2260 intelligo,
476 2210 576 2246 ante
589 2210 725 2246 sectas
735 2201 1018 2256 etdemessas,

167 2267 331 2311 iterum
353 2280 476 2324 aquoe
496 2266 620 2323 copia
641 2266 933 2322 secundante,
963 2283 1022 2310 re-

167 2337 382 2387 surgentes
401 2339 446 2375 et
466 2340 735 2385 crescentes3
754 2341 801 2377 ut
815 2333 873 2376 ita
892 2333 1022 2376 urbes

171 2395 319 2440 excise
332 2409 539 2452 resurgere
559 2397 717 2453 passim
730 2396 961 2449 dicuntur;
977 2406 1022 2440 et

172 2476 459 2519 quacumque
473 2461 521 2504 in
534 2470 733 2506 veterem
751 2471 915 2512 statum
928 2479 1023 2506 res-

160 2527 407 2573 tituuntur.
445 2525 655 2583 Apposite
689 2527 856 2571 Plinius
872 2560 884 2582 ,
914 2542 990 2571 xv1
1006 2560 1018 2582 ‚

174 2591 225 2634 32
245 2607 255 2635 :
273 2593 359 2635 Est
382 2596 429 2635 ιἰι
455 2595 658 2648 exempla·
675 2595 831 2638 multas
853 2596 1022 2636 arbones

171 2661 375 2702 cece'dzlrse
382 2692 393 2711 ,
414 2675 469 2703 ac
478 2676 560 2702 sua
569 2666 716 2715 sponte
726 2661 1019 2704 resurrexisse.

172 2730 218 2767 et
226 2739 316 2782 cap.
326 2725 380 2768 36
389 2740 400 2768 t
411 2725 588 2769 Arunda
597 2730 793 2769 ommlrex
800 2742 886 2768 una
893 2716 1020 2781 stiipe

171 2802 400 2841 numerosa,
418 2796 542 2847 atque
557 2795 685 2834 etiam
701 2797 837 2836 mcim
849 2826 860 2844 ,
869 2792 1020 2848 secun·

173 2856 268 2897 dim
285 2855 484 2912 resurgit.
503 2855 667 2900 Bunm.

230 2935 246 2960 1
258 2934 292 2960 1.
319 2920 386 2962 At
400 2937 513 2964 meus
532 2926 644 2978 ignis
670 2926 794 2965 abes!
795 2954 871 2966 ......
892 2926 1018 2967 verbo

166 2988 432 3038 peccavims
452 2999 547 3030 tmo-
578 2987 800 3032 Emissum
819 2989 888 3032 vix
907 3005 1017 3032 ver-

169 3049 278 3091 bum
297 3044 473 3093 festinat
489 3052 706 3110 corrigere
724 3086 736 3108 ,
753 3054 917 3105 teritus
934 3054 1018 3098 sci-

168 3113 269 3157 licet
283 3146 295 3168 ‚
311 3129 368 3158 ne
384 3115 520 3160 amica
535 3148 547 3170 ,
565 3130 661 3173 quae
680 3118 790 3162 illius
803 3123 936 3174 ignit,
954 3119 1018 3162 in-

169 3178 331 3236 telligat
343 3194 388 3223 se
403 3179 494 3236 jam
509 3196 600 3223 non
614 3182 667 3226 ab
680 3181 842 3226 ovidio
857 3183 991 3226 amari
1003 3202 1016 3237 ;

169 3252 214 3287 et
232 3247 380 3288 abesse
407 3245 621 3290 Sulmone
651 3250 786 3302 ignem
799 3280 810 3299 ‚
841 3263 930 3304 quo
954 3247 1017 3293 il-

169 3307 265 3352 lum
287 3310 443 3354 Roma:
463 3310 732 3354 incenderat.
754 3312 891 3356 Recte
905 3312 1017 3358 hac-

173 3382 324 3428 tenus;
342 3392 479 3432 quum
501 3392 606 3420 vero
628 3376 769 3432 addit,

174 3443 255 3483 Qum
269 3452 377 3476 movet
393 3447 541 3487 ardores,
551 3453 598 3478 est
614 3447 746 3488 procul;
763 3447 867 3478 ardor
881 3447 970 3479 adest
985 3460 995 3489 ς

1108 1680 1373 1724 sententiam
1390 1714 1401 1731 ,
1428 1678 1548 1722 inani
1569 1678 1817 1721 -verborum
1846 1677 1962 1719 inter

1104 1761 1148 1788 se
1170 1744 1420 1788 collusione.
1453 1744 1608 1799 Quare
1638 1756 1741 1786 cum
1772 1751 1961 1798 quatuor

1104 1810 1271 1867 scriptis
1291 1818 1336 1853 et
1358 1809 1525 1852 Douzae
1537 1807 1703 1862 codice,
1727 1822 1959 1864 reponen-

1104 1873 1211 1917 dum
1222 1874 1391 1918 censuit
1403 1875 1557 1918 Burm.
1573 1878 1688 1929 ignis
1705 1874 1844 1916 adest.
1858 1875 1963 1915 Pec-

1102 1945 1217 1984 cam?
1234 1942 1353 1984 enim
1377 1950 1503 1999 poeta
1517 1975 1528 1992 ‚
1549 1955 1689 1998 quum
1711 1938 1958 1987 dixitabesl,

1103 2005 1179 2062 qui
1194 2008 1338 2058 adest,
1361 2005 1505 2050 dicere
1525 2005 1758 2049 debuisset.

1163 2089 1177 2114 ι
1186 2072 1225 2114 3.
1255 2073 1351 2119 Non
1367 2087 1446 2127 ego
1457 2103 1469 2126 ,
1485 2075 1530 2113 si
1548 2072 1708 2113 medias
1731 2071 1905 2113 Polluce
1916 2073 1961 2109 et

1105 2138 1280 2180 Castore
1300 2152 1449 2192 ponar.
1483 2137 1574 2180 Pro
1590 2168 1602 2190 ,
1633 2134 1804 2178 medius
1838 2133 1956 2175 inter

1102 2203 1330 2246 Pollucem
1362 2211 1408 2246 et
1432 2201 1679 2246 Castorem.
1706 2201 1785 2245 Est
1806 2208 1957 2243 autem

1103 2269 1331 2317 ἀντίκτωσις
1345 2268 1560 2325 quaedam.
1575 2267 1664 2311 Sed
1683 2265 1957 2324 grammatici

1101 2334 1290 2378 fortassis
1310 2333 1462 2391 regula
1483 2331 1750 2386 defendent,
1766 2346 1819 2374 ea
1832 2329 1958 2373 vide-

1096 2399 1200 2443 licet
1220 2432 1232 2454 ,
1265 2415 1350 2455 qua
1390 2397 1577 2442 ablativo
1607 2413 1709 2441 casu
1748 2390 1957 2440 dicuntur

1101 2467 1233 2524 poni,
1255 2467 1301 2510 in
1325 2467 1481 2524 quibus
1501 2465 1750 2524 prepositio
1771 2463 1953 2508 deside-

1100 2541 1234 2577 ratur.
1250 2532 1340 2577 Sed
1354 2532 1445 2576 hoec
1467 2531 1665 2590 puerilia,
1682 2547 1731 2574 ac
1746 2530 1868 2574 levia.
1885 2530 1951 2572 Μ.

1161 2601 1222 2642 15.
1252 2599 1443 2641 Solliciti
1458 2598 1645 2653 jaceant
1671 2605 1754 2640 etc.
1786 2596 1839 2639 In
1861 2595 1954 2637 illos

1098 2662 1336 2718 invehitur,
1359 2663 1600 2719 quiorbem
1613 2660 1746 2718 primi
1764 2664 1811 2702 in
1830 2663 1951 2708 vias,

1100 2731 1306 2783 etlongas
1326 2727 1521 2784 quidem,
1535 2731 1775 2778 secueram&
1793 2732 1837 2768 et
1857 2724 1951 2766 im·-

1098 2802 1318 2850 precatur‚
1333 2802 1383 2836 ut
1397 2801 1493 2850 post
1503 2793 1640 2849 ipsam
1656 2798 1850 2832 mortem
1860 2792 1952 2832 sol-

1095 2859 1410 2914 liemjaceant,
1427 2867 1471 2902 et
1484 2864 1593 2900 term
1602 2860 1748 2911 Im'qua
1753 2871 1952 2910 premn-

1059 2953 1063 2955 >
1097 2930 1190 2979 tur,·
1214 2924 1322 2968 dum
1345 2933 1498 2968 contra
1526 2923 1608 2966 illis
1629 2921 1918 2979 adprecamur
1933 2954 1946 2975 ,

1099 3006 1206 3046 quos
1226 2989 1523 3033 adamavimus
1538 3021 1549 3042 ‚
1571 2996 1623 3030 ut
1648 2990 1832 3030 molliter
1847 3002 1948 3030 ossa

1097 3059 1338 3111 quiescant5
1360 3063 1408 3113 ut
1428 3054 1483 3096 sit
1502 3053 1582 3096 illis
1604 3059 1714 3096 terra
1730 3053 1864 3096 Ievis!

1158 3122 1220 3163 18.
1248 3118 1414 3174 St'fuil.
1441 3120 1581 3161 Vetus
1606 3117 1734 3161 lectio
1762 3126 1827 3162 est
1843 3150 1855 3172 ,
1882 3122 1949 3160 sic

1084 3185 1183 3241 suit
1201 3201 1214 3227 .-
1237 3200 1369 3240 quam
1397 3197 1565 3240 expone
1586 3199 1597 3226 t
1631 3183 1713 3227 hac
1741 3183 1835 3241 lege
1855 3217 1867 3238 ,
1901 3193 1951 3227 ut

1096 3251 1311 3306 juvenum
1339 3249 1519 3293 comites
1546 3248 1701 3306 puellae
1731 3249 1860 3291 irent.
1894 3271 1950 3281 ·—

1099 3316 1236 3359 Recte
1253 3314 1413 3371 vulgat.
1426 3330 1512 3357 nec
1523 3313 1652 3357 video
1666 3313 1773 3369 quid
1793 3313 1949 3356 melius

1097 3380 1227 3422 sicin
1248 3395 1425 3423 sensum
1453 3380 1663 3422 conserat.
1692 3380 1832 3437 Nugae
1858 3379 1951 3423 haec

1101 3446 1273 3499 omnia3
1307 3461 1390 3490 nec
1412 3445 1593 3502 quidem
1619 3445 1818 3503 dq'fficilcs
1834 3448 1846 3490 .'
