2268 3776
297 340 407 416 374

758 342 820 393 P.
865 343 1158 397 OVIDII
1199 343 1579 400 NASONIS

293 461 411 518 Nos
440 458 666 516 facimus
695 457 908 539 placitae
937 458 1041 519 late
1071 461 1344 542 praeconia
1367 462 1572 522 formae.
1982 485 2064 527 535

374 555 592 614 Nomen
618 554 783 615 habet
807 556 1054 617 Nemesis
1079 582 1091 615 ε
1121 556 1359 638 Cynthia
1383 582 1585 619 nomen
1614 559 1800 620 habet.

294 652 506 732 Vesper
531 665 586 710 et
615 653 747 711 Eoae
775 676 975 712 novere
1003 652 1274 734 Lycorida
1304 667 1490 725 terrae3

374 748 448 805 Et
475 746 667 818 multi,
700 772 819 830 quae
848 749 921 808 sit
949 762 1141 808 nostra
1170 748 1412 808 Corinna
1431 796 1446 821 ‚
1470 765 1686 827 rogant.

293 842 478 915 Adde,
512 844 662 925 quod
692 844 905 905 insidiae
934 845 1100 904 sacris
1131 868 1162 904 a
1190 844 1411 904 vatibus
1439 844 1646 904 absunt
1665 892 1680 917 ‚

374 940 449 997 Et
477 938 607 998 facit
637 939 703 998 ad
729 964 906 1000 mores
937 964 1022 999 ars
1054 964 1276 1022 quoque
1306 956 1498 1001 nostra
1526 965 1676 1002 suos.
1761 941 1766 947 ’

293 1037 408 1094 'Nec
437 1058 539 1094 nos
571 1036 801 1096 ambitio
822 1083 836 1109 ‚
868 1061 969 1096 nec
999 1060 1152 1096 amor
1179 1051 1284 1097 nos
1315 1053 1476 1115 urget
1500 1038 1745 1100 habendi
1769 1063 1784 1099 :

1984 961 2067 1017 540

378 1131 671 1191 Contemto
703 1132 904 1196 colitur
930 1132 1104 1193 lectus
1133 1148 1188 1193 et
1216 1134 1414 1193 umbra
1444 1133 1583 1194 foro,
1632 1163 1634 1167 ⁷

299 1226 407 1286 Sed
433 1227 586 1288 facile
618 1229 912 1301 haeremus,
939 1229 1231 1311 validoque
1260 1229 1577 1311 perurimur
1605 1246 1743 1291 aestu
1767 1255 1779 1303 ;

376 1326 450 1384 Et
476 1325 707 1385 nimium
735 1341 880 1386 certa
910 1326 1112 1385 scimus
1147 1349 1324 1385 amare
1355 1325 1478 1386 fide.

299 1419 518 1480 Scilicet
545 1422 826 1499 ingenium
855 1421 1071 1504 placida
1098 1420 1377 1480 mollimur
1406 1421 1476 1480 ab
1509 1437 1623 1482 arte
1647 1445 1661 1493 3

378 1516 452 1574 Et
481 1517 666 1576 studio
697 1541 875 1577 mores
907 1517 1293 1577 convenienter
1323 1531 1475 1576 eunt.

304 1613 535 1672 Vatibus
561 1615 761 1674 Aoniis
790 1614 975 1675 faciles
1005 1629 1177 1675 estote
1194 1661 1208 1686 ,
1233 1612 1463 1697 puellae:

378 1711 596 1769 Numen
626 1711 768 1770 inest
796 1710 940 1783 illis,
970 1710 1325 1792 Pieridesque
1351 1708 1551 1768 favent.

299 1812 400 1869 Est
426 1812 578 1870 Deus
601 1812 660 1870 in
688 1813 877 1883 nobiS,
904 1828 960 1872 et
991 1827 1122 1872 sunt
1152 1810 1476 1872 commercia
1508 1807 1651 1869 caeli:

383 1912 622 1972 Sedibus
651 1914 887 1973 aetheriis
917 1914 1146 1996 spiritus
1171 1913 1263 1973 ille
1292 1913 1458 1973 venit.
1993 1928 2073 1970 550

359 2094 451 2137 535.
474 2096 648 2136 Placz’toe
667 2097 754 2137 lale
763 2099 973 2148 proecom'a
981 2095 1145 2150 sormae.

1227 2102 1360 2151 ponat
1379 2092 1519 2135 amori
1535 2091 1687 2148 puellae
1702 2123 1714 2145 ,
1734 2106 1820 2146 quo
1835 2090 2050 2147 praecipuo
2064 2124 2075 2144 ,

306 2159 457 2202 Posset
477 2167 521 2202 et
539 2163 630 2202 laeli
641 2160 726 2216 legi
743 2177 752 2202 :
773 2169 889 2203 certe
908 2161 958 2203 in
972 2160 1148 2207 Arun—
1228 2167 1272 2201 et
1287 2157 1379 2200 solo
1395 2158 1486 2199 sere
1504 2164 1696 2199 uruntur
1709 2163 1862 2212 poetae.
1882 2155 1952 2197 De
1973 2171 2077 2198 con-

305 2224 475 2267 deliano
495 2228 602 2268 loete.
626 2226 792 2268 HEINS.
1132 2257 1135 2276 ῃ

362 2290 453 2332 536.
494 2291 652 2332 Nomen
682 2293 810 2333 habel
842 2293 1031 2334 Nemesis
1068 2298 1149 2334 etc.

309 2351 439 2409 Apud
467 2353 625 2396 Tibull.
661 2356 841 2410 Cynthia
868 2371 1000 2409 vero,
1035 2353 1151 2410 apud

307 2422 506 2478 Propert.
528 2421 597 2464 De
614 2421 824 2480 Lycoride
841 2455 853 2476 ,
879 2430 1104 2481 tantopere
1126 2435 1151 2462 a

310 2485 435 2528 Gallo
458 2485 656 2529 adamata
671 2519 683 2539 ,
702 2485 787 2528 vid.
810 2486 932 2542 Virg.
953 2485 1044 2527 Eel.
1064 2498 1106 2526 x.

364 2553 457 2609 539.
477 2552 521 2594 A
542 2556 723 2596 vatibus.
742 2554 834 2604 Ab,
858 2552 947 2595 duo
966 2552 1076 2596 libri.

365 2619 456 2671 540.
479 2619 668 2673 Elfacit
682 2622 745 2661 ad
758 2636 890 2662 mores
909 2636 980 2662 ars
996 2634 1153 2674 quoque

310 2687 454 2724 nostra
474 2698 586 2724 suos.
612 2682 684 2725 Sic
711 2682 901 2726 Martial.
919 2699 1050 2725 mores
1071 2699 1151 2739 pro

306 2749 432 2791 bonis
447 2748 640 2790 moribus
653 2748 792 2804 ponit,
809 2749 879 2790 lib.
899 2750 980 2802 XI,
1003 2763 1123 2792 xv111
1140 2764 1151 2791 ε

351 2818 462 2848 Mores
474 2827 539 2847 non
553 2816 649 2846 habet
659 2816 711 2847 hic
727 2827 819 2847 meus
833 2817 975 2846 libellus.

314 2878 550 2934 Eleganter
568 2887 716 2920 autem
732 2887 775 2920 et
794 2877 1026 2932 Ovidiane,
1042 2893 1152 2920 suos.

367 2946 459 2997 541.
490 2947 580 2987 Nec
600 2961 719 2986 amor
734 2960 812 2986 nos
830 2950 947 2998 urget
962 2946 1153 2987 habendi.

310 3014 400 3054 ,Nec
419 3027 538 3053 amor
551 3028 629 3053 nos
645 3015 783 3066 tangit
799 3011 943 3067 scripti
958 3011 1153 3068 plerique

312 3077 536 3131 meliores,
558 3093 656 3119 cum
678 3078 817 3134 prima
831 3076 1155 3120 editione-Tres

306 3151 461 3184 atamen
476 3174 487 3195 ‚
518 3158 597 3184 nec
614 3158 735 3185 amor
749 3159 825 3185 nos
843 3146 937 3184 urit.
969 3141 1157 3197 Vulgata

312 3206 521 3261 scriptura
540 3206 710 3263 Virgilii
725 3207 977 3250 auctoritate
992 3223 1036 3250 se
1058 3215 1156 3248 tue-

313 3279 406 3323 tur,
432 3270 504 3324 qui
528 3270 572 3311 in
598 3269 819 3327 Georgicis
838 3271 906 3313 lib.
933 3271 1024 3324 IV,
1052 3286 1123 3327 ¹77
1145 3288 1156 3315 :

310 3335 480 3375 Cecropias
497 3335 626 3367 innatus
638 3347 713 3378 apes
728 3348 818 3368 amor
834 3345 928 3378 urget
941 3337 1098 3368 habendi.

310 3418 364 3426 -
385 3396 499 3438 Mihi
521 3402 606 3438 urt'l
628 3398 814 3441 maxime
834 3397 1056 3440 blanditur
1070 3430 1081 3451 ,
1108 3406 1157 3440 ut

307 3475 483 3502 amorem
497 3461 912 3519 habendieleganter
926 3463 1060 3505 Poeta
1077 3477 1153 3517 op-

1227 2223 1395 2266 fusione
1410 2222 1572 2266 horum
1584 2222 1819 2265 verborum
1833 2221 1919 2263 vid.
1934 2229 1978 2263 et
1999 2221 2074 2264 lib.

1233 2290 1302 2332 ΙΙΙ
1318 2323 1329 2343 ,
1347 2289 1499 2332 Amor.
1511 2289 1676 2345 Eleg.1,
1690 2303 1799 2331 vers.
1814 2303 1867 2329 20
1880 2320 1891 2340 ,
1907 2295 1952 2329 et
1966 2286 2077 2329 alibi.

1233 2354 1386 2398 Posset
1408 2362 1452 2398 et
1481 2353 1565 2409 legi
1589 2354 1711 2408 angit
1726 2365 1740 2391 ,·
1773 2351 1940 2394 solliciti
1960 2350 2080 2393 enim

1231 2419 1418 2462 maxime
1443 2418 1584 2473 εγω-ὴ
1608 2426 1651 2461 et
1671 2423 1788 2473 urget
1801 2426 1845 2460 et
1857 2421 1979 2472 angit
1988 2433 2078 2459 esse

1232 2483 1384 2527 vicinae
1419 2482 1742 2539 significationis
1764 2515 1777 2536 ‚
1812 2481 1938 2524 docet
1960 2480 2078 2524 locus

1232 2549 1406 2594 Horatii
1431 2550 1505 2604 ΙΙ,
1532 2549 1622 2593 Sat.
1643 2563 1705 2604 11,
1728 2549 1793 2603 64.
1813 2548 1978 2591 Bmuu.

1288 2620 1380 2672 542.
1396 2618 1552 2660 Lectus
1569 2622 1613 2659 el
1628 2620 1783 2659 umbra.
1806 2614 1908 2658 Vid.
1930 2614 1984 2657 ad
2004 2614 2076 2656 lib.

1233 2684 1388 2726 Amor.
1405 2683 1426 2726 I
1443 2714 1455 2737 ,
1480 2683 1601 2740 Eleg.
1622 2696 1695 2736 1x,
1718 2685 1784 2737 42.

1287 2753 1380 2805 545.
1400 2752 1614 2804 Ingenium
1620 2751 1798 2804 placida
1807 2749 2014 2789 mollimur
2023 2749 2076 2788 ab

1232 2821 1333 2858 arle.
1354 2817 1512 2858 Nostra
1529 2817 1585 2857 ab
1605 2819 1696 2856 arte
1709 2813 1908 2856 Francos.
1928 2820 1971 2853 et
1992 2811 2080 2853 Pa-

1232 2881 1391 2924 latinus
1411 2896 1421 2922 z
1446 2882 1606 2923 blanda
1624 2879 1716 2933 alii,
1735 2892 1836 2922 cum
1856 2877 2078 2926 Junian03

1233 2943 1307 2986 sed
1337 2943 1445 2985 nihil
1474 2956 1603 2985 move
1631 2958 1642 2985 ε
1664 2944 1843 2996 placida
1862 2941 1982 2984 enim
2009 2955 2082 2982 ars

1235 3010 1388 3053 melius
1415 3010 1532 3052 Foro
1556 3019 1600 3053 et
1634 3007 1780 3052 Curiae
1810 3007 2048 3064 opponitur
2066 3038 2078 3059 ‚

1237 3089 1367 3129 quam
1387 3075 1557 3116 blanda.
1577 3071 1675 3115 Art.
1695 3071 1841 3114 Amat.
1862 3071 1883 3113 Ι
1896 3103 1907 3125 ,
1933 3087 1979 3112 12
2000 3082 2010 3109 z

1275 3145 1386 3186 Atque
1401 3145 1525 3176 animos
1536 3143 1676 3186 placida
1688 3142 1836 3175 contudit
1848 3148 1916 3173 arte
1926 3141 2023 3172 seros.

1291 3208 1384 3250 550.
1408 3207 1582 3248 Sedibus
1608 3207 1787 3247 alberiis·
1814 3207 1986 3258 spiritus
2009 3203 2081 3244 ille

1236 3277 1360 3315 venit,
1375 3273 1478 3315 Huc
1491 3272 1589 3314 facit
1604 3270 1720 3327 quod
1732 3269 1879 3314 scribit
1892 3269 1957 3311 M.
1969 3267 2081 3310 Tul-

1237 3337 1317 3379 lius
1327 3336 1398 3379 lib.
1415 3336 1472 3378 II.
1494 3335 1563 3378 De
1581 3334 1707 3379 Orat.
1724 3332 1776 3376 ad
1794 3332 1853 3388 Q.
1871 3333 2051 3375 fratrem
2070 3343 2080 3369 ε

1240 3419 1261 3437 «
1277 3400 1401 3456 Saepe
1420 3399 1540 3441 enim
1560 3398 1702 3440 audivi
1721 3405 1892 3454 poetam
1912 3395 2079 3436 bonum

1238 3462 1465 3505 neminem
1483 3461 1549 3518 (id
1564 3461 1681 3517 quod
1696 3477 1720 3504 a
1734 3458 1991 3503 Democrito
2004 3488 2016 3511 ,
2035 3465 2079 3498 et
