2268 3776
579 292 888 350 AMoRU
911 261 989 347 Μ’
1024 292 1440 351 ῙῙῙμΕιΕο.
1493 294 1619 349 111.

1899 295 1997 373 167

215 409 344 469 Non
374 406 505 468 satis
534 424 646 482 est,
675 408 826 492 quod
856 432 955 469 vos
984 407 1156 470 habui
1179 409 1297 470 sine
1328 410 1572 493 pondere
1600 425 1788 483 testes»,

296 508 369 566 Et
395 529 607 566 mecum
631 506 783 567 lusos
812 505 958 567 ridet
983 504 1162 566 inulta
1188 506 1373 566 Deos:
1946 539 1999 567 20

214 601 293 660 Ut
319 625 416 662 sua
442 625 542 684 per
566 617 814 663 nostram
836 602 1074 665 redimat
1099 602 1340 685 perjuria
1367 624 1614 684 poenam,

289 696 526 758 Victima
556 697 816 781 deceptus
848 698 1176 782 decipientis
1205 699 1349 760 ero?

208 790 326 851 Aut
346 792 462 853 sine
489 818 546 854 re
570 818 774 856 nomen
798 796 952 856 Deus
979 810 1064 855 est
1080 842 1094 868 ‚
1120 794 1433 877 frustraque
1460 794 1709 866 timetur3

271 890 362 949 'Et
390 890 560 953 stulta
586 892 831 976 populos
862 892 1185 953 credulitate
1208 906 1426 953 movet:

202 985 346 1059 Aut,
377 988 424 1047 si
456 987 581 1072 quis
613 991 764 1051 Deus
796 1004 909 1063 est,
937 1005 1149 1052 teneras
1178 1004 1325 1052 amat
1350 988 1443 1050 ille
1473 987 1718 1073 puellas;
1942 1010 1995 1050 πῖ,

284 1086 359 1145 Et
386 1086 620 1148 nimium
649 1087 796 1148 solas
828 1087 1014 1147 omnia
1042 1110 1208 1170 posse
1235 1087 1412 1169 jubet.

201 1179 382 1243 Nobis
409 1183 626 1246 fatifero
651 1186 880 1245 Mavors
909 1183 1223 1261 adcingitur
1252 1204 1380 1243 ense
1403 1206 1417 1241 ε

277 1278 399 1340 Nos
425 1282 566 1364 petit
591 1281 792 1341 invicta
819 1279 1061 1340 Palladis
1091 1279 1247 1339 hasta
1276 1302 1462 1338 manu.

190 1373 375 1435 Nobis
397 1375 664 1438 flexibiles
692 1392 988 1439 curvantur
1016 1375 1301 1460 Apollinis
1331 1397 1523 1435 arcus:

276 1471 344 1531 In
373 1494 478 1534 nos
507 1472 617 1534 alta
642 1474 678 1532 J
683 1473 802 1533 ovis
833 1473 1054 1534 dextera
1083 1471 1292 1533 fulmen
1321 1472 1507 1532 habet.
1930 1491 1985 1531 30

198 1567 493 1630 Formosas
523 1570 723 1653 Superi
748 1584 1006 1630 metuunt
1036 1569 1315 1630 offendere
1347 1568 1494 1640 laesi;

276 1666 463 1750 Atque
489 1664 664 1739 ultro,
691 1689 811 1748 quae
840 1689 896 1726 se
923 1690 1039 1725 non
1071 1666 1326 1738 timuere,
1361 1665 1572 1725 timent.

195 1763 270 1823 Et
297 1762 590 1847 quisquam
613 1764 706 1847 pia
734 1777 857 1836 tura
882 1762 1023 1822 focis
1051 1763 1336 1845 imponere
1369 1763 1569 1822 curat?

277 1860 437 1921 Certe
454 1859 591 1944 plus
620 1859 788 1921 animi
818 1858 986 1921 debet
1013 1859 1192 1921 inesse
1217 1859 1366 1919 viriS.

188 2047 352 2107 ripides
377 2050 631 2095 Andromed.
651 2051 775 2108 cujus
794 2051 1040 2108 fragmenta

189 2113 392 2172 quaedam
412 2114 527 2173 apud
547 2115 727 2160 Barnes.
746 2132 787 2173 p.
805 2117 900 2171 450.

247 2196 309 2240 ¹9·
342 2181 471 2235 Quod
493 2197 569 2224 vos
587 2183 724 2225 habui
744 2185 836 2224 sine
855 2183 1038 2237 pondere

186 2251 324 2291 testes.
345 2246 470 2304 Quid
486 2263 558 2291 me
579 2248 702 2304 juvat
716 2253 841 2291 testes
853 2248 973 2292 Deos
987 2248 1035 2291 in

185 2310 381 2369 perfidioe
399 2327 575 2370 poenam
595 2311 837 2358 adhibuisse
852 2346 864 2370 ‚
897 2330 1037 2370 quum

185 2374 368 2432 impune
380 2376 602 2434 patiantur
610 2392 787 2421 mecum
798 2394 843 2420 se
855 2394 878 2420 a
894 2377 1037 2434 puella

185 2437 313 2484 ludi?
358 2441 477 2485 Male
490 2474 502 2496 ,
544 2442 618 2498 qui
648 2444 799 2485 habuit
828 2441 883 2484 ad
911 2441 1039 2499 puel-

185 2501 275 2546 lam
306 2505 519 2547 referunt.
550 2528 605 2538 —
638 2507 781 2548 Inulla
809 2539 820 2557 ‚
868 2506 1036 2562 passivo

184 2585 316 2613 sensu
331 2603 342 2622 ,
386 2587 468 2628 pro
495 2575 711 2626 impunita.
730 2594 785 2603 —
817 2571 876 2614 Et
906 2573 1043 2615 habui

183 2651 287 2679 curn
302 2635 644 2693 castigatioribus
663 2636 956 2680 scribendum.

239 2714 306 2742 20.
333 2701 483 2743 lusos.
509 2699 568 2743 Et
586 2700 656 2744 hic
675 2703 800 2744 laesos
819 2700 1035 2745 editiones

182 2764 333 2822 priscae
351 2774 396 2808 et
415 2774 504 2809 tres
521 2765 668 2823 scripti
688 2782 699 2819 ;
719 2765 796 2810 sed
818 2765 919 2823 quia
937 2771 1036 2809 tels-it

182 2830 462 2889 adjungitur,
497 2831 607 2876 nihil
626 2842 765 2876 muto.
792 2835 856 2876 Et
873 2849 1030 2876 mecum

181 2911 376 2950 magnos,
393 2898 803 2950 unusPalat.:r1·s1·t‚
825 2899 1029 2943 Politian.

236 2977 303 3003 22.
338 2963 519 3004 Victima
538 2965 734 3018 deceptus
753 2973 833 3008 etc.
857 2963 1028 3007 Contra

180 3024 251 3080 jus
270 3031 315 3068 et
331 3025 394 3068 sas
413 3024 478 3070 est
495 3027 719 3071 insontem
739 3037 783 3072 et
797 3031 1024 3084 deceptum,

179 3087 292 3132 illius
311 3105 408 3146 quae
426 3093 587 3147 decepit
599 3125 609 3144 ,
636 3108 784 3149 poenas
802 3095 931 3137 serre.

235 3154 302 3197 23.
323 3154 418 3197 Aut
425 3159 517 3198 sine
529 3173 572 3199 re
581 3173 728 3199 nomen
738 3159 858 3200 Deus
869 3165 936 3201 est
945 3167 1026 3203 etc.

180 3219 275 3263 Aut
289 3223 338 3261 si
351 3223 443 3276 qut]-
462 3221 582 3263 Deus
600 3227 666 3264 est
683 3230 764 3264 etc.
790 3222 910 3266 Deos
933 3224 1026 3280 pri-

179 3299 308 3327 mum
327 3301 417 3328 esse
437 3294 568 3343 negat
585 3303 595 3338 3
631 3295 705 3329 aut
719 3319 732 3341 ,
754 3287 788 3330 si
813 3288 886 3344 qui
905 3289 992 3332 sint
1007 3323 1020 3345 ,

178 3348 333 3405 puellis
370 3350 429 3393 ita
469 3351 612 3394 favere
644 3350 769 3409 fingit
786 3384 798 3407 ,
843 3360 892 3395 ut
921 3357 1030 3397 sola-

182 3414 395 3472 quidquid
415 3415 535 3461 lubet
554 3416 747 3474 possint,
777 3426 821 3463 et
841 3417 1021 3476 impune

1123 2048 1302 2108 quidem
1323 2050 1479 2092 facere.
1507 2047 1733 2092 Amatorie
1756 2046 1978 2091 delirantis

1121 2115 1259 2158 animi
1280 2122 1357 2158 est.

1174 2182 1241 2235 24.
1262 2181 1474 2222 Etstulla.
1499 2181 1635 2229 Vana,
1655 2177 1820 2221 Moreti
1836 2176 1970 2221 alter:

1119 2251 1169 2287 ut
1192 2244 1346 2300 Virgil.
1365 2256 1455 2286 v111
1472 2277 1482 2293 ‚
1514 2244 1587 2300 187
1611 2258 1621 2284 z

1119 2315 1209 2344 Vana
1225 2313 1412 2354 superstitio
1424 2319 1636 2352 veterumque
1650 2311 1758 2351 ignara
1771 2312 1929 2342 Deorum.

1119 2373 1209 2418 Sed
1227 2374 1328 2416 insr.
1349 2374 1450 2416 Am.
1474 2372 1571 2427 111,
1595 2371 1717 2429 Eleg.
1738 2386 1817 2415 xlv
1832 2406 1845 2427 ,
1869 2373 1948 2415 30:

1156 2445 1198 2474 Et
1214 2444 1307 2475 liceat
1323 2444 1421 2473 stulta
1434 2441 1625 2472 credulitate
1637 2441 1715 2472 frui.
1780 2443 1904 2473 Burni.

1173 2507 1238 2547 25.
1260 2505 1413 2561 Siquis
1427 2507 1557 2548 Deus.
1574 2506 1627 2548 Si
1639 2508 1724 2560 qui,
1740 2504 1881 2561 prima
1892 2537 1904 2558 ,
1923 2512 1971 2548 et

1116 2567 1208 2612 aliae
1227 2569 1427 2626 quaedam
1448 2578 1618 2613 veteres
1639 2568 1866 2613 editiones.

1169 2635 1237 2678 3ο.
1265 2637 1438 2679 Fulmen
1465 2637 1605 2678 babel.
1634 2634 1753 2678 Nihil
1783 2634 1964 2691 quidem

1114 2709 1265 2746 muto:
1281 2701 1435 2745 dubito
1451 2710 1602 2744 tamen
1618 2733 1631 2755 ,
1649 2717 1705 2743 an
1720 2716 1812 2743 non
1827 2700 1963 2755 scrip-

1110 2767 1215 2809 serit
1255 2771 1349 2823 agi!
1374 2767 1493 2811 Naso
1510 2784 1522 2820 ;
1558 2781 1654 2822 quae
1676 2765 1810 2808 verba
1846 2780 1959 2821 saepe

1111 2832 1304 2875 confusa.

1165 2903 1231 2946 31.
1258 2906 1482 2946 Formosas
1502 2903 1652 2956 Superi
1664 2909 1743 2943 etc.
1767 2899 1851 2942 Vel
1870 2903 1969 2942 laesc·

1108 2967 1266 3021 abillis,
1279 2968 1437 3025 Superi
1451 2967 1527 3023 ipsi
1537 2964 1960 3019 metuuntsormosas

1108 3033 1335 3075 offendere
1348 3067 1358 3082 ‚
1377 3032 1483 3074 dum
1501 3032 1548 3073 in
1563 3047 1642 3074 nos
1652 3047 1826 3088 semper
1839 3032 1953 3086 irati,

1107 3096 1141 3139 si
1163 3096 1268 3152 quid
1288 3095 1627 3153 deliquerimus,
1661 3095 1830 3153 gravius
1852 3111 1954 3152 per-

1106 3170 1365 3217 sequuntur.

1161 3227 1227 3268 33.
1251 3229 1386 3270 Curat
1397 3229 1421 3271 Ρ
1440 3226 1543 3271 Non
1562 3226 1845 3270 incommode
1865 3228 1951 3270 sor-

1105 3299 1212 3335 tasse
1222 3291 1269 3333 in
1279 3291 1372 3347 subi
1380 3291 1554 3335 unctivo
1562 3291 1797 3349 legeretur,
1806 3294 1954 3338 Curet?

1105 3363 1154 3398 ut
1167 3365 1231 3399 est
1245 3356 1291 3398 in
1306 3356 1505 3413 exemplo
1517 3356 1672 3414 virgil.
1687 3357 1791 3399 AEn.
1812 3371 1843 3409 Ι,
1868 3359 1920 3412 48
1946 3369 1957 3397 :

1107 3444 1144 3455 ...
1169 3425 1215 3455 Et
1228 3425 1403 3468 quisquam
1414 3436 1536 3458 numen
1548 3425 1686 3459 Junonis
1701 3425 1835 3458 adoret?
1848 3427 1945 3459 Man
1959 3449 1969 3456 -
