2268 3776
698 314 1124 373 REMEDIA
1177 314 1543 372 AMORIS.

237 433 420 494 Janua
446 432 590 492 forte
621 433 813 515 patet?
838 430 1090 514 quamvis
1117 433 1476 504 revocabere,
1505 431 1694 492 transi.

323 532 430 591 Est
458 529 585 590 data
613 531 770 590 nox?
797 529 994 590 dubita
1022 541 1187 589 nocte
1216 528 1403 588 venire
1432 528 1576 589 data.

240 629 415 713 Posse
444 628 560 711 pati
589 626 747 688 facile
775 642 890 700 est,
922 626 1025 687 tibi
1055 625 1114 686 ni
1143 625 1417 709 sapientia
1448 624 1627 697 desit;

323 724 648 808 Promptius
673 749 701 785 e
731 723 878 784 facili
907 723 1107 804 gaudia
1136 722 1277 783 serre
1307 720 1453 782 licet.

243 825 319 884 Et
346 822 639 906 quisquam
669 836 942 906 praeeepta
972 835 1161 905 potest
1187 842 1309 882 mea
1337 818 1475 880 dura
1501 820 1744 882 vocare?

324 921 415 980 En
442 918 605 980 etiam
632 933 817 1002 partes
847 917 1198 979 conciliantis
1227 940 1351 997 ago,

244 1018 387 1078 Nam
405 1062 419 1088 ‚
452 1016 718 1099 quoniam
747 1016 962 1076 variant
988 1015 1190 1088 animi,
1216 1014 1492 1075 variamus
1524 1029 1578 1073 et
1608 1029 1768 1076 artes.
1959 1035 2038 1078 525,

326 1110 487 1174 Mille
518 1110 650 1172 mali
677 1111 887 1195 species
906 1159 921 1185 ‚
950 1110 1102 1172 mille
1131 1109 1326 1172 salutis
1358 1124 1542 1171 erunt.

250 1211 501 1293 Corpora
528 1207 619 1268 vix
644 1206 792 1268 ferro
826 1208 1075 1291 quaedam
1101 1222 1368 1269 sanantur
1394 1222 1558 1268 acuto
1585 1233 1598 1269 :

326 1305 618 1366 Auxilium
648 1304 841 1366 multis
868 1330 1065 1367 succus
1097 1322 1154 1368 et
1180 1306 1358 1368 herba
1386 1304 1511 1366 fuit.

248 1429 543 1489 MOLLIOR
574 1450 777 1502 eS,nec
804 1427 959 1489 abire
990 1442 1187 1512 potes,
1226 1428 1561 1511 vinctusque
1594 1427 1827 1496 teneriS,

320 1523 408 1585 'Et
435 1539 532 1585 tua
559 1548 733 1585 saevus
764 1526 942 1585 Amor
971 1526 1078 1587 sub
1110 1525 1250 1610 pede
1282 1524 1427 1586 colla
1453 1524 1700 1609 premit?
1770 1545 1778 1556 ·

1965 1541 2047 1584 530

249 1620 457 1682 Desine
487 1620 714 1695 luctari3
741 1622 983 1684 referant
1012 1638 1108 1684 tua
1136 1622 1364 1683 carbasa
1385 1621 1534 1681 venti
1557 1645 1570 1693 ;

335 1720 580 1803 Quoque
609 1735 812 1781 vocant
841 1720 1067 1794 ssuctuS‚
1093 1720 1196 1781 hac
1225 1719 1332 1780 tibi
1361 1742 1547 1780 remus
1580 1732 1682 1779 eat·

250 1816 545 1901 Explenda
574 1833 658 1878 est
686 1818 806 1879 sitis
837 1819 945 1879 ista
977 1818 1111 1892 tibi,
1140 1841 1250 1900 qua
1277 1816 1531 1900 perditus
1566 1814 1724 1875 ardes
1748 1839 1761 1873 z

337 1920 602 1982 Cedimus
631 1946 642 1981 :
669 1945 700 1982 a
722 1921 906 1983 medio
931 1921 1043 2003 jam
1070 1920 1203 1982 licet
1233 1943 1391 1981 amne
1420 1919 1602 1980 bibas,

250 2024 362 2086 Sed
385 2025 520 2087 bibe
550 2025 679 2109 plus
706 2026 899 2101 etiam,
927 2050 1094 2110 quam
1124 2024 1277 2109 quod
1303 2023 1605 2108 praecordia
1635 2039 1911 2108 poscunt3
1961 2040 2042 2084 535

340 2127 581 2190 Gutture
610 2129 695 2190 fac
723 2128 893 2213 pleno
923 2144 1106 2190 sumta
1131 2128 1408 2191 redundet
1437 2151 1597 2211 aqua.

256 2302 338 2347 pro·
361 2289 531 2335 diversa
548 2291 738 2336 lectione
756 2291 901 2349 :quod
922 2300 967 2336 et
986 2293 1112 2337 Pata-

256 2356 385 2400 vinus
405 2358 677 2415 agnoscebat.
706 2359 896 2416 Regius,
919 2361 1012 2404 Nec
1029 2363 1121 2403 sibi

257 2428 346 2466 iam
352 2426 544 2478 placeat,
558 2440 635 2467 nec
648 2430 700 2467 le.
717 2425 878 2481 Scripti
895 2424 1110 2483 plerique,

257 2491 376 2545 quod
399 2494 441 2533 le
465 2505 570 2533 cum
593 2489 735 2547 prima
757 2489 978 2534 editione:
999 2506 1115 2534 unus

260 2569 386 2598 meus
396 2570 477 2612 pro
486 2554 656 2598 diversa
664 2554 953 2612 lectione,quo
963 2563 1114 2600 necte.

315 2622 408 2663 522.
429 2623 629 2664 Protinus
647 2636 671 2663 e
676 2620 818 2676 facili
828 2623 991 2676 gaudia
999 2621 1116 2676 ferre

257 2688 371 2728 licet.
401 2684 522 2742 Lego
537 2718 550 2741 ,
573 2687 778 2729 Pronius:
800 2694 850 2729 ut
868 2702 999 2742 supra
1019 2686 1116 2730 Art.

261 2750 412 2794 Amat.
436 2750 532 2804 III,
556 2750 661 2807 674:

302 2820 410 2851 Pron·
421 2819 512 2850 venit
524 2819 654 2860 cupidis
670 2820 703 2850 in
718 2831 776 2851 sua
790 2827 866 2852 vota
875 2820 966 2851 fides.

264 2879 356 2924 Sed
365 2881 618 2925 Puteaneus
628 2897 651 2924 a
662 2897 800 2925 manu
809 2882 967 2940 prima,
978 2884 1119 2925 Prom-

262 2953 369 2999 tius,
393 2947 512 3005 quod
528 2964 703 3005 sequor.
719 2950 773 2993 In
789 2965 882 2993 uno
900 2950 1120 2994 Vaticano

264 3022 360 3057 erat
375 3046 388 3069 ‚
407 3017 569 3069 gaudia
590 3031 746 3070 magna
755 3014 887 3070 seres.

331 3080 426 3122 528.
469 3080 693 3121 Auxilium
723 3082 868 3122 multis
898 3095 1050 3123 succus
1080 3086 1125 3124 et

265 3146 398 3187 herba
403 3144 511 3200 suit.
525 3144 644 3187 Male
661 3144 841 3201 quidam
854 3144 1040 3200 codices,
1053 3152 1123 3188 lu-

266 3211 336 3261 lit,
362 3209 430 3253 vel
443 3212 570 3252 dedit.
602 3209 783 3252 Auxilio
793 3210 890 3266 fuit
898 3226 992 3252 non
1007 3210 1123 3253 male

269 3275 359 3319 duo
377 3275 560 3319 codices.
581 3275 654 3319 Sic
674 3277 788 3319 infra
807 3293 848 3319 v.
864 3277 942 3319 582
955 3292 966 3319 ι
978 3277 1126 3320 Auxi-

267 3345 327 3386 lio
352 3345 474 3385 turba
487 3342 644 3398 sulum
665 3346 748 3385 tibi
759 3348 825 3385 est
840 3359 853 3385 t
871 3351 922 3386 ut
943 3342 1125 3398 quidem

269 3407 526 3465 legendum.
545 3407 667 3452 Nihil
687 3417 839 3452 tamen
853 3408 923 3452 hic
938 3417 1124 3451 mutem.

273 3472 442 3518 HEINS.
469 3496 525 3506 -
545 3473 612 3517 lta
639 3473 750 3518 vell.
775 3474 848 3529 11,
884 3489 961 3517 110
983 3489 993 3516 ε
1014 3476 1126 3517 Pars

1194 2296 1287 2336 suis
1303 2294 1474 2336 sedibus
1486 2293 1730 2348 presidium
1749 2305 1842 2333 esse
1854 2291 2051 2332 destina-

1196 2366 1335 2418 vera&
1350 2359 1424 2402 ubi
1441 2374 1675 2416 perperam
1693 2356 1905 2401 Heinsius
1921 2354 2055 2398 male-

1193 2426 1269 2470 bat
1283 2459 1295 2481 ,
1314 2428 1515 2482 presidio
1536 2441 1641 2468 esse.

1253 2491 1349 2535 530.
1366 2492 1490 2534 Colla
1495 2495 1659 2545 premit.
1673 2489 1826 2544 Major
1839 2487 2054 2531 librorum

1197 2573 1297 2614 pars
1312 2590 1324 2611 ,
1347 2563 1481 2611 tenen·
1494 2555 1572 2600 sed
1592 2570 1838 2613 perperam.
1855 2554 2058 2611 Propert.

1198 2622 1221 2665 I
1237 2655 1249 2678 ,
1273 2621 1396 2680 Eleg.
1417 2636 1435 2665 1
1451 2655 1463 2676 ,
1486 2624 1512 2676 4
1534 2638 1545 2666 :

1241 2693 1284 2723 Et
1295 2699 1394 2734 caput
1409 2692 1573 2733 impositis
1589 2690 1708 2733 pressit
1721 2701 1812 2722 umor
1826 2690 1966 2731 pedibus
1984 2702 1994 2730 ;

1202 2753 1279 2797 ubi
1334 2752 1433 2796 vide
1473 2752 1737 2797 eruditionis
1779 2751 2060 2808 elegantissi-

1201 2834 1288 2862 mae
1315 2818 1608 2875 interpretem
1629 2815 1961 2860 Broukhusium
1978 2850 1989 2867 ‚
2014 2827 2057 2859 et

1203 2900 1312 2941 quos
1343 2883 1505 2926 laudat.
1538 2883 1586 2926 Si
1619 2881 1725 2939 quid
1757 2881 2026 2924 mutandum
2046 2915 2058 2936 ,

1204 2966 1495 3008 reponerem,
1517 2953 1641 3002 lerit5
1662 2948 1740 2992 sed
1760 2948 1824 2991 nil
1842 2964 2034 2992 necesse.

1260 3017 1353 3059 531.
1382 3016 1592 3071 Reserate!
1621 3020 1698 3057 tua
1724 3017 1908 3057 carbasa
1934 3018 2062 3056 venti.

1204 3082 1408 3137 Refer-ent
1432 3081 1531 3123 libri
1551 3080 1755 3123 meliores
1786 3095 1890 3123 cum
1918 3079 2063 3136 prima

1206 3146 1400 3190 editione
1419 3162 1430 3189 :
1449 3145 1734 3190 scribendum
1755 3153 1821 3188 est
1838 3178 1850 3199 ,
1879 3143 2065 3199 referant

1205 3217 1298 3254 sine
1311 3228 1324 3254 :
1336 3227 1442 3254 narn
1459 3217 1534 3254 tua
1552 3211 1684 3269 paulo
1698 3220 1800 3254 ante
1820 3210 2035 3268 praecessit
2055 3227 2062 3252 ;

1206 3278 1290 3320 nisi
1318 3277 1454 3320 mavis
1468 3310 1480 3331 ,
1510 3293 1593 3319 sua
1619 3280 1831 3330 carbasa‚·
1853 3285 1899 3319 et
1927 3292 2030 3318 mox
2046 3309 2057 3329 ‚

1212 3345 1383 3398 Quoque
1408 3349 1590 3394 vocant,
1623 3358 1704 3400 pro
1734 3345 1928 3398 Quaque,
1959 3343 2061 3385 Pu-

1207 3417 1402 3451 teaneus.
1423 3407 1592 3452 Hssms.

1264 3474 1356 3528 534.
1367 3474 1412 3517 A
1422 3475 1571 3517 medio.
1581 3477 1646 3527 In,
1661 3473 1834 3518 Sarrav.
1850 3482 1895 3516 et
1907 3468 2062 3516 Fran'c.
