2268 3776
563 255 832 312 ARTIS
883 254 1361 310 AMATORIAE
1411 257 1576 311 LIB.
1635 258 1682 310 I.

317 374 406 435 Sic
437 387 638 434 coeunt
666 394 820 432 sacro
849 385 1023 452 nupta
1053 369 1316 452 Deusque
1348 386 1489 431 toro.

237 509 434 579 ERGO,
467 506 566 566 ubi
595 504 929 583 contigerint
955 503 1128 587 positi
1159 503 1265 564 tibi
1294 527 1525 564 munera
1556 504 1792 577 Bacchi,
1932 523 2013 565 ειν,

281 667 286 672 ,
316 603 501 684 Atque
530 600 633 662 erit
661 601 721 660 in
751 600 888 662 socii
918 599 1121 662 semina
1144 614 1300 684 parte
1332 601 1472 672 tori;

235 698 655 784 Nycteliumque
684 714 927 783 patrem,
958 713 1339 783 nocturnaque
1368 721 1518 759 sacra
1542 722 1787 782 precare,

315 799 398 858 Ne
420 797 652 878 jubeant
680 797 848 881 capiti
878 797 1006 858 vina
1033 819 1233 858 nocere
1264 810 1381 856 tuo.

238 893 342 954 Hic
370 893 475 954 tibi
504 894 679 956 multa
705 893 834 956 licet
863 918 1114 956 sermone
1144 892 1364 955 licentia
1394 906 1540 953 tecto

317 992 538 1066 Dicere,
573 1017 694 1077 quae
725 992 832 1052 dici
861 993 1065 1053 sentiat
1085 991 1182 1052 illa
1210 989 1320 1051 sibi
1344 1015 1358 1062 3
1935 1009 2016 1063 570

235 1089 649 1175 Blanditiasque
678 1090 822 1152 leves
853 1090 1006 1151 tenui
1034 1089 1375 1174 perscribere
1404 1089 1538 1148 vino
1555 1136 1570 1158 ‚

315 1188 396 1246 Ut
425 1186 704 1249 dominam
731 1187 790 1246 in
818 1209 1009 1248 mensa
1035 1210 1092 1247 se
1119 1185 1267 1265 legat
1290 1182 1384 1245 illa
1415 1198 1565 1245 tuam
1588 1206 1603 1254 ;

236 1284 421 1367 Atque
454 1283 646 1346 oculos
677 1283 854 1345 oculis
879 1298 1124 1369 spectare
1150 1282 1455 1345 fatentibus
1484 1283 1684 1361 ignem.

318 1380 473 1464 Saepe
504 1395 689 1442 tacens
718 1404 910 1441 vocem
935 1381 1212 1464 verbaque
1239 1378 1427 1440 vultus
1456 1379 1641 1440 habet.

237 1478 344 1537 Fac
369 1477 584 1560 primus
612 1478 794 1561 rapias
820 1476 971 1539 illius
1003 1492 1146 1539 tacta
1167 1475 1386 1539 labellis
1940 1494 2020 1549 575

319 1572 556 1646 Pocula3
588 1596 805 1658 quaque
833 1573 995 1634 bibet
1022 1589 1176 1658 parte
1207 1573 1422 1658 puella,
1451 1572 1632 1632 bibas.

239 1672 315 1732 Et
345 1671 733 1756 quodcumque
765 1672 876 1734 cibi
901 1671 1091 1751 digitis
1120 1670 1375 1733 libaverit
1402 1669 1529 1743 illa,

239 1817 463 1865 Helmoest.
479 1819 589 1861 Pars
604 1821 742 1862 altera
756 1821 918 1862 clamat
925 1820 1085 1862 echion.

241 1884 327 1928 Alii
344 1883 529 1940 codices,
536 1901 642 1941 pars
650 1887 787 1930 Eeion
795 1887 901 1930 Evie
913 1889 1083 1938 clamat,

237 1957 283 1992 et
302 1948 368 1993 his
387 1948 543 1994 similia
557 1983 569 2005 ,
588 1966 685 2007 quae
701 1967 930 1995 recensere
950 1950 1086 1995 odio—

237 2029 334 2058 sum
343 2015 470 2067 soret.
484 2014 637 2071 Quare
650 2016 776 2060 scribi
786 2016 919 2060 etiam
930 2025 1086 2074 posset:

237 2086 370 2128 Hymen
379 2096 454 2128 pn·
467 2088 643 2142 l-lymenaee
655 2095 776 2118 canunt
786 2112 796 2126 ‚
811 2099 885 2130 pan
900 2088 982 2120 Evie
994 2099 1071 2120 evoe

239 2145 349 2196 Vel,
372 2148 497 2197 Euan
516 2164 614 2192 evoe
627 2181 637 2200 ‚
659 2146 729 2191 vel
746 2149 852 2199 Essie
871 2150 995 2191 Euan
1010 2164 1022 2190 :
1038 2157 1087 2192 ut

239 2218 283 2254 et
297 2211 410 2268 apud
422 2211 694 2266 Lucretium,
705 2211 777 2256 lib.
788 2227 834 2267 V,
853 2215 955 2269 742:
973 2216 1091 2257 Gra-

239 2278 354 2319 diiur
365 2280 496 2320 sernul
509 2278 643 2321 Euius
661 2279 798 2321 Euan.
820 2277 1026 2335 Denique
1049 2283 1091 2324 ro*

240 2343 429 2384 clamant
436 2340 586 2385 mendi
599 2351 847 2399 suspectum
858 2352 939 2397 est,
954 2360 1092 2401 quum

242 2404 295 2447 ad
312 2410 353 2449 τὸ
364 2412 524 2449 canunt
532 2407 688 2449 referri
706 2408 855 2451 omnia
874 2409 1092 2452 concinne

243 2470 406 2527 possint
423 2488 434 2523 3
456 2487 589 2528 quare
609 2473 875 2529 persuadeor
889 2506 900 2528 ,
923 2483 974 2517 ut
986 2491 1091 2518 cre·-

244 2535 346 2579 dam
363 2535 588 2580 Nasonem
605 2538 819 2595 scripsisse
842 2555 852 2582 :

243 2609 320 2639 Pars
327 2607 507 2652 Hymenoee
517 2617 651 2650 cnnnnt,
663 2621 736 2651 pars
743 2611 835 2642 Evan
845 2611 926 2642 Evie
932 2611 1032 2642 Evae.
1044 2613 1088 2644 Η.

244 2668 399 2713 -Ὺὶὰ
410 2670 464 2714 ad
477 2670 612 2728 Epist.
631 2684 715 2725 ΧΗ,
732 2671 828 2726 1433
845 2680 990 2722 etxw,
1002 2689 1090 2729 127.

299 2734 394 2779 565.
411 2737 525 2792 Ergo
542 2740 620 2780 ubi
632 2741 892 2791 contigerint.
916 2738 1091 2780 Contin-

242 2806 342 2854 gent
363 2800 529 2846 Moreti
559 2813 603 2847 et
633 2813 719 2848 tres
750 2803 820 2847 alii
837 2821 846 2855 ;
874 2808 1095 2859 conltgreril

246 2863 350 2908 alius
369 2867 507 2911 :forte
525 2902 536 2923 ,
555 2875 832 2925 contigerunt,
855 2870 964 2914 utin
979 2869 1089 2913 libro

247 2929 318 2974 111
341 2929 473 2975 Trist.
494 2932 613 2992 Eleg.
633 2949 705 2990 xx,
734 2952 783 2994 ¹9
802 2952 812 2979 :

246 2995 331 3036 Ergo
346 2995 403 3027 ubi
417 2999 584 3038 prospexit
604 3001 766 3032 venientia
778 3003 861 3034 vela.

301 3055 394 3099 568.
413 3059 670 3112 Nejubeant
685 3066 932 3118 capitivina
945 3079 1090 3107 nocere

246 3125 329 3162 luo.
349 3119 541 3178 Scaliger
559 3125 770 3168 scribebat
786 3142 796 3169 :

285 3186 337 3218 Ne
351 3186 485 3217 subeant
497 3189 595 3229 capiti
606 3191 682 3221 vina
693 3191 808 3223 nociva
822 3199 891 3224 tuo.

249 3247 456 3291 Heinsius
479 3265 583 3292 vcro
597 3283 609 3304 ,
632 3266 685 3293 nc
703 3255 881 3296 sobeant
895 3269 1050 3297 nocere.

303 3313 396 3371 569.
423 3316 614 3359 Sermone
631 3320 804 3361 licentia
825 3325 946 3362 lecto.
970 3320 1090 3363 Meto

192 3372 199 3377 ⁸
249 3379 416 3438 Bersm.
451 3389 537 3424 tres
566 3381 674 3424 libri.
702 3381 960 3426 Gebhardus
985 3399 1088 3428 vero

1166 1833 1352 1862 sermone
1357 1820 1531 1861 lic-entia
1538 1814 1721 1859 teclaEt
1733 1814 1790 1858 ita
1801 1814 1844 1858 in
1857 1813 2023 1857 duobus

1169 1883 1306 1928 Palat.
1327 1891 1373 1927 et
1392 1881 1660 1926 Commelin.
1678 1879 1869 1938 Quintil.
1886 1879 1962 1922 lib.
1982 1893 1995 1921 ι
2012 1912 2022 1929 ,

1170 1949 1275 1993 Inst.
1299 1966 1323 1992 2
1341 1965 1351 1992 ι
1377 1949 1634 1999 Gaude-mus,
1653 1952 1699 1990 si
1711 1948 1815 2003 quid
1827 1949 2024 1988 le'ccnlius

1167 2016 1361 2057 dhe-rint.
1399 2013 1473 2058 Sic
1514 2017 1667 2057 liccnlc
1715 2014 1836 2055 lut-ba
1867 2009 2022 2054 Senec.

1171 2079 1304 2138 Hipp.
1330 2080 1423 2137 780.
1447 2078 1678 2129 Claudian.
1700 2079 1882 2122 Fescen.
1915 2092 1991 2119 uo
2014 2093 2021 2116 τ

1208 2155 1444 2196 Perminioque
1456 2156 1537 2195 joci»
1554 2154 1655 2186 turba
1668 2153 1822 2185 licentior
1834 2176 1844 2190 ,

1250 2215 1401 2246 Eunu-t
1416 2216 1539 2246 tetrici·
1555 2215 1663 2247 libera
1676 2215 1814 2255 legibus.

1226 2278 1275 2333 57
1286 2271 1318 2319 ιζ
1346 2278 1616 2320 perscribere.
1638 2278 1913 2320 prescribere
1927 2275 2018 2319 Re-

1171 2340 1264 2398 gius
1284 2357 1387 2384 cum
1407 2351 1597 2397 quatuor
1616 2341 1708 2384 aliis
1725 2358 1735 2384 :
1756 2342 1819 2385 nil
1838 2351 1978 2386 muto.

1229 2405 1322 2463 573.
1351 2407 1595 2448 Faicnlibus
1607 2411 1755 2462 ignem.
1774 2409 2021 2451 Fon-atibus

1175 2478 1261 2513 tres
1278 2469 1378 2513 libri
1393 2469 1494 2514 :sed
1514 2470 1684 2528 vulgata
1701 2487 1794 2514 non
1814 2480 1880 2515 est
1895 2472 2021 2516 solli-

1116 2550 1118 2553 ·
1172 2533 1358 2578 citanda.
1380 2535 1558 2580 Hssms..

1240 2602 1334 2658 575.
1373 2603 1464 2644 Fac
1489 2605 1661 2656 primus.
1698 2601 1878 2646 Lucian.
1910 2603 2023 2646 Dial.

1173 2665 1375 2709 Deorum
1392 2679 1438 2719 V,
1453 2666 1526 2709 ubi
1548 2667 1685 2723 ipsam
1705 2668 1954 2722 Junonem,
1970 2669 2025 2712 is·-

1173 2730 1380 2779 tiusmodi
1396 2731 1585 2786 delicias,
1600 2733 1846 2776 amantibus
1862 2733 2022 2788 solitas,

1171 2797 1331 2840 marito
1349 2813 1429 2840 suo
1450 2796 1760 2852 objicientem,
1794 2806 1838 2840 et
1861 2798 1922 2842 sic
1944 2798 2021 2841 lo-

1172 2872 1385 2919 quentem
1415 2861 1613 2904 inducit:
1634 2870 1764 2907 Ενίοτε
1790 2869 1829 2908 σ”ε
1846 2871 1913 2908 καὶ
1936 2866 2006 2908 eit:

1171 2930 1397 2984 γευσάμενος
1414 2931 1549 2983 μένον,
1571 2932 1666 2970 iubat
1647 2949 1713 2976 κας
1733 2932 1825 2973 ε’κείν
1829 2950 1882 2988 ῳ,
1903 2929 2023 2987 (Ga-

1170 2991 1366 3053 nsmedl')
1394 3000 1461 3037 καὶ
1479 2996 1623 3041 κιόντος
1641 2995 1835 3039 ἄκολαέὼν
1858 3004 1925 3047 τὴν
1944 3018 2023 3041 κυ-

1171 3066 1258 3105 λικα
1274 3093 1285 3114 ,
1303 3063 1386 3104 ἴσον
1400 3063 1592 3103 ὑπόλοιπον
1612 3063 1646 3103 ἕν
1667 3061 1762 3126 &uz-5
1782 3070 1922 3117 πίνεις,
1946 3067 2023 3107 ὅθεν

1171 3146 1236 3169 καί
1257 3126 1302 3167 ἄν
1284 3129 1365 3172 ,Ιτὲς
1393 3129 1496 3177 ἔπιε)
1526 3132 1592 3169 καὶ
1613 3147 1649 3168 5³⁸0
1631 3136 1697 3170 Ἆρα
1718 3132 1846 3190 πρθσῆ
1846 3148 1954 3184 ἰμθσε
1974 3147 2028 3176 T&

1172 3197 1283 3246 χείλη
1307 3222 1321 3243 ,
1357 3195 1420 3232 ’να
1450 3197 1518 3234 καὶ
1535 3210 1645 3250 πινῃς
1666 3194 1774 3247 ἅμα,
1803 3202 1869 3239 καὶ
1900 3202 2022 3258 σιλῇς.

1174 3254 1335 3312 Quod
1326 3270 1468 3311 ipsum
1489 3254 1658 3312 planius
1671 3258 1805 3300 etiam
1823 3259 1984 3303 habes
1973 3276 2019 3302 m

1174 3320 1359 3378 Apuleio
1381 3319 1452 3362 lib.
1469 3334 1524 3375 x,
1544 3321 1729 3366 Metam.

1229 3385 1319 3440 576.
1347 3387 1516 3441 Quaque
1536 3389 1649 3429 baebil.
1669 3390 1799 3431 Bibe!
1811 3389 2001 3445 potiores
2003 3407 2017 3442 3
