2268 3776
712 321 994 379 INDEX
1054 319 1539 397 SPECIALls.
1908 324 2013 390 455
2080 369 2085 371 ,

1910 419 1973 462 Pa
2005 453 2017 462 .

243 498 443 547 ELEGIA
462 497 570 569 XV.
587 494 667 545 Ad
689 493 938 545 Annulum
953 530 968 558 ‚
1001 511 1145 561 quem
1168 494 1329 546 amicae
1356 495 1488 544 dono
1513 493 1715 544 miserat.
1730 528 1742 541 .
1761 527 1774 541 .
1796 528 1808 540 .
1828 530 1842 543 .
1929 437 2019 545 ¹381

310 635 377 646 -
455 606 589 655 XVI.
627 603 706 653 Ad
733 603 974 668 Amicam,
995 614 1048 653 ut
1073 603 1303 653 Sulmone
1326 603 1631 652 rusticantem
1651 602 1842 654 invisat.
1927 603 2023 665 134

313 738 381 749 --
450 709 608 758 XVII.
645 708 719 757 De
740 707 952 757 Corinna
970 706 1213 774 queritur,
1247 706 1447 757 nimium
1467 706 1531 757 ob
1547 706 1712 758 formae
1734 726 1855 775 prae-

525 798 741 849 stantiam
774 795 1076 864 superbiente
1085 830 1843 847 .......................
1929 795 2025 866 ¹39

315 935 382 946 --
451 908 641 957 XVIII.
680 904 759 956 Ad
786 907 1001 955 Macrum
1032 926 1044 955 :
1071 915 1261 956 excusat
1289 922 1337 955 se
1355 942 1370 967 ‚
1398 906 1531 972 quod
1556 915 1688 956 totus
1714 905 1776 956 sit
1806 905 1859 955 in

531 994 789 1047 scribendis
816 994 1078 1045 Amoribus
1089 1027 1846 1045 .......................
1933 995 2026 1058 142

318 1138 386 1151 -
454 1112 590 1162 XIX.
630 1110 709 1161 Ad
736 1111 984 1179 quemdam
1002 1148 1017 1175 ‚
1041 1111 1177 1179 cujus
1202 1128 1400 1162 uxorem
1428 1111 1607 1162 amabat
1610 1146 1850 1162 ........
1936 1111 2034 1174 146

816 1305 1058 1382 Lmen
1106 1305 1480 1356 TERTlns.

319 1499 388 1511 —
456 1473 499 1524 I.
525 1471 843 1526 Contendunt
868 1477 994 1526 inter
1012 1494 1060 1527 se
1089 1477 1147 1527 dc
1163 1476 1341 1529 Ovidio
1355 1474 1604 1551 Tragoetlia
1623 1487 1672 1526 et
1685 1477 1866 1546 Elegia,
1933 1525 1937 1533 Ἃ

522 1574 626 1615 utra
651 1583 792 1615 suum
815 1565 1022 1618 vindicet
1030 1598 1859 1618 .........................
1942 1564 2034 1616 151

325 1697 393 1710 —
463 1671 531 1720 II.
569 1670 696 1720 Ludi
722 1670 969 1722 Circenses
973 1703 1861 1722 ...........................
1947 1669 2040 1739 157

325 1801 394 1811 —
465 1775 559 1823 111.
598 1776 655 1823 In
683 1773 925 1839 Amicam,
947 1793 1055 1843 quae
1078 1776 1367 1843 pejeraverat
1376 1807 1863 1823 ...............
1948 1770 2043 1823 165

329 1902 398 1914 -
469 1878 554 1926 IV.
594 1877 819 1927 Maritum
852 1877 1022 1945 puellae
1047 1888 1242 1940 monet,
1266 1894 1325 1926 ne
1354 1877 1555 1927 excubet
1578 1887 1740 1929 custos
1764 1878 1880 1928 dili-

531 1965 721 2034 gentior
729 1998 1863 2017 ..................................
1950 1963 2045 2034 169

328 2087 397 2103 -
463 2065 527 2115 V.
564 2065 839 2116 Somnium.
866 2099 1864 2118 ..............................
1949 2066 2046 2134 173

332 2196 399 2209 —
465 2168 554 2218 Vl.
594 2168 674 2218 Ad
702 2168 939 2231 Amnem,
966 2170 1049 2236 qui
1079 2180 1275 2237 repente
1312 2180 1361 2220 et
1398 2171 1569 2220 mirum
1598 2172 1648 2219 in
1681 2171 1877 2221 modum

541 2267 708 2306 auctus
724 2293 739 2319 ‚
760 2256 974 2307 obstabat
996 2275 1095 2323 quo
1116 2257 1330 2307 celeriter
1353 2258 1509 2308 minus
1530 2269 1671 2326 poeta
1690 2258 1747 2307 ad
1764 2259 1878 2308 ami-

539 2363 640 2395 cam
666 2355 943 2412 properaret
948 2378 1870 2396 ............................
1955 2366 2046 2415 177

340 2479 406 2488 —
472 2450 589 2500 Vll.
626 2453 686 2500 In
710 2468 759 2500 se
785 2450 939 2517 ipsum
956 2486 970 2513 ‚
992 2448 1125 2516 quod
1153 2448 1241 2500 sibi
1265 2449 1389 2516 apud
1416 2450 1610 2499 amicam
1629 2449 1871 2500 defuerit..
1955 2449 2051 2501 186

342 2585 409 2595 --
477 2557 621 2606 VIII.
658 2554 738 2604 Ad
769 2554 972 2622 puellam
990 2591 1005 2616 ‚
1029 2572 1137 2620 quae
1166 2553 1388 2603 ditiorem
1413 2554 1590 2603 Ovidio
1627 2565 1883 2605 amatorem

546 2642 818 2710 praetulerat
823 2674 1874 2693 ................................
1961 2645 2057 2715 193

342 2785 413 2798 -
482 2758 573 2807 ΙΧ.
610 2758 669 2805 In
697 2755 879 2805 Tibulli
906 2765 1109 2806 mortem
1119 2788 1879 2807 .......................
1966 2757 2061 2828 198

282 2862 489 2913 ANGEm
519 2862 802 2912 Pon‘rmm
827 2860 883 2909 de
906 2859 1048 2910 exilio
1072 2870 1120 2910 et
1143 2871 1296 2910 morte
1326 2860 1516 2909 Ovmu
1553 2861 1717 2929 Elegia
1727 2896 1876 2910 .....
1958 2862 2058 2912 205

282 2972 484 3021 ELEGIA
510 2973 574 3022 X.
611 2971 691 3022 Ad
721 2972 944 3022 Cererem
975 2992 986 3022 ε
1023 2971 1242 3038 queritur
1275 2970 1407 3037 quod
1445 2970 1570 3020 illius
1612 2972 1752 3021 sacris
1784 2990 1892 3021 cum

554 3061 696 3110 amica
720 3061 946 3110 interesse
975 3059 1064 3110 sibi
1090 3079 1191 3110 non
1214 3060 1349 3109 liceat
1356 3093 1878 3110 ................
1961 3060 2060 3111 206

350 3202 418 3215 -·
485 3175 575 3224 XI.
595 3174 792 3224 Fractus
805 3173 991 3222 tandem
1003 3172 1262 3222 innumeris
1281 3170 1452 3239 puellae
1463 3190 1562 3221 suae
1574 3173 1892 3237 contumeliis,

555 3261 808 3330 profitetur
830 3270 971 3327 poeta
991 3278 1039 3309 se
1052 3278 1297 3327 nunquam
1316 3271 1479 3326 postea
1502 3271 1783 3310 amaturum.
1806 3298 1817 3308 .
1838 3297 1852 3309 .
1872 3299 1884 3310 .
1966 3281 2065 3312 210

356 3390 424 3405 —
492 3365 609 3412 XII.
625 3362 975 3413 Doletamicam
989 3361 1186 3411 nimium
1196 3361 1477 3412 carminibus
1488 3363 1586 3411 suis
1601 3362 1864 3412 innotuisse
1874 3399 1891 3433 2
1969 3382 1995 3411 2
2008 3363 2067 3424 14,

361 3498 426 3508 —-—
494 3469 638 3517 XIII.
675 3466 888 3518 ,Iunonia
912 3483 1036 3517 sacra
1042 3500 1888 3518 ..........................
1970 3486 2065 3533 217
