2268 3776
282 306 392 361 306
745 306 810 356 P.
868 304 1158 359 OVIDII
1210 303 1587 360 NASONIS

367 421 622 503 Gausapa
651 419 699 478 si
729 419 960 491 sumsit,
996 443 1237 502 gausapa
1267 435 1449 481 sumta
1477 421 1674 504 proba.

1986 442 2067 484 300

277 517 573 580 Adstiterit
604 516 889 577 tunicata?
917 541 1105 577 moves
1138 517 1424 590 incendia,
1456 517 1666 579 clama!

358 616 468 676 Sed
499 614 691 674 timida
710 661 724 687 ,
758 629 944 674 caveat
971 613 1214 693 frigora,
1247 638 1380 675 voce
1411 639 1564 694 roga.

279 711 670 794 Compositum
700 709 993 772 discrimen
1023 711 1170 771 erit?
1201 709 1521 771 discrimina
1549 710 1748 772 lauda:

355 807 607 867 Torserit
631 807 769 884 igne*
791 809 1045 867 comam?
1077 821 1222 866 torte
1253 805 1451 889 capille
1469 853 1484 878 ,
1509 805 1685 889 place.

274 905 510 966 Brachia
540 904 789 964 saltantis
809 952 824 977 ,
849 929 1039 965 vocem
1066 904 1266 964 mirare
1299 905 1579 965 canentis:

1984 926 2068 969 305

357 1006 464 1076 Et,
498 1003 651 1086 quod
682 1002 935 1075 desierit,
967 1002 1137 1063 verba
1169 1003 1452 1085 querentis
1481 1002 1644 1064 habe.

276 1105 440 1185 Ipsos
471 1101 834 1173 concubitus,
858 1101 1044 1183 ipsum
1074 1124 1331 1161 venerere
1360 1099 1555 1160 licebit

360 1198 535 1279 Quod
560 1199 744 1280 juvat3
776 1212 830 1258 et
862 1196 1088 1280 querula
1122 1197 1322 1276 gaudia
1350 1222 1485 1258 voce
1511 1212 1692 1259 notes.

279 1298 359 1356 Ut
387 1295 555 1356 fuerit
585 1311 739 1356 torva
768 1295 1066 1356 violentior
1094 1294 1189 1355 illa
1220 1295 1490 1369 Medusa,

331 1482 426 1524 300.
461 1483 671 1535 Gausapa
688 1484 734 1522 si
753 1485 913 1523 sumsit.
944 1479 1130 1536 Agnos-

276 1557 383 1593 cunt
420 1547 500 1590 tria
532 1546 821 1590 Grammatici
851 1562 860 1586 ε
898 1548 1129 1600 Gausapa,

281 1618 481 1668 Gausape
505 1647 516 1664 ‚
558 1615 817 1668 Gausapum.
854 1611 958 1654 Fuit
991 1611 1134 1654 vesti—

280 1687 484 1723 mentum
518 1694 568 1720 ex
603 1678 752 1735 pingui
787 1694 836 1720 ac
866 1676 1001 1720 densa
1035 1677 1135 1720 lana

279 1752 572 1800 compactum,
592 1752 635 1785 et
653 1760 703 1785 ex
718 1759 806 1785 una
821 1751 893 1785 tan
902 1751 996 1785 tum
1011 1751 1134 1799 parte

277 1812 502 1861 villosum3
522 1825 628 1850 nam
647 1808 763 1864 quod
786 1808 996 1864 utrinque
1013 1808 1135 1851 villos

280 1876 480 1929 habebat,
492 1876 806 1931 amphimallum
818 1888 954 1930 graece
968 1873 1136 1917 dictum

281 1951 357 1985 est.
383 1941 551 1984 Plinius
569 1973 580 1995 ,
602 1952 692 1981 vlu
709 1971 720 1992 ‚
745 1940 810 1997 49.

333 2009 387 2050 30
395 2025 409 2049 1
419 2042 428 2050 .
441 2008 584 2049 Mones
592 2005 971 2049 mcendm.Totum
983 2020 1055 2047 me
1065 2003 1137 2046 in·-

280 2071 445 2125 cendis,
469 2070 570 2127 quia
591 2086 688 2112 rara
706 2078 840 2124 veste,
864 2078 909 2112 et
928 2084 1136 2126 magnam

281 2145 452 2195 partem
483 2135 603 2178 nuda
645 2135 917 2191 conspiceris.
965 2133 1135 2176 Tunica

280 2204 399 2246 enim
415 2211 577 2259 pectus,
594 2201 769 2244 brachia
782 2209 825 2243 et
839 2216 1020 2245 crurum
1032 2215 1137 2255 par-

283 2279 375 2312 tem
396 2284 489 2311 non
508 2267 741 2309 minimam
756 2266 924 2309 sinebat
935 2265 1137 2322 conspici.

347 2333 443 2376 303.
490 2335 772 2387 Composilum
807 2333 1041 2373 discrimen.
1083 2330 1137 2372 ln

283 2398 516 2442 Hasniensi
543 2407 587 2440 et
608 2396 995 2450 Francosurtensi,
1015 2412 1138 2452 quum

273 2469 460 2521 positum
481 2466 705 2506 discrimen
721 2467 827 2516 erin
855 2461 975 2518 quod
995 2477 1135 2518 praes-

282 2540 374 2573 tare
397 2538 517 2585 puto.
540 2531 792 2584 Componere
812 2527 933 2570 enim
965 2536 1139 2572 certum

285 2604 493 2638 ornatum
507 2602 633 2636 notat
645 2627 656 2648 ,
674 2610 813 2649 quum
824 2594 966 2636 crines
982 2593 1028 2636 in
1044 2593 1140 2635 cin-

283 2661 437 2703 cinnos
460 2667 504 2701 et
524 2658 679 2716 gradus
700 2667 804 2701 sunt
827 2658 927 2701 flexi
945 2675 955 2710 ;
977 2657 1053 2700 sed
1083 2657 1137 2701 de

282 2725 355 2767 illo
377 2724 448 2768 hie
474 2723 679 2766 nondum
713 2723 854 2780 agitur
872 2756 883 2776 ,
906 2731 948 2765 at
980 2723 1026 2764 in
1059 2740 1138 2766 se—

284 2790 438 2846 quenti
466 2797 757 2846 pentametro.
787 2789 944 2844 Neque
976 2790 1139 2830 discri-

286 2871 378 2897 men
397 2853 514 2896 aliud
536 2863 691 2896 notare
711 2852 885 2896 videtur
898 2885 909 2907 ,
926 2869 1059 2908 quam
1075 2869 1140 2896 ca-

286 2920 439 2976 pillum
452 2920 623 2976 pectine
641 2918 913 2973 extricatum,
928 2926 972 2961 et
987 2920 1142 2960 dzlrcri-

285 2991 501 3041 minatum,
518 2986 564 3029 id
575 2995 654 3041 est,
672 2985 859 3028 divisum
871 2986 918 3028 in
934 2984 1055 3039 duas,
1071 2983 1140 3026 vel

285 3053 431 3109 plures
453 3062 608 3109 partes.
629 3054 967 3094 Discerniculum
995 3052 1150 3105 capilli

285 3127 411 3160 vocat
424 3118 661 3171 Nonius,et
673 3117 990 3173 interpretatur
999 3132 1136 3169 acum,

284 3200 372 3241 quoe
395 3186 575 3237 capillos
596 3185 811 3224 mulierum
837 3188 936 3224 ante
951 3182 1140 3238 frontem

285 3251 439 3291 dividit
454 3264 466 3290 ,’
484 3248 558 3290 ubi
578 3249 691 3290 sorte
712 3246 868 3289 melius
886 3279 897 3301 ,
921 3263 950 3288 a
959 3246 1135 3301 sronle;

286 3323 330 3356 et
351 3313 409 3355 ita
425 3313 472 3355 in
493 3313 681 3368 antiquis
703 3312 865 3355 Glossis
885 3345 895 3366 ,
918 3314 1140 3354 dztccrzbnen

290 3380 546 3433 ἄᾏκκτέυισμα
561 3411 572 3433 ‚
599 3378 805 3439 διάκριμνα
824 3378 1023 3419 vertitur.
1047 3376 1098 3418 B.

333 3443 425 3497 304.
438 3445 560 3486 Torle
569 3445 733 3497 capille,
747 3445 906 3496 places.
916 3443 1047 3484 Place
1057 3441 1141 3484 Re-

1213 1479 1307 1537 gius
1325 1488 1371 1523 et
1388 1487 1478 1524 tres
1489 1479 1575 1536 alii,
1591 1497 1694 1525 cum
1708 1481 1850 1539 prima
1863 1483 2070 1528 editione.

1268 1545 1363 1588 305.
1394 1548 1441 1588 V
1431 1561 1605 1589 enerere.
1619 1548 1771 1590 M'rere
1784 1546 1814 1590 J
1818 1549 1909 1592 unii
1925 1582 1936 1605 ,
1955 1551 2071 1593 Vos-

1213 1609 1263 1653 sii
1284 1618 1329 1653 et
1351 1625 1466 1654 unus
1486 1610 1737 1656 Beruensis.

1272 1675 1367 1718 306.
1394 1678 1532 1719 Verba
1543 1682 1752 1733 querentur
1764 1687 1846 1722 etc.
1869 1679 2072 1725 Dolentis

1216 1740 1376 1784 scilicet
1391 1774 1402 1795 ,
1426 1741 1545 1798 quod
1567 1750 1657 1785 tam
1674 1743 1760 1787 cito
1783 1747 1964 1788 desieril.

1274 1806 1370 1849 308.
1389 1809 1454 1850 Et
1465 1810 1636 1863 querula
1644 1811 1806 1863 gaudia
1824 1827 1926 1853 voce
1942 1816 2070 1854 notes.

1218 1871 1288 1915 De
1316 1875 1489 1928 querula
1514 1890 1618 1916 voce
1644 1874 1735 1930 jam
1763 1886 2039 1932 praecesserat
2058 1911 2068 1926 ,

1219 1954 1357 1993 quum
1394 1938 1529 1982 dixit:
1558 1943 1686 1982 verba
1718 1945 1923 1996 querenlzls
1954 1944 2074 1984 habe.

1218 2002 1378 2060 Scripti
1397 2036 1408 2057 ,
1431 2010 1476 2046 el
1487 2007 1675 2060 quaedam
1691 2008 1853 2060 gaudia
1875 2023 1976 2049 voce
1995 2024 2074 2050 no-

1216 2074 1313 2121 les‚·
1338 2068 1433 2122 vel,
1471 2075 1517 2110 el
1543 2071 1732 2125 qua-dam
1766 2074 1929 2125 gaudia
1956 2076 2074 2115 vocis

1218 2137 1337 2178 habe.
1359 2135 1452 2179 Nisi
1475 2135 1593 2192 quod
1624 2137 1788 2195 Regius
1814 2147 1859 2182 et
1885 2148 2074 2195 quatuor

1220 2200 1290 2243 alii
1311 2216 1413 2244 cum
1436 2201 1466 2243 J
1471 2201 1583 2244 ureti
1604 2218 1653 2245 ac
1675 2202 1882 2260 Scaligeri
1904 2221 2074 2263 excerp-

1219 2264 1272 2308 tis
1289 2297 1301 2320 ,
1322 2268 1510 2321 qua-dam
1520 2269 1681 2322 gaudia
1691 2273 1829 2311 noctis
1846 2271 1978 2313 habe:
1993 2287 2076 2313 ne-

1221 2346 1306 2386 que
1341 2330 1467 2373 aliter
1496 2331 1638 2387 prima
1668 2331 1815 2375 editio.
1854 2335 2075 2378 Praeterea

1221 2411 1336 2438 unus
1364 2411 1490 2439 meus
1510 2396 1763 2440 chartaceus
1781 2430 1794 2452 ,
1814 2405 1858 2441 el
1883 2416 1974 2455 quae
1995 2403 2076 2443 das

1216 2463 1379 2516 gaudia
1393 2465 1512 2504 vocis
1525 2464 1643 2505 habe.
1659 2462 1800 2507 Locus
1812 2463 1930 2506 haud
1944 2464 2075 2509 dubie

1221 2537 1479 2585 corruptus;
1503 2528 1612 2572 nihil
1640 2537 1789 2572 tamen
1819 2547 1940 2574 nunc
1967 2547 2074 2575 suc-

1221 2594 1374 2646 currit,
1387 2592 1505 2649 quod
1516 2595 1849 2638 convenientius
1858 2596 1928 2650 sit,
1942 2596 2071 2651 quam

1220 2659 1256 2701 si
1275 2658 1464 2716 refingas
1483 2675 1492 2702 ε
1515 2665 1640 2715 atque
1657 2662 1762 2701 dala
1776 2662 1940 2714 gaudia
1954 2665 2076 2702 nocte

1214 2727 1379 2778 probes.
1399 2725 1518 2766 Dare
1540 2730 1702 2767 noctem
1731 2722 1778 2766 in
1806 2741 1855 2767 re
1884 2740 2074 2767 venerea

1220 2789 1443 2832 usitatum.
1464 2790 1632 2833 Hssms.
1654 2790 1788 2833 Forte
1809 2790 2073 2848 legendum:

1403 2858 1446 2887 Et
1461 2868 1533 2905 quie
1550 2856 1604 2887 dat
1620 2856 1737 2896 gaudia
1751 2880 1762 2895 ,

1222 2918 1301 2962 Illa
1322 2917 1476 2975 gaudia
1491 2951 1502 2973 ,
1525 2934 1621 2975 quae
1641 2918 1718 2964 tibi
1737 2917 1835 2973 dat,
1858 2927 1901 2961 te
1923 2919 2073 2975 juvare

1223 2983 1359 3039 proba
1377 2983 1536 3026 blanda
1557 2993 1601 3026 et
1621 2983 1831 3026 amatoria
1846 2999 1952 3026 voce
1970 3001 1980 3035 ;
2001 2983 2075 3026 sed

1223 3059 1271 3091 ut
1293 3048 1383 3105 ipse
1405 3058 1554 3106 postea
1585 3049 1739 3106 puellis
1758 3049 1951 3106 praecipit
1972 3082 1984 3104 ,
2004 3049 2077 3091 lib.

1225 3127 1283 3156 111
1301 3147 1312 3168 ,
1337 3113 1432 3156 Art.
1458 3117 1535 3172 755
1556 3130 1565 3157 :

1221 3184 1291 3215 Nec
1305 3183 1428 3213 blandae
1437 3194 1530 3214 voces
1538 3184 1548 3224 j
1556 3183 1747 3225 ucundaque
1755 3194 1924 3213 murmura
1938 3188 2074 3213 cessent.

1789 2868 1868 2888 voce
1886 2857 1998 2898 proba.

1279 3247 1373 3304 3⁰9-
1410 3245 1612 3300 Ulfueril
1628 3251 1746 3288 lorea
1765 3248 1986 3287 violentior
2000 3246 2079 3286 illa

1223 3313 1416 3353 Medusa.
1442 3313 1672 3353 Violenlt'or
1684 3313 1763 3352 illa
1777 3313 1932 3353 Creiisa
1942 3342 1952 3360 ‚
1965 3324 2077 3350 unus

1224 3375 1396 3418 Heinsii
1414 3392 1424 3427 ;
1445 3378 1732 3427 truculentior,
1753 3374 1937 3418 Palatin.
1955 3389 1965 3425 ;
1982 3388 2078 3414 cru-

1223 3444 1375 3492 delier,
1398 3441 1631 3483 Junianus.
