2268 3776
648 325 1041 382 AMORUM
1091 325 1139 379 Ι.
1194 324 1440 380 ELEG.
1489 325 1566 380 X.
1917 333 1980 387 51

193 449 280 508 'Et
304 445 519 520 vendit,
555 444 710 529 quod
737 458 1038 527 utrumque
1064 442 1244 524 juvat,
1278 442 1430 527 quod
1462 457 1694 528 uterque
1724 448 1950 529 petebat
1975 476 1987 523 ;

286 548 363 608 Et
383 544 650 630 pretium,
687 542 880 627 quanti
912 540 1149 621 gaudeat
1176 541 1325 625 ipsa,
1357 540 1503 602 facit.

206 643 348 724 Quae
376 643 566 703 Venus
596 664 662 703 ex
688 663 847 723 aequo
877 653 1109 700 ventura
1137 652 1222 700 est
1250 652 1409 718 grata
1434 637 1686 714 duobuS,

287 737 480 800 Altera
508 762 608 800 cur
636 736 787 798 illam
815 736 1034 810 vendit,
1068 751 1124 798 et
1152 734 1291 797 alter
1318 735 1489 797 emit?

209 835 326 897 Cur
350 834 489 898 mihi
519 834 594 895 sit
621 833 854 907 damno,
888 833 996 894 tibi
1026 833 1099 894 sit
1128 831 1348 894 lucrosa
1376 830 1661 916 voluptas,
1943 855 1998 898 35.

285 932 472 1013 Quam
500 932 653 993 socio
684 946 844 992 motu
873 930 1078 993 femina
1105 931 1299 1015 virque
1330 929 1561 992 serunt?

204 1028 335 1090 Non
363 1029 506 1091 bene
537 1028 800 1090 conducti
827 1028 1077 1091 vendunt
1102 1027 1346 1112 perjuria
1376 1040 1543 1087 testes
1569 1051 1583 1087 :

282 1127 415 1188 Non
442 1127 586 1188 bene
615 1125 802 1188 selecti
828 1125 1033 1209 judicis
1064 1147 1187 1186 arca
1214 1139 1387 1208 patet.

200 1222 389 1306 Turpe
406 1268 421 1297 ,
453 1246 582 1284 reos
609 1237 754 1285 emta
783 1222 1019 1285 miseros
1047 1220 1341 1283 defendere
1366 1219 1558 1300 lingua
1581 1245 1595 1281 ε

283 1320 458 1401 Quod
486 1320 651 1383 faciat
676 1344 932 1401 magnas,
968 1335 1161 1405 turpe,
1193 1317 1444 1381 tribunal
1475 1342 1645 1403 opes:
1941 1340 1995 1394 4«.

199 1418 416 1502 Turpe,
450 1418 559 1479 tori
582 1417 764 1480 reditu
797 1441 996 1480 census
1028 1442 1229 1497 augere
1258 1430 1553 1501 paternos»,

283 1518 358 1577 Et
386 1516 583 1578 faciem
610 1515 767 1577 lucro
798 1515 1161 1599 prostituisse
1188 1538 1360 1576 suam.

206 1614 396 1678 Gratia
420 1637 527 1698 pro
558 1614 726 1675 rebus
755 1614 954 1675 merito
988 1612 1227 1674 debetur
1256 1611 1520 1695 inemptis
1544 1636 1559 1671 ε

284 1711 397 1773 Pro
426 1710 566 1772 male
597 1711 876 1772 conducto
909 1709 1086 1789 gratia
1115 1707 1270 1770 nulla
1300 1722 1441 1769 toro.

205 1809 411 1870 Omnia
441 1809 749 1870 conductor
778 1806 944 1869 solvit
969 1805 1255 1867 :mercede
1285 1803 1473 1867 soluta
1937 1828 1994 1883 45

282 1905 414 1966 Non
439 1919 626 1966 manet
654 1902 837 1964 officio
867 1903 1091 1964 debitor
1120 1900 1212 1963 ille
1239 1915 1357 1962 tuo.

198 1999 440 2075 Parcite,
472 2000 756 2075 formosae,
780 2000 1025 2085 pretium
1052 2024 1158 2084 pro
1189 2012 1354 2060 nocte
1382 1998 1618 2082 pacisci!

278 2107 410 2168 Non
437 2105 612 2168 habet
639 2120 868 2167 eventus
895 2104 1121 2166 sordida
1147 2104 1334 2189 praeda
1361 2104 1564 2165 bonos.

196 2210 330 2272 Non
357 2210 468 2272 fuit
499 2210 739 2273 armillas
769 2211 911 2272 tanti
940 2209 1219 2295 pepigisse
1250 2208 1515 2280 SabinaS,

251 2373 316 2416 31.
338 2374 404 2416 Et
415 2375 572 2417 vendit.
588 2375 652 2417 Et
661 2378 796 2425 venit,
815 2374 1053 2434 Gryphius.

198 2435 379 2480 Rectius
398 2436 469 2480 alii
491 2453 502 2480 ε
521 2437 580 2480 ita
601 2438 802 2495 Propert.
821 2452 839 2480 1
853 2471 865 2493 ,
893 2456 936 2481 11
957 2471 970 2493 ,
994 2441 1020 2494 4
1040 2455 1052 2483 :

237 2505 353 2547 Teque
364 2505 543 2547 peregrinis
555 2506 697 2538 vendero
713 2507 915 2538 muneribus.

197 2564 341 2609 Plaut.
373 2564 470 2608 Mil.
495 2578 563 2621 11,
603 2582 676 2610 111
694 2599 707 2622 ,
744 2569 791 2622 41
819 2582 830 2610 ε
857 2568 954 2610 Non
971 2583 1050 2623 ego

187 2645 384 2684 possum,
415 2646 503 2687 qua
521 2635 619 2686 ipsa
636 2646 684 2674 se
702 2631 903 2676 venditat
924 2665 937 2688 ‚
969 2638 1048 2675 tu—

195 2700 332 2740 !an’er.
351 2695 517 2740 Bmtm.

249 2761 319 2805 32.
338 2764 403 2805 Et
410 2766 606 2819 pretimn.
626 2764 760 2807 Forte
772 2796 785 2819 ,
806 2779 854 2808 se
863 2767 1047 2819 pretimn

284 2832 320 2872 Ὶ.

184 2827 316 2937 figi&
338 2894 441 2950 ραι
461 2897 601 2940 Venus
614 2911 672 2938 ez·
693 2911 810 2952 aequo
825 2905 906 2940 etc.
927 2896 1045 2953 Quae

193 2957 390 3016 voluptas
406 2961 580 3017 utrique
592 2962 841 3006 communis
850 2962 949 3018 erit,
966 2978 1047 3006 cur
1063 2987 1070 2991 κ

191 3022 357 3067 venalis
377 3023 606 3069 alterutri?

246 3087 315 3130 38.
350 3089 449 3132 Non
477 3092 582 3132 bene
609 3092 766 3133 selecti
773 3091 943 3147 judei-125
962 3100 1043 3135 etc.

193 3170 216 3190 «
238 3150 444 3196 Decuriae
465 3154 659 3211 quinque
684 3154 923 3213 (judicum)
943 3157 1045 3213 ipsae

190 3217 385 3274 pluribus
407 3217 603 3262 discretae
622 3221 876 3265 nominibus
894 3223 1041 3275 suere;

190 3282 473 3326 tribunorum
494 3284 604 3338 aeris,
626 3287 884 3337 selectorum,
907 3296 952 3330 et
971 3288 1046 3343 ju-

189 3346 352 3391 dicum.
375 3365 398 3386 »
422 3348 489 3392 lta
505 3349 671 3393 Plinius
685 3382 697 3405 ,
719 3351 791 3393 lib.
813 3365 988 3408 xxxm,
1006 3370 1044 3395 ιι.

193 3411 367 3456 Verum
388 3429 482 3457 non
503 3415 586 3457 suit
607 3414 691 3459 hoc
709 3417 856 3459 statim
877 3417 1044 3460 ordinis

192 3493 359 3521 nomen
373 3510 385 3534 ,
407 3479 482 3522 sed
497 3479 648 3523 sortis:
667 3496 771 3525 nam
791 3497 814 3524 e
829 3480 1044 3536 judicibus

1134 2382 1343 2432 praetores
1361 2372 1552 2429 Urbani,
1568 2373 1648 2417 sub
1661 2371 1891 2417 sortitione
1907 2374 1986 2417 sac-

1134 2449 1203 2494 ta,
1235 2440 1453 2497 optimum
1480 2454 1701 2495 quemque
1732 2438 1778 2480 in
1809 2441 1989 2482 selectos

1131 2504 1298 2561 judices
1317 2504 1569 2548 referebant
1583 2536 1594 2558 ,
1618 2511 1669 2546 ut
1691 2511 1875 2547 testatur
1897 2502 1985 2547 Ci-

1133 2585 1262 2625 cero,
1295 2585 1377 2626 pro
1408 2567 1629 2612 Cluentio.
1660 2590 1716 2601 -
1745 2571 1844 2614 Non
1884 2573 1989 2612 bene

1122 2640 1260 2691 patet.
1290 2635 1442 2693 Turpe
1479 2643 1545 2679 est
1570 2651 1715 2678 atram
1734 2644 1884 2692 patere
1906 2638 1987 2693 ju·—

1128 2701 1233 2746 dicis
1247 2735 1259 2757 ,
1283 2702 1539 2760 excipiendo
1559 2701 1724 2746 venalis
1736 2705 1983 2758 sententiae,

1128 2765 1198 2810 vel
1219 2767 1352 2810 etiam
1368 2766 1540 2823 judicii,
1563 2767 1718 2824 pretio.

1183 2830 1249 2885 46.
1279 2833 1377 2874 Non
1399 2837 1553 2874 manet.
1583 2832 1716 2874 Forte
1733 2864 1745 2886 ,
1768 2849 1866 2875 num
1884 2849 1987 2875 ma-

1126 2898 1237 2940 net?
1257 2896 1426 2940 Hsms.

1182 2963 1249 3020 49.
1270 2961 1726 3004 Armillas...Sabinas.
1749 2962 1874 3019 Quas
1886 2980 1984 3020 ges-

1127 3025 1279 3068 tabant
1290 3026 1454 3069 Sabini.
1472 3026 1671 3082 Tarpeiae
1684 3028 1874 3070 fabulam
1888 3037 1984 3071 tan-

1128 3093 1204 3149 git,
1225 3108 1357 3148 quam
1373 3093 1434 3135 sic
1447 3101 1598 3136 narrat
1614 3093 1706 3135 Liv.
1722 3093 1792 3137 lib.
1807 3108 1843 3148 1,
1859 3111 1894 3137 c.
1911 3109 1959 3138 xl
1972 3111 1985 3137 τ

1129 3174 1151 3194 «
1174 3157 1322 3213 Hujus
1347 3156 1454 3214 (Sp.
1470 3157 1669 3215 Tarpeii,
1694 3160 1767 3215 qui
1787 3175 1987 3202 romanae

1127 3232 1313 3279 praeerat
1335 3220 1445 3279 arci)
1467 3223 1603 3266 filiam
1629 3226 1848 3282 virginem
1876 3241 1985 3268 auro

1126 3290 1372 3346 corrumpit
1387 3290 1540 3334 Tatius
1556 3324 1568 3345 ‚
1586 3301 1637 3334 ut
1649 3301 1838 3334 armatos
1850 3293 1894 3334 in
1911 3309 1986 3336 ar-

1126 3370 1224 3397 cem
1249 3355 1427 3410 accipiat
1431 3387 1494 3396 .....
1513 3358 1675 3411 accepti
1692 3356 1897 3399 obrutam
1918 3373 1983 3399 ar·

1126 3419 1210 3462 mis
1243 3435 1467 3462 necavere.
1500 3443 1555 3451 —
1585 3419 1778 3463 Additur
1793 3422 1981 3477 sabula,

1127 3483 1244 3538 quod
1274 3483 1405 3543 vulgo
1428 3483 1584 3532 Sabini
1608 3501 1762 3531 aureas
1790 3490 1986 3529 armillas
