2268 3776
678 299 1085 356 REMEDIA
1136 299 1496 355 AMoms.
1885 302 1993 376 395

212 425 286 482 Et
311 419 480 481 modo
510 417 807 479 blanditias
827 463 841 489 ,
867 414 1051 494 rigido
1079 414 1246 475 modo
1274 417 1456 497 jurgia
1486 417 1638 500 posti
1943 437 1997 479 35

294 515 489 587 Dicat,
521 529 576 575 et
607 511 860 574 exclusus
891 511 1074 573 flebile
1105 526 1289 572 cantet
1320 536 1523 574 amans.

214 612 320 673 llis
349 610 585 672 lacrimis
615 624 910 670 contentus
937 610 1077 683 eriS‚
1106 609 1223 670 sine
1255 609 1481 669 crimine
1515 610 1728 670 mortis.

293 711 425 769 Non
455 721 549 768 tua
575 706 664 766 fax
694 706 885 767 avidos
915 706 1084 787 digna
1114 706 1303 767 subire
1331 729 1517 785 rogos.

217 806 346 866 Haec
376 828 498 883 eg0.
549 804 735 865 Movit
765 805 940 865 Amor
972 819 1272 883 gemmatas
1301 828 1498 865 aureus
1527 803 1671 875 alas;

293 902 366 961 Et
395 901 533 961 mihi
557 926 570 962 :
600 902 962 985 Propositum
992 901 1223 986 perfice,
1255 901 1427 974 dixit,
1460 925 1619 985 opus.
1947 916 2001 973 4υ

211 997 303 1058 Ad
329 1022 476 1072 mea,
505 999 720 1083 decepti
746 1001 988 1062 Juvenes
1007 1047 1022 1073 ‚
1048 1014 1327 1084 praecepta
1355 1000 1535 1062 venite
1559 1025 1573 1074 ;

296 1095 459 1176 Quos
489 1120 623 1158 suus
651 1121 716 1159 ex
745 1098 897 1159 omni
926 1112 1081 1181 parte
1114 1096 1312 1159 fefellit
1341 1120 1511 1158 amor.

215 1193 425 1255 Discite
453 1196 659 1269 sanari,
688 1220 790 1280 per
819 1220 984 1280 quem
1014 1194 1287 1256 didicistis
1315 1218 1494 1256 amare
1519 1219 1532 1255 :

296 1293 423 1353 Una
451 1317 646 1354 manus
674 1294 838 1354 vobis
865 1293 1068 1354 vulnus
1099 1317 1373 1377 opemque
1403 1292 1556 1354 feret.

217 1393 384 1452 Terra
416 1390 681 1453 salutares
705 1391 939 1465 herbas,
970 1391 1268 1475 eademque
1299 1404 1563 1451 nocentes
1584 1435 1599 1461 ‚
1950 1403 2005 1459 45

301 1490 522 1564 Nutrit‚
552 1506 608 1551 et
635 1491 825 1552 urticae
853 1491 1110 1574 proxima
1138 1513 1280 1573 saepe
1309 1513 1437 1550 rosa
1469 1503 1568 1549 est.

219 1585 440 1647 Vulnus
470 1586 529 1646 in
557 1586 833 1648 Herculeo
867 1611 990 1670 quae
1021 1586 1305 1671 quondam
1334 1586 1538 1647 fecerat
1565 1584 1727 1644 hoste
1746 1629 1761 1655 ‚

302 1681 565 1743 Vulneris
594 1681 860 1743 auxilium
889 1682 1071 1743 Pelias
1098 1683 1258 1743 hasta
1288 1682 1433 1742 tulit.

222 1778 331 1839 Sed
362 1803 719 1862 quaecumque
747 1779 881 1839 viris
900 1825 915 1851 ‚
947 1779 1110 1839 vobis
1142 1802 1366 1862 quoque
1398 1778 1574 1850 dicta,
1603 1775 1828 1860 puellae,

303 1869 524 1936 Credite
548 1901 561 1936 :
588 1875 818 1937 diversis
848 1876 1104 1959 partibus
1133 1901 1285 1938 arma
1310 1877 1522 1938 damus.
1957 1890 2009 1932 5⁰

218 1976 266 2033 Ε
298 1973 503 2056 quibus
533 1973 602 2033 ad
630 1988 844 2036 vestros
875 1973 923 2034 si
954 1973 1094 2057 quid
1121 1998 1235 2034 non
1264 1974 1510 2057 pertinet
1543 1995 1679 2032 usus
1697 2018 1712 2042 ‚

297 2070 560 2130 Attamen
587 2068 838 2153 exemplo
872 2069 1048 2131 multa
1077 2070 1272 2132 docere
1299 2085 1506 2154 potest.

221 2166 371 2227 Utile
399 2166 754 2250 propositum
771 2214 786 2239 ‚
815 2191 980 2227 saevas
1010 2168 1331 2246 extinguere
1359 2166 1637 2237 flammas;

299 2265 415 2324 Nec
447 2287 662 2324 servum
689 2264 809 2323 vitii
840 2278 1036 2347 pectus
1065 2265 1269 2326 habere
1302 2264 1406 2324 sui.

221 2359 466 2421 Vixisset
493 2358 707 2444 Phyllis
723 2407 738 2434 ,
765 2358 813 2421 si
839 2385 925 2421 me
955 2361 1103 2422 foret
1131 2386 1232 2423 usa
1248 2359 1527 2439 magistro
1552 2384 1565 2431 ;
1960 2372 2013 2415 55

226 2546 333 2574 nem
357 2547 366 2574 :
389 2531 548 2589 opinor
580 2539 730 2574 tamen
758 2530 1039 2576 scribendum
1062 2565 1075 2588 ,

225 2601 451 2655 quamlibet
466 2604 581 2654 apta.
606 2598 659 2642 In
682 2597 921 2642 Amor-ibus
936 2632 946 2647 ‚
981 2602 1080 2642 huic

224 2668 343 2719 operi
351 2667 577 2720 quamlibet
587 2697 598 2719 ,
615 2670 742 2720 aptus
754 2681 878 2708 eram.
894 2665 968 2708 Sic
977 2671 1080 2720 apta

226 2730 353 2771 verba
361 2728 478 2784 joco,
498 2727 634 2785 Epist.
650 2728 851 2786 Sapphus
870 2738 950 2773 etc.
972 2731 1081 2774 Arte

227 2807 308 2849 pro
323 2799 427 2849 apta
438 2810 670 2852 perperam
689 2795 820 2838 etiam
837 2795 935 2838 alibi
951 2794 1079 2851 scrip-

229 2866 327 2901 tum
352 2858 562 2903 offendas.
604 2861 755 2903 Potest
786 2869 830 2903 et
856 2863 1083 2917 quamlibet

229 2938 331 2966 cum
341 2928 468 2966 cauto
477 2924 698 2982 conjungi.
718 2926 884 2970 Hnms.
898 2949 953 2959 ——
966 2928 1085 2969 Dent

231 2994 354 3042 capto
367 2988 519 3046 viginti
533 2989 702 3034 codices
713 3006 815 3034 cum
830 2992 971 3048 prima
983 2991 1081 3034 edi—

234 3053 353 3096 tione
379 3065 398 3099 ζ
421 3053 653 3111 eleganter.
683 3055 798 3098 'Vide
827 3056 904 3099 ins.
937 3059 1013 3100 108
1036 3065 1080 3099 et

234 3117 288 3160 ad
311 3117 446 3174 Epist.
469 3132 527 3161 xv
547 3151 558 3173 ,
580 3119 661 3171 633
683 3119 716 3162 si
740 3120 861 3163 enim
882 3127 1007 3164 cauto
1025 3121 1081 3164 le-

235 3191 363 3239 gatur
379 3216 390 3236 ‚
406 3182 459 3226 de
473 3183 631 3226 marito
642 3217 654 3238 ‚
670 3199 801 3240 quem
817 3185 967 3229 fallant
981 3201 1079 3228 uxo-

233 3263 305 3290 res
321 3280 332 3300 ,
355 3247 688 3304 intelligendum
705 3265 718 3300 ‚·
741 3258 784 3292 at
798 3265 880 3306 ego
894 3250 1008 3293 malo
1026 3251 1080 3294 de

235 3312 386 3368 puellis
406 3346 416 3367 ‚
436 3328 532 3368 quae
553 3323 698 3370 captos
714 3315 829 3357 viros
845 3347 858 3369 ,
880 3324 924 3358 et
943 3316 1082 3359 amori

234 3376 425 3420 irretitos
441 3377 564 3420 omni
581 3387 671 3421 arte
687 3378 928 3436 decipiant,
952 3379 1082 3423 inter-

236 3442 421 3496 pretari;
443 3458 549 3485 nam
567 3444 795 3499 sequentia
816 3443 870 3487 de
893 3445 1082 3488 amanti-

1159 2533 1241 2576 bus
1260 2532 1327 2590 agi
1347 2531 1521 2575 docent.
1553 2533 1714 2585 Captus
1733 2543 1838 2572 vero
1856 2536 1900 2571 et
1921 2544 2018 2571 cau-

1160 2604 1229 2640 tus
1248 2597 1406 2656 passim
1426 2604 1771 2640 commutantur.

1215 2663 1280 2706 36.
1293 2665 1437 2705 Dicat.
1451 2661 1645 2714 Rectius,
1660 2666 1814 2709 nectat,
1832 2660 1866 2704 si
1879 2659 2014 2703 MSS.

1160 2726 1427 2771 addicerent.
1468 2728 1623 2769 Caute!
1654 2742 1815 2768 amans.
1862 2727 2022 2767 Hebt‘le

1159 2809 1326 2837 carmen
1344 2808 1497 2835 amans
1509 2826 1520 2843 ‚
1547 2791 1736 2843 Morem
1759 2799 1809 2834 ut
1829 2790 1883 2833 ad
1903 2793 2025 2832 dei-at

1161 2858 1390 2901 reseratur.

1217 2924 1283 2977 45.
1312 2924 1439 2966 Terra
1469 2924 1680 2965 salutares
1702 2927 1782 2962 etc.
1816 2920 1906 2962 Pro
1930 2936 2018 2962 no-

1161 2995 1300 3033 centes
1315 3003 1429 3030 unus
1445 2987 1697 3029 Puteaneus
1710 3018 1722 3038 ,
1741 2989 1925 3028 nocivas.
1944 2984 2016 3028 Sic

1161 3057 1349 3097 nocimun
1359 3055 1586 3107 periculum
1598 3050 1703 3093 dixit
1717 3050 1929 3094 Phaedrus
1943 3050 2015 3093 lib.

1164 3120 1183 3162 I
1203 3152 1214 3173 ,
1238 3119 1342 3162 Fab.
1363 3131 1488 3161 ΧΧΙΧ.
1511 3118 1674 3161 Noster
1693 3118 1826 3162 Trist.
1851 3117 1923 3160 lib.
1944 3119 1987 3159 V
2003 3150 2016 3170 ,

1164 3186 1286 3243 Eleg.
1310 3200 1337 3227 x
1354 3219 1365 3239 ,
1391 3203 1441 3227 22
1460 3197 1471 3225 Ζ
1491 3189 1578 3228 tela
1596 3190 1745 3228 nociva
1760 3220 1770 3235 ,
1802 3193 1851 3227 ut
1871 3184 1916 3226 in
1939 3200 2017 3226 ve-

1163 3251 1246 3294 teri
1270 3250 1416 3294 codice
1437 3250 1619 3308 legitur,
1647 3267 1740 3294 non
1761 3254 1903 3293 noxia.
1925 3251 1987 3293 H.

1218 3320 1285 3375 47.
1315 3321 1476 3361 Vulnus
1492 3322 1537 3361 in
1559 3320 1764 3361 Herculeo
1784 3335 1872 3374 quoe
1890 3334 2018 3374 quon-

1163 3385 1261 3425 dam
1284 3383 1454 3439 ficerat
1480 3385 1604 3426 hosti.
1641 3383 1863 3440 Telephus
1893 3383 2017 3426 enim.

1165 3447 1392 3504 Herculis,
1416 3465 1467 3493 ex
1489 3449 1615 3506 Auge
1638 3449 1763 3493 filius.
