2268 3776
691 336 1077 393 AMORUM
1130 338 1178 392 1.
1233 337 1479 392 ELFG.
1529 340 1575 391 1.
1972 342 2003 392 5

240 457 355 516 Nec
382 452 518 515 mihi
545 452 768 513 materia
795 466 878 514 est
906 451 1146 513 numeris
1176 450 1478 512 levioribus
1507 465 1633 535 apta
1653 499 1667 525 ‚

321 552 438 613 Aut
464 574 625 634 puer,
658 564 754 611 aut
780 548 974 629 longas
1001 563 1180 610 comta
1207 547 1393 632 puella
1421 572 1619 610 comas.
1956 583 2008 611 αα

243 647 489 728 Questus
513 669 682 716 eram;
714 646 969 730 pharetra
1000 670 1168 730 quum
1199 645 1457 729 protinus
1486 644 1578 706 ille
1608 644 1785 706 soluta
1806 692 1820 718 ‚

322 743 482 822 Legit
509 743 567 803 in
597 743 821 804 exitium
844 742 1056 826 spicula
1081 742 1222 803 sacta
1250 765 1467 803 meum:

242 839 588 923 Lunavitque
618 863 762 918 genu
790 839 1077 900 sinuosum
1106 837 1324 899 sortiter
1350 860 1535 898 arcum
1561 861 1573 897 :

326 935 606 1018 Quodque
637 958 822 1006 canas,
853 936 1050 1007 Vate8‚
1084 935 1291 1018 accipe,
1324 933 1490 1005 dixit,
1522 957 1680 1017 opus.

244 1034 339 1114 Me
367 1032 625 1093 miserum
648 1033 661 1091 !
694 1046 867 1094 certas
894 1030 1093 1092 habuit
1122 1055 1262 1116 puer
1290 1029 1382 1092 ille
1413 1030 1658 1109 sagittas.
1964 1051 2017 1092 25

325 1129 503 1199 Uror3
536 1127 670 1189 etin
698 1151 870 1188 vacuo
900 1141 1122 1212 pectore
1154 1142 1348 1207 regnat
1377 1127 1568 1188 Amor.

245 1223 351 1287 Sex
378 1225 515 1286 mihi
543 1239 731 1305 surgat
759 1248 900 1308 opus
922 1224 1187 1298 numeris;
1221 1225 1279 1285 in
1309 1224 1555 1309 quinque
1583 1223 1800 1286 residat.

322 1324 520 1384 Ferrea
549 1346 673 1384 cum
702 1322 896 1385 vestris
924 1320 1070 1383 bella
1100 1320 1273 1383 valete
1301 1320 1498 1381 modis,

248 1420 480 1500 Cingere
510 1419 705 1482 litorea
731 1419 981 1481 flaventia
1014 1434 1259 1503 tempora
1289 1433 1469 1502 myrto
1493 1466 1508 1491 ‚

327 1519 517 1592 Musa,
547 1542 646 1601 per
674 1517 927 1578 undenos
958 1515 1325 1578 emodulanda
1353 1515 1536 1599 pedes,
1970 1536 2024 1573 3⁰

314 1712 375 1756 ¹9·
415 1697 507 1740 Nec
537 1698 651 1740 mt‘hi.
675 1694 863 1740 Variant
894 1695 1062 1740 codices
1078 1728 1091 1752 ‚

250 1775 382 1813 nunc,
403 1764 502 1805 hac.
525 1762 655 1805 Forte
677 1773 687 1801 2

250 1836 314 1870 Μ
326 1833 406 1866 mihi
421 1834 586 1866 nauteriem
602 1833 745 1865 numeri·
760 1831 938 1863 levioribu-
949 1837 1071 1873 uptun.

252 1895 364 1951 Vel,
391 1899 481 1939 sint
496 1896 604 1938 mibi
617 1896 826 1937 materies.
855 1893 913 1936 H.
939 1893 1094 1936 Franc.

251 1975 424 2018 quoque
444 1958 642 2013 volebat,
671 1973 749 2001 nec
765 1959 873 2000 mihi
886 1961 1095 2000 materies.

306 2044 328 2070 2
338 2043 354 2070 1
361 2059 370 2069 .
388 2027 596 2069 pharetra
601 2040 724 2081 quum
726 2026 919 2080 pmtinus
930 2026 1004 2066 ille
1015 2031 1095 2068 etc.

250 2090 370 2135 Vere
385 2089 470 2134 hoc
491 2088 881 2141 Anacreonticum,
897 2095 941 2130 et
960 2103 983 2130 e
1003 2087 1097 2131 ses-

251 2155 340 2199 tivo
362 2169 466 2198 sene
496 2151 807 2210 depromptum
838 2149 959 2194 facile
991 2166 1097 2195 cre-

252 2219 464 2271 diderim3
496 2232 629 2274 quem
647 2215 773 2260 adeas
786 2248 798 2270 ,
823 2214 911 2259 Od.
933 2228 951 2257 1
970 2223 1014 2259 et
1031 2215 1069 2258 3.

307 2302 373 2329 aa.
383 2285 435 2327 112
449 2286 625 2327 exilium
638 2284 804 2337 spicula
803 2280 935 2337 sacta
951 2297 1097 2324 meum.

253 2348 326 2394 Sic
344 2349 546 2406 Propert.
565 2360 624 2403 11,
653 2347 725 2401 18,
748 2343 773 2401 4
793 2358 804 2386 :

292 2418 412 2451 Omni·
424 2420 460 2450 in
473 2419 613 2450 exitium
626 2424 700 2448 nata
714 2416 837 2448 theatra
859 2427 980 2448 meum.

307 2480 373 2523 23.
405 2480 663 2535 Lunamque
677 2494 785 2533 genu
799 2485 880 2520 etc.
898 2476 1100 2521 Suaviter

253 2547 418 2611 <anuuit
429 2578 440 2595 ‚
470 2559 551 2602 pro
569 2544 741 2587 sortiter
760 2543 1001 2586 incurvavit
1017 2575 1028 2597 ,
1050 2551 1100 2587 ut

254 2610 518 2663 intenderet.
533 2612 647 2656 Rem
660 2626 793 2669 porro
801 2611 961 2655 Noster
970 2610 1073 2665 dicit
1085 2628 1097 2663 3

258 2676 460 2723 describit
483 2693 589 2721 vero
611 2677 734 2735 Virg.
757 2676 860 2720 AEn.
878 2691 927 2719 x1
946 2708 958 2731 ,
989 2677 1099 2735 859:

433 2774 472 2786 ...
493 2754 665 2796 Comuque
677 2751 802 2784 infensa
814 2751 949 2783 tetendit
962 2776 972 2791 ‚

259 2811 301 2847 Et
318 2814 412 2847 duxit
422 2815 535 2858 iunge,
551 2815 652 2848 donec
666 2821 799 2848 curvata
815 2816 939 2847 oo'ioent

1175 1707 1268 1738 Inte·-
1282 1715 1316 1736 ιο
1327 1705 1447 1747 capita.
1465 1711 1497 1736 et
1508 1704 1660 1736 mnibu-
1676 1704 1740 1746 jnn
1756 1710 1896 1746 tangeret
1910 1708 2026 1748 aquis,

1175 1766 1275 1797 Lov-
1287 1766 1389 1796 noim
1407 1765 1482 1796 ferri
1497 1788 1507 1806 ,
1531 1765 1645 1797 dextr·
1660 1777 1824 1809 nervoque
1837 1767 2006 1809 popinam.

1175 1852 1232 1863 —
1245 1832 1515 1887 ὑπερῆρκε.
1533 1830 1663 1874 Unus
1679 1831 1902 1876 Mass'eian.
1920 1835 2029 1877 Cur*-

1178 1899 1367 1951 eavilque
1387 1912 1399 1937 :
1420 1894 1537 1951 quod
1559 1896 1747 1940 fortassis
1763 1896 1985 1953 glossema.

1235 1960 1299 2004 26.
1332 1961 1448 2003 Umr.
1471 1961 1635 2003 Moreti
1654 1977 1795 2015 unus,
1826 1965 1967 2016 Vicit,
1986 1968 2032 2005 c!

1177 2030 1248 2080 in‚·
1270 2026 1381 2069 sorte
1405 2026 1584 2077 melius3
1618 2042 1707 2070 non
1739 2028 1860 2072 euim
1881 2028 1935 2072 de
1945 2030 2028 2085 sa·-

1177 2094 1319 2141 cibus,
1346 2089 1422 2134 sed
1444 2089 1497 2133 de
1517 2095 1692 2147 sagma&
1712 2101 1774 2135 est
1796 2109 1955 2137 sermo.
1978 2094 2027 2136 Β.

1177 2178 1233 2189 -
1259 2158 1311 2199 In
1343 2171 1477 2199 vacuo
1497 2161 1683 2212 pectore.
1718 2155 1856 2213 Quod
1886 2158 2030 2201 nultus

1179 2221 1321 2265 adhuc
1338 2236 1463 2264 amor
1482 2230 1779 2278 occupaverat.

1234 2305 1301 2347 ²9·
1326 2289 1501 2342 Cingere
1524 2290 1676 2330 litorea
1699 2295 1779 2331 etc.
1801 2286 1946 2331 Missis
1960 2302 2031 2330 ar-

1180 2353 1399 2411 gumentis
1427 2352 1730 2411 grandioribus
1757 2386 1769 2409 ,
1819 2362 1862 2396 et
1887 2387 1898 2408 ,
1934 2370 2030 2410 qua:

1178 2419 1375 2474 ipsorum
1398 2433 1567 2461 merces
1583 2451 1595 2472 ,
1617 2417 1741 2461 lauro
1757 2450 1770 2473 ‚
1798 2417 1937 2460 amori
1959 2433 2031 2460 ce—

1180 2482 1266 2533 dit,
1298 2483 1373 2539 qui
1398 2487 1538 2525 cedas
1563 2482 1756 2525 nimium
1785 2485 1936 2525 habuit
1956 2498 2032 2524 sa-

1175 2552 1336 2604 fluas,-
1355 2555 1400 2591 et
1414 2555 1556 2590 totum
1572 2563 1616 2591 se
1631 2546 1764 2590 tradit
1778 2547 1962 2590 eroticis.
1978 2569 2033 2578 -

1180 2615 1367 2656 [ὕοντα.
1383 2611 1519 2669 Quia,
1536 2620 1585 2655 ut
1595 2612 1654 2655 ait
1667 2613 1709 2653 V
1714 2611 1821 2670 irgit.
1837 2644 1848 2665 ,
1870 2611 2030 2668 Georg.

1178 2679 1249 2723 lib.
1273 2692 1350 2734 lv,
1383 2694 1422 2720 v.
1456 2680 1561 2733 1243
1602 2686 1646 2720 et
1675 2686 1771 2734 post
1791 2678 2027 2721 Maronem

1180 2743 1416 2798 Martialis,
1436 2741 1508 2786 lib.
1529 2757 1578 2788 xv
1592 2776 1605 2799 ,
1634 2742 1758 2801 Epig.
1785 2743 1858 2786 13:
1883 2744 2030 2785 Litora

1180 2818 1351 2868 myrtus
1374 2813 1504 2852 amat.
