2268 3776
108 3337 129 3345 ,-

523 299 910 355 AMORUM
962 299 1091 354 III.
1154 299 1395 357 ELEG.
1454 302 1569 358 IV.

1834 323 1926 379 171

162 412 452 497 Quidquid
481 428 750 486 servatur,
774 414 1028 496 cupimus
1058 416 1261 492 magis;
1298 417 1529 500 ipsaque
1560 418 1736 477 furem
1883 437 1937 478 25

244 517 390 577 Cura
415 530 606 576 vocat:
631 515 821 599 pauci,
856 515 1007 598 quod
1037 516 1171 576 sinit
1198 516 1362 590 alter,
1393 534 1578 579 amant
1603 545 1615 579 ε

159 620 273 680 Nec
299 617 434 678 facie
461 617 639 700 placet
667 617 761 678 illa
789 642 913 691 sua,
940 618 1036 679 sed
1067 642 1250 679 amore
1282 620 1480 679 mariti.

240 719 440 780 Nescio
471 718 636 802 quid,
670 719 821 802 quod
850 734 903 780 te
934 720 1169 803 ceperit,
1201 742 1318 781 esse
1353 735 1569 804 putant.

160 823 289 885 Non
309 821 489 905 proba
511 822 607 895 sit,
630 846 794 905 quam
815 822 900 883 vir
927 837 1130 896 servat,
1157 823 1251 884 sed
1276 822 1522 885 adultera
1545 850 1556 886 :
1584 849 1706 888 cara
1728 842 1842 889 est:

240 926 366 1007 Ipse
395 924 563 986 timor
589 926 830 1009 pretium
853 949 1086 1010 corpore
1115 925 1289 1008 majus
1315 926 1499 987 habet.
1889 948 1942 991 3o

159 1025 451 1105 Indignere
480 1025 636 1099 licet;
665 1028 819 1109 juvat
847 1028 1167 1090 inconcessa
1194 1027 1467 1112 voluptas.

243 1127 374 1189 Sola
403 1127 613 1212 placet,
637 1129 864 1203 Timeo,
889 1130 1067 1192 (licere
1097 1132 1144 1192 si
1175 1155 1285 1215 qua
1306 1146 1509 1215 potest.

160 1225 276 1287 Nec
304 1239 485 1286 tamen
514 1226 810 1306 ingenuam
839 1227 929 1310 jus
959 1242 1045 1288 est
1073 1251 1285 1290 servare
1316 1227 1557 1313 puellam
1581 1255 1595 1290 ε

244 1321 352 1397 Hic
380 1338 560 1385 metus
590 1338 823 1387 externae
851 1349 1083 1410 corpora
1113 1326 1293 1406 gentis
1320 1341 1461 1405 agat.

164 1417 385 1480 Scilicet
405 1435 471 1481 ut
498 1422 680 1505 possit
709 1437 926 1497 custOS,
953 1447 1084 1503 eg0,
1114 1423 1320 1497 dicere,
1344 1424 1448 1485 feci
1467 1470 1482 1496 ,
1891 1439 1944 1484 35

166 1584 302 1629 modo
316 1594 360 1631 et
374 1586 581 1645 Scaligeri
595 1596 794 1646 excerpta
813 1597 857 1632 et
873 1588 1018 1633 Arun-

166 1650 325 1694 delian.
341 1652 507 1697 Hzms.
527 1653 663 1697 Recte
678 1654 871 1710 :juvenis
894 1656 1016 1699 enirn

167 1715 378 1773 adjective
399 1733 510 1775 saepe
534 1719 726 1775 ponitur.

223 1784 290 1826 25.
335 1785 550 1840 Quidquid
571 1790 763 1828 servatur
776 1818 787 1836 ,
828 1789 1018 1840 cupimus

134 1858 136 1860 ’
166 1851 303 1904 magis
316 1856 398 1892 etc.
416 1848 486 1892 Ad
499 1849 744 1894 satietatem
762 1865 898 1907 usque
913 1866 1017 1893 sen-

168 1913 354 1962 tentiam
369 1913 483 1958 hanc
496 1914 638 1959 modis
652 1924 793 1959 versat
807 1916 1018 1960 innume-

166 1979 249 2032 ris;
266 1995 350 2024 nec
364 1979 480 2024 aliud
497 1979 736 2038 quidquam
750 1980 851 2025 inde
868 1990 1016 2026 tamen

169 2043 284 2089 elicit
297 2076 309 2100 ,
327 2044 410 2089 nisi
426 2061 572 2102 cupere
584 2061 666 2090 nos
683 2062 779 2104 quae
792 2053 1016 2103 negantur,

168 2113 326 2167 nitique
340 2126 516 2168 semper
529 2116 575 2155 in
589 2117 760 2156 velitum
773 2121 853 2156 etc.
880 2111 1019 2168 Quod

168 2182 287 2219 certe
298 2208 310 2227 ,
341 2183 392 2220 ut
410 2184 581 2234 pateret
605 2178 809 2222 omnibus
823 2210 836 2233 ,
872 2193 1020 2221 enun-

169 2239 296 2285 tiasse
313 2241 450 2285 semel
467 2242 569 2287 satis
592 2251 699 2287 erat.

228 2307 293 2352 26.
317 2311 428 2353 Cura
443 2315 580 2353 vocat.
601 2312 754 2353 Praeda
770 2309 898 2354 multi
916 2309 1022 2354 editi

173 2380 219 2415 et
230 2373 391 2430 scripti.
397 2375 500 2429 Ipsa
511 2377 714 2418 latronem
718 2378 864 2430 pra-da
872 2380 1017 2427 vocat,

175 2437 343 2481 Moreti
363 2454 491 2483 unus.
514 2440 675 2483 Amen!
691 2440 927 2484 Palatinus.

231 2519 253 2545 α
259 2519 280 2559 7
287 2534 299 2557 ,
319 2504 384 2547 28.
397 2506 488 2549 Nec
489 2504 760 2561 sacieplacet
765 2508 843 2548 illa
852 2521 932 2549 sua
941 2514 1023 2550 etc.

177 2567 280 2613 Non
298 2567 399 2612 ideo
413 2568 552 2626 placet
565 2602 578 2625 ,
601 2570 720 2627 quod
733 2571 788 2615 sit
807 2571 996 2615 formosa
1010 2589 1022 2625 ;

175 2633 253 2678 sed
281 2635 381 2692 quia
400 2635 647 2694 vigilantius
669 2653 693 2680 a
721 2637 907 2695 conjuge
933 2638 1023 2682 ob-

174 2708 343 2744 servata
359 2732 372 2756 ,
404 2700 478 2758 qui
498 2717 597 2745 eam
618 2702 856 2760 impensius
876 2710 1019 2756 amat,

175 2765 246 2808 vel
267 2781 413 2810 amare
430 2782 476 2810 se
495 2767 682 2812 simulat.
703 2791 759 2802 -
770 2769 926 2812 Amore
939 2786 1024 2812 ma-

175 2834 259 2874 riti.
274 2832 495 2888 Magistri,
516 2833 791 2877 Francosurt.
803 2857 859 2868 —
872 2837 1026 2878 Nescio

177 2897 370 2951 quidetc.
389 2897 557 2943 Putant
567 2899 726 2956 quippe
743 2900 882 2944 inesse
895 2901 1026 2959 quid-

181 2958 280 3002 dam
298 2992 310 3014 ,
341 2960 459 3016 quod
472 2962 663 3006 'modum
689 2975 918 3022 exsuperet
932 3001 943 3018 ‚
976 2967 1024 3009 in

181 3023 324 3080 puella
344 3041 441 3083 quae
457 3034 500 3069 te
519 3043 655 3084 usque
677 3028 786 3074 adeo
807 3036 969 3087 ceperit.

237 3109 313 3151 29,
335 3092 401 3136 30.
417 3095 513 3138 Non
525 3099 661 3149 proba
678 3101 740 3139 sit
755 3105 835 3141 etc.
857 3101 940 3149 Im,
957 3098 1026 3141 ed.

182 3159 325 3217 prima
343 3192 354 3214 ,
375 3159 600 3206 Palatinus
616 3163 782 3219 primus
801 3173 845 3208 et
858 3172 1027 3220 septem

185 3223 268 3266 alii.
281 3225 352 3270 Sic
366 3255 377 3278 ,
393 3224 652 3268 Bersmann.
674 3226 837 3271 Sensus
852 3236 1000 3271 autem
1017 3243 1027 3271 :

189 3291 324 3341 Cara,
348 3290 537 3346 pretiosa
557 3299 622 3334 est
639 3291 733 3333 viro
753 3307 831 3334 suo
845 3323 856 3345 ,
880 3308 1028 3349 quam-

185 3354 249 3398 vis
261 3356 453 3398 adultera
465 3388 476 3406 ‚
501 3356 599 3412 quia
606 3359 802 3410 probam,
826 3356 1028 3412 pudicam

188 3426 360 3474 censet,
382 3427 430 3463 ut
444 3429 544 3476 pote
565 3435 661 3476 quae
675 3419 904 3479 diligenter
919 3420 1028 3467 adeo

1098 1600 1310 1635 servetur.
1328 1613 1384 1626 ·-
1406 1593 1502 1646 Ipse
1522 1595 1646 1634 timor
1663 1597 1743 1634 etc.
1765 1588 1951 1632 Variant

1099 1656 1387 1714 interpretes;
1410 1671 1612 1699 censeam
1635 1671 1717 1712 ego
1737 1654 1797 1697 sic
1817 1653 1948 1696 intel-

1099 1720 1356 1779 ligendum:
1387 1721 1477 1778 ipse
1508 1726 1658 1771 timor,
1695 1735 1753 1763 ne
1782 1719 1949 1762 furtum

1099 1794 1243 1829 custos
1274 1785 1434 1830 sentiat
1450 1819 1461 1836 ,
1502 1784 1570 1828 vel
1611 1784 1793 1827 maritus
1817 1815 1829 1837 ,
1872 1782 1952 1839 ipsi

1100 1852 1401 1909 surtopretium
1417 1851 1560 1905 addit,
1583 1860 1629 1895 et
1650 1851 1841 1908 pretium
1862 1850 1953 1907 qui-

1100 1916 1204 1960 dem
1226 1918 1367 1973 majus
1383 1933 1572 1971 corpore,
1599 1914 1642 1958 id
1664 1923 1753 1968 est,
1774 1923 1954 1972 propter

1101 1982 1219 2041 quod
1228 1984 1293 2028 sui
1305 1984 1476 2041 copiam
1486 1983 1652 2027 amanti
1663 1984 1803 2027 facere
1813 1982 1954 2039 puella

1100 2065 1193 2093 non
1211 2049 1393 2093 dubitet.

1156 2115 1181 2158 3
1190 2132 1205 2157 ι
1214 2148 1223 2157 .
1237 2116 1457 2171 Indignere
1473 2117 1583 2158 licet.
1600 2113 1782 2171 Legitur
1795 2113 1927 2156 etiam
1940 2145 1953 2167 ‚

1101 2181 1314 2235 indulgere
1332 2183 1453 2231 licet,
1486 2187 1531 2223 et
1550 2179 1610 2223 sic
1628 2182 1729 2222 licet
1746 2178 1830 2222 erit
1848 2194 1957 2221 ver-

1102 2246 1210 2290 bum
1228 2262 1238 2290 z
1259 2246 1442 2290 inferius
1464 2261 1638 2302 quoque
1654 2245 1740 2299 ait,
1761 2247 1954 2300 stupis,

1102 2312 1271 2366 indulge
1288 2312 1469 2354 domine
1486 2323 1499 2349 .·
1520 2318 1564 2353 et
1583 2325 1712 2366 supra
1729 2341 1741 2363 ,
1763 2311 1957 2365 obsequio

1104 2382 1254 2421 vincas
1271 2382 1413 2434 aptius
1430 2380 1511 2420 illa
1529 2368 1612 2421 lu'o.
1640 2377 1772 2419 MAR.
1791 2397 1846 2407 —·
1862 2377 1957 2418 Ju-

1105 2450 1179 2487 vat
1202 2447 1450 2486 inconcessa
1470 2445 1677 2498 voluptas.
1710 2441 1888 2485 Rectius
1911 2440 1955 2483 in

1105 2507 1413 2565 manuscriptis
1432 2507 1590 2565 legitur
1603 2539 1615 2561 ,
1625 2507 1752 2562 juvet
1764 2540 1775 2558 ‚
1801 2514 1851 2549 ut
1870 2522 1955 2548 va-

1105 2575 1190 2619 ries
1209 2591 1220 2620 :
1238 2590 1343 2618 nam
1363 2573 1562 2631 sequitur
1575 2606 1587 2628 ,
1607 2576 1704 2616 sola
1710 2575 1868 2628 placet.
1888 2572 1955 2614 ln.

1105 2642 1280 2690 Placet,
1303 2639 1433 2682 multi
1450 2638 1555 2683 editi
1578 2647 1622 2682 et
1642 2638 1803 2695 scripti.

1161 2706 1228 2749 32.
1252 2707 1354 2749 Sola
1368 2708 1535 2760 placet,
1568 2706 1733 2753 Timeo,
1765 2704 1901 2744 dicere
1919 2705 1965 2743 si

1105 2787 1186 2828 qua
1206 2775 1360 2827 potest.
1397 2769 1465 2812 Eo
1483 2784 1615 2812 sensu
1642 2769 1844 2822 Propert.
1867 2778 1925 2807 111
1940 2798 1954 2820 ,

1108 2835 1229 2893 Eleg.
1250 2850 1279 2878 x
1294 2868 1306 2891 ,
1334 2853 1380 2892 ¹7
1404 2847 1415 2874 τ

1106 2904 1198 2946 Quid
1209 2904 1306 2935 saciet
1319 2904 1411 2935 nullo
1424 2903 1550 2933 munita
1566 2900 1674 2942 puella
1686 2899 1806 2930 timore
1818 2899 1835 2929 3

1161 2967 1227 3010 33.
1245 2969 1343 3011 Non
1359 2972 1510 3008 tamen.
1527 2963 1704 3007 Rectius
1716 2963 1763 3005 in
1784 2977 1951 3004 manu—

1105 3033 1273 3089 scriptis
1291 3032 1450 3088 legitur
1466 3064 1478 3085 ,
1508 3047 1586 3074 nec
1609 3036 1771 3077 tamen,
1795 3036 1844 3071 ut
1863 3028 1955 3072 haec

1072 3120 1075 3124 -
1106 3097 1307 3155 negativa
1326 3095 1555 3139 sententiae
1577 3093 1843 3138 sententiam
1869 3109 1954 3136 co·-

1107 3163 1242 3220 pulet.
1266 3162 1399 3204 MAR.

1162 3228 1229 3281 34.
1256 3229 1451 3281 Corpora.
1481 3224 1531 3267 Id
1550 3232 1614 3268 est
1637 3224 1809 3268 ancillas
1832 3237 1843 3264 :
1867 3223 1954 3266 vid.

1109 3291 1161 3334 ad
1181 3291 1314 3347 Epist.
1330 3304 1388 3334 111
1403 3324 1414 3344 ,
1438 3290 1506 3332 30.
1519 3313 1575 3321 --
1586 3289 1659 3333 Sic
1673 3306 1770 3346 agas
1784 3322 1796 3343 ,
1821 3288 1953 3332 talem

1109 3366 1151 3400 te
1173 3366 1347 3414 praestes
1366 3357 1414 3399 in
1435 3365 1632 3409 externas
1650 3357 1870 3401 mulieres.

1163 3424 1214 3466 35
1229 3454 1240 3478 ,
1257 3422 1322 3466 36.
1332 3423 1853 3479 &illl-etutpossitcustos,
1865 3439 1953 3477 ego,
