2268 3776
689 286 1095 346 REMEDIA
1142 288 1508 345 AMORIS.

1903 288 2010 358 423

305 415 381 474 Et
408 412 566 496 prior
594 424 677 472 est
711 433 841 470 cura
867 432 998 471 cura
1027 407 1243 492 sepulta
1272 433 1432 470 nova.

226 512 380 590 Ergo
403 509 627 571 adsume
651 531 848 580 novas,
871 521 1094 568 auctore
1115 507 1561 585 Agamemnone,
1585 505 1857 581 flammaS,
1933 524 2017 581 485

310 610 390 669 Ut
418 621 548 668 tuus
578 605 638 665 in
668 604 820 666 bivio
853 604 1166 667 detineatur
1193 628 1366 666 amor.

233 703 449 784 Quaeris
467 749 483 776 ,
514 702 614 764 ubi
643 702 928 765 invenias?
951 718 1121 777 artes,
1147 702 1195 776 i,
1226 702 1448 788 perlege
1475 717 1711 764 nostras.

311 798 483 862 Plena
507 799 819 885 puellarum
846 801 955 884 jam
990 800 1094 862 tibi
1124 800 1284 861 navis
1310 815 1413 862 eat.

231 897 402 979 Quod
429 898 477 959 si
507 899 644 982 quid
673 913 949 984 praecepta
980 898 1165 961 valent
1189 922 1341 972 mea;
1369 899 1416 960 si
1446 898 1583 983 quid
1603 896 1815 983 Apollo

311 994 463 1058 Utile
491 996 752 1059 mortales
784 996 1048 1081 perdocet
1082 1020 1175 1057 ore
1201 1019 1363 1069 meo;

1934 1012 2020 1070 490

230 1092 499 1174 Quamvis
527 1093 718 1156 infelix
746 1095 926 1157 media
960 1094 1262 1156 torreberis
1292 1094 1463 1155 AEtna
1481 1140 1496 1167 ‚

309 1191 590 1271 Frigidior
617 1191 789 1272 glacie
820 1191 904 1254 fac
934 1191 1151 1254 videare
1183 1206 1307 1253 tuae.

229 1290 306 1350 Et
329 1312 525 1351 sanum
558 1290 789 1363 simula3
821 1314 918 1365 ne,
945 1291 994 1352 si
1022 1289 1158 1375 quid
1182 1289 1324 1351 forte
1356 1288 1576 1351 dolebis
1596 1338 1611 1365 ,

311 1387 558 1463 Sentiat;
587 1404 643 1451 et
670 1389 789 1451 ride
807 1437 822 1463 ‚
855 1414 1028 1474 quum
1058 1388 1161 1450 tibi
1190 1386 1409 1449 flendus
1437 1388 1562 1448 eriS.

228 1485 362 1546 Non
391 1508 495 1565 ego
526 1500 579 1548 te
605 1486 778 1569 jubeo
806 1486 1017 1549 medias
1048 1486 1376 1570 abrumpere
1407 1510 1601 1547 curas:
1943 1507 2024 1562 495

312 1583 444 1644 Non
473 1598 605 1645 sunt
632 1584 851 1669 imperii
880 1598 992 1645 tam
1019 1583 1133 1645 fera
1153 1584 1279 1665 jura
1306 1583 1432 1645 mei.
1799 1668 1805 1674 .

233 1679 408 1760 Quod
441 1705 555 1743 non
582 1706 671 1756 es,
702 1681 934 1755 simula3
966 1682 1294 1766 positosque
1323 1681 1537 1743 imitare
1567 1681 1816 1746 furores:

315 1779 407 1840 Sic
433 1779 598 1841 facies
628 1804 778 1854 vere,
810 1780 963 1864 quod
986 1780 1284 1842 meditatus
1316 1779 1440 1840 eris·

235 1877 391 1961 Saepe
420 1903 551 1958 ego,
584 1901 654 1938 ne
683 1877 965 1951 biberem,
992 1876 1144 1938 volui
1175 1875 1415 1938 dormire
1446 1876 1654 1939 videri:

312 1976 464 2036 Dum
493 1974 710 2050 videor,
742 1999 942 2037 somno
973 1974 1184 2036 lumina
1214 1974 1357 2036 victa
1386 1973 1529 2035 dedi.

285 2142 380 2199 484.
412 2143 524 2186 Cura
541 2145 719 2198 repulsa.
740 2143 877 2187 Unus
894 2143 1081 2187 Putean.

231 2222 334 2251 curn
354 2206 648 2251 Lincolniensi
663 2208 744 2249 :El
744 2211 863 2262 prior
870 2212 936 2249 es!
939 2210 1085 2262 posita

232 2290 334 2318 cura
369 2275 534 2329 sepulta
563 2288 670 2316 noca
702 2285 715 2310 ·'
755 2271 873 2315 unde
913 2274 1087 2330 elegans

231 2338 362 2383 lectio
390 2339 607 2382 formatur
624 2371 636 2393 ,
666 2340 731 2382 Et
748 2341 870 2394 prior
889 2344 958 2382 est
986 2354 1088 2382 cura

233 2419 337 2448 cura
355 2406 521 2460 sepulta
541 2419 662 2447 noea.

290 2471 384 2526 485.
405 2470 804 2522 Flammas..Curas,
823 2469 1088 2513 Puteaneus.

234 2537 352 2582 Vide
373 2552 476 2581 mox
497 2538 592 2596 495.

290 2603 385 2660 486.
422 2604 484 2646 Ut
507 2609 604 2646 tuus
633 2606 678 2646 in
713 2606 822 2646 bivio
859 2603 1095 2644 delineatur

234 2685 365 2712 amor.
385 2669 665 2711 Destmeatur
676 2667 838 2724 Regius
854 2700 866 2724 ,
889 2675 933 2710 et
953 2665 1093 2710 Scali-

238 2734 330 2792 geri
341 2742 542 2791 excerpta
563 2750 573 2777 :
595 2742 740 2789 recte,
761 2733 796 2776 si
815 2733 985 2790 legatur
1004 2733 1093 2774 dis-

234 2804 428 2845 (ἱκεσίαν.
470 2799 757 2844 Sarravianus
779 2833 790 2855 ,
827 2803 1094 2843 destituatur.

239 2867 478 2924 Horatius,
499 2868 612 2912 libro
635 2868 702 2913 IV
719 2901 730 2922 ,
755 2866 845 2912 od.
867 2881 895 2909 v
911 2899 923 2921 ‚
956 2882 1010 2926 9:

276 2946 328 2986 Ut
339 2953 442 2978 mter
454 2947 611 2988 iuvenem
625 2970 637 2988 ,
652 2957 752 2989 quem
767 2946 878 2979 Notus
895 2945 1009 2978 invido
1047 2950 1052 2953 “

278 3009 379 3042 Flntu
388 3007 553 3050 Carpathii
566 3015 655 3040 unns
668 3009 767 3040 maris
778 3019 909 3050 equora

279 3071 494 3103 Cunctantem
506 3070 610 3111 spatio
625 3069 753 3111 longius
769 3081 877 3102 annuo

320 3132 420 3166 Dulci
434 3132 569 3165 distinet
585 3143 604 3163 ι
620 3131 728 3164 domo.
896 3132 1030 3164 Hmus.

294 3200 390 3257 487.
424 3198 554 3241 Aries
570 3202 616 3240 lu
629 3199 797 3253 perlege
812 3202 995 3244 nostras.
1027 3198 1097 3240 En

233 3268 403 3324 perlege
421 3263 510 3307 duo
527 3263 628 3307 libri
645 3279 656 3307 :
678 3261 865 3306 totidem
885 3278 986 3305 cum
1006 3263 1100 3320 pri-

242 3345 317 3373 ma
331 3327 523 3372 editione
542 3360 554 3383 ,
571 3327 670 3384 jam
682 3329 862 3384 perlege.
887 3326 978 3372 Sed
995 3343 1098 3371 vere

245 3393 412 3451 Regius
427 3425 439 3448 ,
461 3397 501 3445 i,
517 3395 698 3448 perlege.

302 3460 395 3518 490.
406 3460 570 3503 Edoccl
579 3475 648 3502 orc
659 3457 1101 3515 meo.Perdocelscrip-

1943 1996 2025 2040 5υο

1163 2141 1226 2195 ti,
1255 2156 1359 2185 cum
1392 2140 1535 2198 prima
1567 2138 1778 2184 editione.
1813 2145 2032 2189 Praedocct

1165 2215 1253 2250 tres
1274 2206 1385 2249 libri.

1224 2275 1319 2333 492.
1338 2275 1549 2328 Frigidior
1565 2272 1833 2329 dominoesac
1857 2278 2029 2320 videare

1168 2344 1260 2382 lue.
1291 2337 1482 2382 Videtur
1513 2338 1824 2395 scribendum,
1858 2343 2029 2386 domina

1169 2408 1256 2445 lua.
1284 2402 1376 2447 Nisi
1400 2403 1519 2459 quod
1550 2419 1665 2447 unus
1697 2404 1951 2448 Puteaneus
1982 2414 2029 2449 et

1170 2483 1286 2510 unus
1324 2467 1550 2511 Leidensis
1569 2500 1581 2522 ,
1628 2469 1840 2522 Frigidior
1857 2472 1998 2523 glacie
2017 2486 2031 2512 .·

1172 2531 1292 2587 quod
1313 2532 1492 2576 arridet.
1509 2532 1584 2576 Sic
1606 2532 1745 2589 Epist.
1764 2547 1781 2576 1
1800 2566 1812 2587 ,
1836 2551 1888 2576 22
1909 2546 1919 2572 :
1942 2536 2033 2576 Fri·

1168 2599 1601 2653 gMiusglaciepeclus
1607 2602 1794 2641 amantis
1803 2604 1904 2642 erat.
1915 2601 2027 2651 Tae,

1173 2678 1253 2721 pro
1268 2662 1419 2706 amicae
1432 2671 1530 2706 tuae.
1545 2662 1706 2706 Tibull.
1722 2663 1794 2706 lib.
1811 2663 1893 2718 IV,
1911 2664 2035 2722 Eleg.

1174 2744 1242 2774 vn
1255 2762 1268 2786 ,
1290 2731 1318 2774 6
1340 2746 1350 2773 :
1371 2731 1554 2773 Dicetur
1570 2735 1617 2773 si
1628 2735 1724 2787 quir
1738 2748 1820 2774 noa
1835 2734 2036 2775 habuisse

1173 2815 1307 2842 suam.
1338 2797 1404 2841 Ita
1423 2798 1546 2841 enim
1567 2798 1807 2856 legendum
1828 2799 2033 2853 videtur;

1174 2863 1259 2907 nisi
1276 2879 1357 2906 sua
1375 2862 1514 2906 malis.
1538 2863 1708 2907 Hssms.

1232 2931 1326 2988 495.
1357 2930 1530 2972 Medias
1554 2932 1799 2984 abrumpere
1814 2932 2034 2986 flammas.

1180 2999 1316 3041 Curas
1334 2994 1477 3052 prima
1494 2994 1630 3038 editio
1643 3012 1747 3039 cum
1761 2996 1929 3054 scriptis
1945 3014 2039 3040 me·

1177 3061 1358 3105 lioribus
1377 3079 1388 3114 ;
1413 3060 1599 3103 omnino
1618 3060 1733 3104 bene
1757 3078 1768 3104 z
1789 3078 1895 3105 cura
1916 3061 2039 3105 enim

1179 3145 1260 3186 pro
1280 3127 1515 3171 amoribus.
1543 3127 1620 3171 Sic
1639 3127 1760 3171 Dido
1781 3127 1898 3185 apud
1920 3129 2038 3171 Vir-

1180 3193 1345 3251 gilium.
1382 3192 1455 3236 Sic
1476 3193 1639 3241 Noster
1653 3227 1665 3249 ,
1688 3194 1749 3238 sic
1771 3193 1972 3237 Tibullus
1991 3210 2041 3236 ac

1181 3259 1463 3317 Propertius;
1479 3259 1540 3303 sic
1554 3259 1624 3303 alii
1638 3260 1809 3317 passim.
1821 3259 2043 3317 Sequenti

1181 3342 1309 3370 versu
1325 3359 1338 3380 ,
1360 3341 1442 3383 pro
1459 3329 1626 3382 imperii
1625 3325 1731 3381 stra
1746 3328 1880 3383 jussa
1895 3359 1907 3381 ,
1936 3342 2044 3369 rec-

1182 3392 1269 3435 tius
1293 3392 1546 3435 Puteaneus
1562 3425 1574 3443 ‚
1600 3400 1645 3434 et
1666 3391 1755 3435 duo
1778 3391 1849 3436 alii
1868 3408 1919 3436 ex
1934 3407 2044 3434 me·-

1181 3457 1365 3502 lioribus
1380 3490 1392 3513 ,
1404 3457 1525 3512 jura.
1548 3457 1721 3503 HEINS.
