2268 3776
674 303 1086 359 REMEDIA
1145 302 1511 361 AMORIS.

1878 305 1989 384 4¹7

272 418 558 504 Principio
591 416 718 479 clivi
746 433 929 480 vester
959 416 1182 479 anhelat
1209 443 1405 502 equus,

193 520 437 580 Tantum
461 540 517 578 se
546 514 716 577 nobis
744 515 906 595 Elegi
938 515 1136 578 debere
1163 514 1446 591 fatentur;

1908 538 1993 595 395

213 607 215 610 ¹
263 605 568 696 ⁴Quantum
595 612 836 691 Virgilio
867 612 1059 674 nobile
1092 612 1261 674 debet
1293 606 1455 696 opus.

202 734 525 795 HACTENUS
548 728 769 790 invidiae
796 728 1192 813 respondimus
1217 753 1231 790 ε
1259 728 1485 789 adtrahe
1514 726 1633 790 lora

282 827 538 901 Fortius,
571 842 628 887 et
656 851 791 911 gyro
823 851 1010 901 curre,
1040 840 1208 910 poeta
1227 872 1242 899 ‚
1275 839 1393 885 tuo,

202 930 353 1006 Ergo
385 926 486 990 ubi
517 926 881 999 concubitus,
907 940 964 987 et
990 948 1134 1008 opus
1157 922 1398 1006 juvenile
1427 937 1678 1006 petetur,

282 1025 359 1084 Et
387 1047 564 1107 prope
594 1023 882 1107 promissae
915 1038 1164 1105 tempora
1195 1020 1375 1081 noctis
1405 1035 1569 1079 erunt
1594 1045 1606 1091 ;

1918 1039 2001 1097 (wo

208 1118 426 1181 Gaudia
453 1143 521 1179 ne
555 1118 823 1191 dominae,
855 1118 1025 1202 pleno
1057 1118 1103 1178 si
1136 1141 1369 1200 corpore
1401 1141 1584 1178 sumes
1605 1164 1619 1189 ‚

283 1219 365 1278 Te
397 1217 656 1300 capiant;
685 1217 838 1277 ineas
874 1215 1181 1299 quamlibet
1210 1230 1335 1275 ante
1367 1214 1547 1275 velim.

205 1313 534 1395 Quamlibet
560 1314 839 1387 inveniaS‚
866 1313 926 1373 in
957 1337 1068 1396 qua
1102 1312 1206 1372 tibi
1234 1313 1413 1396 prima
1444 1312 1703 1397 voluptas

286 1410 524 1472 Desinat
550 1436 561 1471 :
593 1435 624 1471 a
652 1410 832 1494 prima
860 1411 1114 1494 proxima
1147 1410 1333 1489 segnis
1360 1411 1481 1471 erit.

206 1510 526 1571 Sustentata
551 1510 746 1569 Venus
778 1509 1120 1588 gratissima:
1151 1508 1359 1588 frigore
1392 1508 1566 1582 soleS‚

1923 1529 2006 1585 405

292 1605 422 1667 Sole
447 1606 644 1688 juvant
672 1606 884 1667 umbrae
909 1631 921 1666 ε
953 1622 1106 1685 grata
1134 1606 1200 1666 fit
1219 1605 1383 1667 funda
1414 1606 1524 1667 siti.

209 1705 284 1765 Et
312 1701 517 1787 pudet,
549 1717 605 1764 et
634 1702 840 1775 (licam,
868 1705 1142 1764 Venerem
1174 1694 1399 1787 quoque
1424 1703 1595 1785 junge.
1626 1703 1831 1782 ligura,

292 1802 424 1881 Qua
451 1800 678 1861 minime
704 1800 900 1882 jungi,
928 1824 1205 1884 quamque
1234 1800 1425 1862 decere
1454 1814 1636 1883 putes,

210 1971 291 2015 pro
310 1958 476 1999 honora·
495 1971 508 1999 .·
529 1963 580 1999 ut
598 1957 774 1999 honesta
781 1954 911 2011 sama
937 1953 1065 1999 dica-

209 2029 284 2064 tur
296 2052 309 2075 ‚
329 2035 427 2077 quae
442 2028 622 2076 paratur
634 2035 685 2062 ex
700 2018 956 2077 elegantiori
969 2035 1067 2063 eru-

211 2084 394 2129 ditione.
416 2084 583 2129 Bumu.

263 2153 359 2214 394.
378 2153 536 2198 Noster
550 2153 727 2195 anhela!
743 2167 882 2209 equus.
922 2152 1073 2195 Vester

210 2217 376 2274 Regius
401 2225 446 2262 et
469 2224 558 2261 tres
591 2216 659 2259 alii
683 2233 694 2259 ε
717 2217 874 2259 melius
899 2232 909 2259 :
935 2223 987 2258 ut
1013 2213 1069 2258 ad

209 2282 398 2327 livorem
416 2282 654 2326 reseratur.'
672 2281 842 2326 HEINS.

266 2346 362 2407 396.
381 2348 592 2402 Quantum
609 2348 787 2402 VtrgiIt'o
801 2347 939 2388 nobile
950 2347 1075 2388 debet

213 2427 332 2468 opus.
361 2411 481 2468 Epos
506 2411 678 2468 legebat
697 2411 904 2454 Muretus
919 2443 932 2465 ,
955 2409 1071 2467 apud

217 2479 461 2524 Ciosanum
482 2492 493 2519 ε
513 2478 632 2536 quod
652 2478 686 2522 si
699 2478 769 2522 hic
781 2477 1068 2528 admittimus,

216 2545 352 2590 etiam
366 2544 508 2589 Statio
523 2545 608 2588 erit
618 2543 914 2598 reddendum,
926 2543 1002 2586 ubi
1020 2543 1076 2586 de

216 2612 375 2655 Heroo
395 2611 590 2654 carmine
604 2643 616 2665 ,
638 2609 756 2668 Sylv.
779 2610 822 2663 1,
848 2607 998 2651 Carm.
1020 2622 1075 2662 11,

222 2676 314 2732 148.
329 2676 431 2720 Hoc
445 2684 595 2720 tamen
612 2674 798 2720 Nasonis
819 2674 915 2717 loeo
934 2673 1078 2731 vulga·

218 2751 314 2786 tam
333 2741 511 2785 lection.
531 2757 623 2785 non
643 2750 813 2785 temere
830 2741 1075 2795 sollicitem,

217 2807 462 2865 praesertim
477 2823 618 2864 quum
630 2807 777 2864 scripti
792 2806 962 2850 codices
976 2822 1080 2850 nos-

219 2873 278 2916 tri
293 2888 449 2917 omnes
462 2889 543 2930 pro
560 2889 611 2917 ea
628 2882 747 2917 stent
763 2886 772 2912 :
788 2888 893 2915 nam
914 2889 993 2930 per
1008 2889 1079 2915 no-

218 2940 304 2982 bile
316 2953 420 2993 opus
440 2937 546 2994 quid
565 2938 801 2996 intelligat,
826 2938 927 2982 satis
949 2953 1080 2995 appa*-

215 3013 307 3058 ret‚
330 3020 471 3062 quum
492 3003 547 3047 de
563 3004 750 3062 Virgilio
767 3005 989 3061 loquatur.

275 3070 371 3130 398.
402 3073 584 3115 Fortius.
613 3072 795 3112 Forlt’ler
824 3071 1078 3114 Puteaneus

219 3143 266 3178 et
286 3133 376 3178 duo
397 3133 467 3178 alii
489 3146 500 3173 ε
530 3133 629 3177 vide
651 3133 764 3177 insra
793 3134 886 3189 435.

274 3201 372 3254 401.
399 3201 530 3242 Pleno
548 3203 593 3241 si
607 3215 775 3255 corpore
794 3214 951 3241 sumas.
967 3201 1079 3242 Pec-

222 3271 311 3308 tore
331 3264 584 3308 Puteaneus
612 3271 657 3307 et
677 3263 824 3307 Jureti
851 3272 1051 3320 excerpta
1065 3297 1078 3319 ,

225 3345 330 3374 cum
351 3329 441 3372 aliis
462 3329 701 3372 nonnullis.
724 3329 891 3371 Hmzs.

1149 1954 1306 2010 ciebat,
1322 1957 1494 1999 recidat.
1509 1978 1565 1988 —
1583 1956 1630 1999 A
1640 1959 1792 2011 prima.
1809 1956 2011 2002 Imitatus

1149 2019 1264 2064 hanc
1290 2020 1563 2064 locutionem
1579 2021 1682 2063 Juv.
1700 2021 1791 2065 Sat.
1814 2036 1841 2064 x
1861 2056 1872 2077 ‚
1903 2026 1977 2066 125
1997 2036 2007 2062 :

1317 2096 1507 2137 conspicue
1519 2095 1632 2127 divina
1645 2095 1828 2138 Philippica
1841 2097 1935 2129 snmoe
1951 2123 1960 2136 ,

1149 2157 1301 2188 Volveris
1318 2167 1341 2187 a
1351 2157 1471 2199 prima
1486 2169 1559 2199 quoe
1573 2158 1732 2199 proxinm.
1955 2199 1960 2206 ι

1152 2215 1303 2271 Hujus
1333 2230 1440 2257 vero
1475 2216 1683 2272 praecepti
1711 2216 2012 2262 salubritatem

1154 2287 1200 2323 et
1234 2278 1539 2323 efficacitatem
1572 2279 1745 2324 docebit
1779 2281 1959 2326 historia
1987 2302 2012 2327 a

1154 2344 1336 2389 Valerio
1366 2345 1565 2388 Maximo
1601 2346 1759 2390 tradita
1787 2347 1859 2391 lib.
1891 2350 1981 2393 vn
2000 2384 2014 2406 ,

1155 2428 1247 2469 cap.
1270 2425 1326 2454 111
1342 2444 1354 2465 ‚
1379 2410 1577 2468 Exempl.
1599 2430 1660 2456 10.

1213 2477 1307 2530 405.
1319 2479 1491 2531 Frigore
1497 2480 1621 2520 soles.
1634 2475 1909 2523 concinnius
1918 2479 2018 2523 Sar-

1159 2541 1309 2584 ravian
1316 2558 1363 2584 us
1375 2550 1419 2585 ct
1433 2542 1627 2599 quinque
1642 2543 1728 2598 alii,
1731 2543 1904 2600 srrgrora
1915 2549 2018 2589 sole.

1160 2604 1248 2648 Alii
1267 2605 1471 2662 totidem,
1481 2606 1650 2663 frigora
1667 2611 1802 2651 soles:
1819 2610 2016 2666 proxime

1160 2686 1331 2714 verum.
1355 2672 1525 2716 Hssms.
1548 2673 1645 2728 Ego
1665 2674 1884 2731 vulgatam
1907 2677 2016 2719 reti-

1159 2751 1247 2779 neo
1261 2769 1273 2791 ,
1295 2745 1346 2780 ut
1362 2746 1545 2781 venusta
1560 2748 1760 2782 servetur
1773 2742 1989 2797 oppositio
2005 2759 2016 2786 :

1158 2805 1272 2844 soles
1300 2817 1406 2845 vero
1426 2812 1530 2846 sunt
1566 2821 1776 2847 serenum
1800 2815 1846 2848 et
1872 2806 2016 2851 calore

1163 2876 1340 2927 gratum
1360 2869 1533 2912 coelum.
1558 2871 1722 2913 BURM.

1215 2938 1311 2992 407.
1337 2938 1511 2979 Veneris
1521 2943 1680 2993 quoque
1681 2938 1819 2993 junge
1815 2941 2017 2995 figvram.

1167 3003 1364 3044 Venerem
1371 3002 1511 3056 junge
1513 3004 1661 3058 figura
1686 3002 1851 3059 Regius
1871 3013 1916 3047 et
1931 3006 2023 3048 Pu-

1158 3074 1356 3118 teaneus,
1373 3081 1453 3121 pro
1466 3065 1635 3109 diversa
1650 3066 1853 3121 lectione;
1872 3070 1988 3113 bene
2005 3088 2017 3114 :

1164 3130 1390 3186 quomodo
1424 3140 1468 3173 et
1490 3130 1579 3173 duo
1607 3131 1678 3174 alii
1703 3149 1713 3175 ε
1746 3143 1791 3176 et
1814 3137 2024 3191 sequenti

1162 3212 1289 3238 versu
1306 3228 1318 3249 ,
1353 3212 1434 3252 pro
1464 3212 1670 3253 quamque
1698 3202 1843 3242 decere
1863 3210 1990 3256 pules
2006 3236 2019 3257 ,

1161 3278 1334 3317 quaque,
1352 3262 1450 3304 libri
1465 3262 1681 3307 meliores.
1697 3267 1836 3309 Putas
1856 3268 2021 3324 Regius

1163 3336 1208 3370 et
1230 3327 1360 3369 multi
1379 3327 1462 3370 alii.
1493 3327 1644 3371 Scribe
1659 3362 1671 3384 ,
1701 3346 1863 3388 quaque
1881 3337 2025 3377 decere

283 3398 379 3452 404.
405 3399 603 3439 Desinat.
626 3397 815 3438 Decidat
830 3394 898 3437 vel
915 3397 1086 3437 occidat
1155 3398 1300 3449 polest
1326 3408 1338 3434 .·
1367 3393 1562 3449 alioquin
1586 3411 1765 3438 sensum
1790 3398 1858 3439 vix
1886 3414 2021 3442 com-

230 3475 346 3506 unus
367 3462 545 3520 Regius.
565 3460 777 3506 Heinsius
796 3460 902 3504 olim
930 3460 1082 3517 conji-
1162 3457 1350 3501 modum
1372 3458 1527 3504 elicias.
1556 3459 1683 3504 Alter
1705 3461 1870 3520 Regius
1885 3495 1899 3518 ‚
1937 3467 2024 3510 Ve-

424 3547 515 3601 II.

1721 3566 1791 3621 27
