2268 3776
272 294 343 349 36
720 295 786 348 Ρ.
833 295 1140 351 OVIDII
1190 297 1581 354 NASONIS

348 411 463 469 Nec
495 423 674 469 tamen
704 408 930 492 eloquio
955 409 1140 490 lingua
1170 428 1402 473 nocente
1434 429 1594 474 caret.

1985 454 2038 481 20

267 508 407 567 Fors
436 530 522 565 me
551 506 786 565 sermoni
818 521 1009 567 testem
1041 507 1226 568 dedit:
1255 508 1348 569 illa
1377 511 1640 571 monebat

347 601 530 670 Talia;
562 625 646 662 me
680 602 928 684 duplices
959 604 1245 665 occuluere
1274 606 1439 666 sores.

222 727 250 752 «
275 698 417 767 Scis,
449 697 607 771 hera,
642 713 720 770 tc,
752 723 871 760 mea
900 699 1020 773 lux,
1051 702 1234 782 juveni
1264 702 1535 784 placuisse
1561 703 1746 764 beato,>

344 796 540 866 Haesit,
576 809 630 854 et
659 795 717 854 in
743 796 898 856 vultu
928 798 1177 858 constitit
1206 822 1382 880 usque
1414 814 1528 858 tuo,

264 895 338 952 Et
362 892 450 952 cui
480 916 592 951 non
622 891 874 974 placeas?
903 894 1043 954 nulli
1074 910 1166 954 tua
1197 895 1374 955 forma
1402 894 1643 955 secunda
1671 911 1770 956 est.
1826 935 1829 936 ν
1981 916 2034 956 25

344 990 439 1048 Me
469 989 747 1048 miseram!
782 990 985 1069 dignus
1014 1015 1243 1074 corpore
1277 991 1458 1052 cultus
1487 993 1660 1052 abest.

262 1086 399 1145 Tam
427 1085 557 1146 felix
587 1110 760 1159 esseS,
794 1112 956 1170 quam
987 1088 1412 1162 formosissima,
1445 1087 1671 1149 vellem!

342 1183 471 1241 Non
496 1208 623 1262 ego,
657 1198 709 1244 te
738 1183 882 1244 facta
908 1185 1101 1258 divite,
1135 1202 1348 1269 pauper
1378 1209 1489 1246 ero.
1678 1190 1685 1194 ’

261 1278 429 1338 Stella
452 1280 556 1340 tibi
586 1283 832 1364 oppositi
859 1283 1052 1342 nocuit
1078 1283 1351 1343 contraria
1380 1282 1580 1342 Martis
1608 1306 1622 1340 ε

341 1378 497 1437 Mars
525 1378 686 1453 abiit3
713 1379 874 1457 signo
905 1404 1053 1440 nunc
1079 1383 1272 1441 Venus
1301 1396 1429 1463 apta
1458 1403 1575 1440 suo.
1783 1413 1789 1421 =
1984 1395 2037 1436 30

259 1552 417 1578 merare
428 1536 693 1591 Puteaneus,
715 1535 868 1592 aliique
880 1536 1082 1580 meliores
1093 1570 1106 1592 ,

261 1610 306 1643 et
326 1609 457 1644 recte.
481 1600 673 1657 Epistola
697 1602 902 1645 OEnones
928 1613 1031 1644 101:

260 1676 311 1706 Ut
323 1677 429 1706 minor
443 1675 577 1707 Atrides
594 1678 748 1708 temerati
764 1676 884 1708 foedera
902 1677 976 1708 lecti

305 1738 441 1781 Clamat.

266 1796 323 1840 Et
345 1797 390 1839 in
412 1797 521 1840 libro
546 1797 730 1839 Metam.
752 1808 791 1838 11
807 1829 818 1851 ,
843 1798 919 1856 591
944 1809 955 1836 :

263 1875 338 1913 An,
353 1886 424 1916 (με
439 1886 495 1916 pei·
508 1880 607 1905 totam
621 1883 671 1904 res
689 1880 736 1903 est
753 1873 921 1903 notissima
935 1873 1065 1905 Lesbon
1076 1898 1088 1913 ,

263 1936 413 1974 Ignorata
427 1933 487 1965 tibi
509 1941 576 1972 est,
596 1933 738 1974 patrium
757 1939 930 1962 temerasse
944 1931 1052 1962 cubile

262 1996 480 2038 Nyctimenen
495 1995 513 2027 ⁰?
814 1994 946 2024 Hmns.

318 2074 384 2100 22.
411 2059 619 2112 Duplz‘ces
635 2057 770 2111 fores,
809 2054 924 2109 Quae
953 2054 1111 2111 duplici

262 2122 406 2165 tabula
454 2121 709 2164 constabant
732 2152 743 2173 ‚
797 2118 1111 2176 dupliciterque

264 2187 582 2244 aperiebantur.
605 2184 767 2228 Graecis
788 2185 879 2241 pari
899 2185 1034 2228 modo
1058 2192 1113 2230 δι·

262 2258 398 2300 >eldat-3.
426 2252 592 2294 Hnms.
623 2274 678 2282 —
713 2252 953 2294 Occuluere.
983 2253 1115 2293 Deti-

264 2332 408 2365 nuere,
434 2314 744 2357 hlentelianus.

322 2382 387 2423 23.
417 2383 544 2422 Hera.
569 2381 612 2424 O
635 2380 826 2423 domina.
847 2382 1006 2422 Herum
1026 2380 1113 2423 ad-

265 2447 394 2503 pellat
411 2447 547 2503 ipsam
563 2447 755 2502 puellam
769 2479 781 2501 ,
804 2455 854 2489 ut
871 2446 909 2489 ei
924 2446 1114 2490 blandia-

266 2523 362 2568 tur,
397 2530 443 2556 ac
475 2514 828 2556 benevolentiam
857 2522 1011 2569 captet.
1042 2514 1113 2556 Sic

267 2579 399 2622 etiam
414 2579 563 2635 incipit
576 2579 722 2635 Elegia
738 2578 789 2620 ad
802 2578 1116 2635 Demophoon-

267 2654 383 2701 tem,
408 2646 519 2703 apud
543 2646 743 2702 Propert.
767 2645 876 2688 libro
897 2645 1114 2687 secundo:

266 2717 335 2749 Scis
345 2719 359 2754 ,'
371 2714 448 2744 here
459 2725 503 2744 mi
514 2738 524 2753 ,
543 2715 661 2747 mulas
677 2714 795 2755 pariter
808 2714 965 2754 placuisse
977 2714 1111 2754 puellas,

269 2778 323 2821 In.
354 2775 542 2832 quodam
575 2784 722 2818 tamen
755 2774 854 2818 MS.
884 2774 1116 2830 exemplari

268 2843 477 2898 scriptum
490 2841 573 2898 legi
587 2874 598 2895 ‚
614 2843 709 2883 bere
723 2856 850 2897 pere,
870 2856 962 2882 non
975 2857 1116 2896 pera:

271 2923 366 2963 quae
399 2907 524 2949 lertio
553 2906 658 2948 mihi
688 2922 780 2948 non
813 2904 1004 2961 displicet
1024 2938 1034 2958 ,
1067 2914 1117 2947 ut

270 2975 373 3014 κοιϊίεΥ
388 2974 429 3014 vo*
451 2974 678 3026 σιοπώμενον
698 2969 1010 3026 intelligamus,
1035 2970 1117 3026 pri-

272 3036 341 3079 die
354 3051 485 3092 quam
501 3036 553 3078 ad
569 3036 826 3079 tentandam
841 3037 1028 3093 puellam
1046 3053 1118 3079 ac-

271 3102 461 3144 cessisset
478 3102 572 3143 lena
589 3102 678 3145 haec
693 3135 704 3156 ‚
728 3118 825 3144 eam
841 3103 975 3145 visam
989 3103 1115 3144 fuisse

273 3183 296 3209 a
318 3165 506 3222 quodam
528 3167 686 3221 juvene
705 3200 715 3220 ,
747 3169 819 3224 qui
841 3167 986 3210 statim
1005 3167 1116 3210 illius

274 3246 431 3277 amore,
443 3239 668 3286 correptus
687 3231 740 3273 sit
758 3264 768 3284 ,
793 3248 871 3287 pro
893 3248 980 3288 quo
999 3247 1118 3274 nunc

273 3293 364 3337 haec
382 3297 511 3337 verba
531 3296 656 3338 saciat
672 3295 839 3352 Dipsas.
859 3299 970 3339 Here
987 3297 1118 3353 igitur

274 3357 527 3401 adverbium
558 3368 620 3402 est
639 3393 649 3412 ,
679 3376 758 3415 pro
778 3363 895 3411 heri‚·
918 3370 967 3403 ut
987 3369 1119 3403 staret

275 3438 432 3467 versus.
446 3423 574 3466 MAR.
592 3424 726 3467 Recte
741 3424 918 3479 quidem
929 3425 1117 3467 Marius:

1188 1537 1265 1582 sed
1292 1553 1384 1580 non
1414 1553 1522 1595 opus
1553 1543 1618 1580 est
1644 1552 1723 1592 per
1749 1537 1871 1586 bere,
1900 1537 2038 1590 pridie

1188 1601 1431 1659 intelligere
1448 1635 1460 1657 ,
1495 1617 1633 1658 quum
1660 1609 1705 1643 et
1726 1600 1894 1657 longius
1912 1608 2036 1642 tem—-

1190 1684 1270 1725 pus
1285 1676 1411 1711 notet
1423 1701 1435 1723 ,
1458 1675 1502 1710 et
1522 1682 1603 1724 pro
1618 1683 1752 1722 nuper
1761 1674 1910 1708 utatur
1922 1665 2038 1708 Ter-

1190 1733 1282 1776 tull.
1306 1732 1430 1789 Apol.
1454 1734 1492 1786 4.
1523 1726 1596 1776 ὃῖο
1615 1748 1712 1775 cras
1731 1732 1863 1774 etiam
1884 1730 1936 1773 de
1945 1731 2036 1786 su-

1191 1803 1283 1842 tura
1302 1833 1312 1851 ‚
1345 1807 1396 1842 ut
1417 1807 1585 1841 notum.
1615 1799 1778 1842 Bumu.
1809 1822 1864 1831 —
1883 1800 2042 1840 Juveni

1183 1869 1401 1922 placuisse
1421 1869 1556 1909 beato.
1579 1864 1629 1909 Id
1651 1874 1715 1909 est
1729 1899 1740 1920 ,
1763 1881 1895 1922 quem
1913 1864 2037 1907 donis

1192 1930 1395 1974 omnibus
1413 1931 1614 1974 instruxit
1634 1931 1811 1973 fortuna
1830 1941 1840 1968 ε
1862 1928 2038 1971 Tibullo

1193 1994 1381 2051 denique
1402 1994 1599 2050 cuidam,
1629 1994 1684 2038 de
1706 2004 1793 2051 quo
1814 1993 1970 2036 Horat.
1991 2006 2009 2035 1
2023 2026 2035 2043 ,

1193 2058 1275 2116 Ep.
1296 2073 1345 2102 1v
1358 2092 1369 2114 ,
1393 2059 1420 2102 6
1442 2075 1453 2102 :

1571 2156 1610 2166 ...
1632 2131 1678 2166 Di
1692 2133 1750 2164 tibi
1767 2133 1905 2164 formam
1920 2157 1931 2172 ,

1191 2190 1235 2225 Di
1249 2193 1310 2224 tibi
1322 2193 1453 2225 divitias
1467 2194 1626 2225 dederunt
1636 2199 1803 2235 artemque
1815 2192 1957 2224 fruendi.

1249 2257 1313 2310 24.
1335 2257 1475 2298 Hoesit
1485 2290 1495 2306 ,
1515 2261 1560 2298 et
1570 2259 1615 2297 in
1629 2259 1746 2298 vultu
1757 2259 1952 2298 constitit
1965 2271 2040 2298 us-

1193 2336 1271 2376 que
1293 2325 1375 2363 tuo.
1408 2318 1559 2362 Simile
1589 2319 1671 2362 hoc
1692 2319 1863 2362 illustris
1887 2319 2039 2361 Douza

1194 2402 1284 2429 esse
1314 2394 1439 2428 notat
1460 2385 1540 2427 illis
1570 2384 1767 2427 Petronii
1790 2400 1880 2440 cap.
1908 2397 2039 2426 xxvl:

1194 2452 1258 2492 Et
1263 2454 1362 2505 quia
1374 2451 1726 2492 considerantium
1739 2451 1945 2490 boeserant
1956 2451 2042 2490 vul·

1194 2519 1275 2557 tus.
1295 2515 1409 2571 Quae
1423 2523 1571 2557 tamen
1587 2529 1668 2570 ego
1680 2513 1847 2556 diversa
1861 2529 1950 2556 esse
1964 2530 2039 2569 pu·

1195 2589 1242 2623 to
1263 2595 1272 2621 :
1293 2579 1350 2622 ibi
1373 2580 1495 2622 enim
1515 2576 1724 2620 beser'ant
1737 2610 1748 2631 ,
1772 2587 1836 2621 est
1855 2593 1935 2633 pro
1954 2593 2038 2620 co·-

1195 2643 1437 2695 haeserant,
1459 2642 1586 2685 vicini
1607 2650 1749 2693 erant,
1768 2650 1811 2683 et
1826 2657 1905 2698 per
1918 2656 2040 2683 eam-

1197 2707 1296 2748 dem
1329 2708 1487 2748 rimam
1519 2707 1705 2760 junctim
1740 2705 2009 2762 speculantes
2032 2722 2042 2749 ε

1195 2774 1265 2816 hic
1294 2774 1433 2829 agitur
1466 2772 1519 2815 de
1549 2773 1697 2828 juveni
1719 2805 1730 2825 ,
1767 2772 1841 2828 qui
1868 2773 2039 2815 obviam

1194 2841 1330 2882 factus
1351 2839 1528 2894 pueltae,
1551 2848 1596 2881 et
1617 2839 1709 2894 ejus
1729 2839 1922 2880 sormam'
1937 2846 2039 2879 stu—

1196 2921 1304 2961 pens
1315 2908 1590 2956 conslilerat;
1611 2912 1679 2959 et,
1702 2912 1751 2946 ut
1770 2903 1925 2958 laqueo
1939 2918 2041 2958 cap-

1195 2979 1289 3024 tus,
1312 2973 1502 3012 haeserat.

1251 3051 1316 3093 29.
1346 3035 1479 3076 Stella
1517 3036 1600 3076 tibi
1619 3037 1804 3088 oppositi
1825 3042 1904 3076 etc.
1947 3032 2041 3075 Cur

1197 3101 1308 3143 male
1332 3116 1399 3142 res
1420 3099 1462 3141 in
1484 3097 1672 3141 amando
1693 3098 1900 3142 cederent
1916 3130 1928 3152 ‚
1951 3097 2041 3153 qui-

1195 3165 1275 3209 bus
1295 3166 1374 3207 sub
1391 3165 1547 3206 Martis
1566 3163 1706 3207 sidere
1728 3164 1842 3206 nasci
1863 3161 2038 3204 accide-

1197 3239 1285 3277 ret,
1309 3246 1400 3272 non
1419 3238 1481 3273 est
1496 3230 1553 3273 ita
1566 3230 1687 3273 facile
1698 3226 2036 3284 conjiciendum,

1199 3311 1334 3352 quum
1381 3311 1578 3338 amorem
1617 3294 1738 3337 Deus
1768 3292 1838 3335 ille
1869 3291 2039 3334 facilem

1199 3360 1307 3402 adeo
1322 3392 1333 3414 ,
1357 3360 1567 3415 totiesque
1590 3366 1789 3415 expertus
1807 3356 1950 3399 suerit.

1253 3424 1320 3466 30.
1342 3426 1480 3467 Venus
1494 3429 1597 3479 apta
1612 3429 1694 3466 luo.
1720 3424 1850 3466 Tuum
1867 3421 2040 3476 signum
