2268 3776
249 328 285 397 4
698 329 763 381 P.
822 327 1117 385 ov1n11
1172 326 1544 384 NASONIS

326 441 571 503 Ventilet
600 463 848 502 accensas
877 441 1012 501 flava
1041 440 1290 501 Minerva
1309 442 1494 502 faces?

249 541 391 621 Quis
420 540 623 623 probet
651 539 708 598 in
737 538 886 599 silvis
920 539 1170 598 Cererem
1199 561 1422 615 regnare
1446 536 1700 618 jugosis?

327 638 470 713 Lege
499 635 823 717 pharetratae
850 633 1097 711 Virginis
1128 656 1250 692 arva
1280 631 1430 691 coli?
1957 664 2004 691 ω

249 731 511 790 Crinibus
535 730 806 807 insignem
837 729 961 810 quis
990 743 1147 788 acuta
1176 727 1400 810 cuspide
1430 728 1704 789 Phoebum

326 828 594 895 Instruat‚
621 824 859 884 Aoniam
887 825 1065 883 Marte
1094 839 1346 885 movente
1377 824 1593 907 lyram?

248 922 391 981 Sunt
421 920 524 980 tibi
552 943 773 997 magna,
806 943 970 1002 puer,
1001 919 1341 1002 nimiumque
1371 921 1621 1003 potentia
1648 943 1840 999 regna,

329 1017 443 1076 Cur
473 1038 613 1097 opus
644 1014 878 1074 adfectas
899 1061 913 1087 ,
942 1015 1229 1075 ambitiose
1247 1061 1262 1087 ,
1295 1017 1541 1075 novum?

247 1114 363 1183 An,
398 1111 549 1194 quod
574 1111 783 1192 ubique
801 1156 815 1182 ,
848 1112 1043 1170 tuum?
1074 1125 1167 1170 tua
1195 1125 1326 1170 sunt
1354 1109 1646 1171 Heliconia
1673 1112 1916 1194 Tempe?
1959 1130 2006 1171 15

328 1207 438 1265 Vix
467 1207 629 1266 etiam
658 1206 873 1266 Phoeho
898 1206 1009 1287 jam
1030 1204 1147 1288 lyra
1176 1220 1295 1266 tuta
1322 1229 1420 1265 sua
1442 1208 1569 1266 est?

248 1304 438 1383 Quum
466 1303 606 1362 bene
635 1302 872 1362 surrexit
897 1325 1057 1361 versu
1083 1324 1226 1361 nova
1252 1301 1454 1384 pagina
1480 1301 1684 1384 primo;
1751 1316 1754 1320 '

327 1399 610 1460 Adtenuat
633 1421 831 1458 nervos
860 1398 1116 1479 protinus
1145 1397 1236 1458 ille
1263 1421 1432 1458 meos.

244 1568 398 1623 vertit,
420 1583 552 1624 quam
572 1565 833 1619 Diomedes,
857 1573 1088 1622 postquam

245 1651 381 1679 manu
409 1634 677 1686 vulneravit,
708 1632 768 1677 sic
793 1633 990 1689 increpat
1008 1632 1088 1674 su—

247 1701 441 1758 gientem
456 1732 467 1754 ,
492 1699 540 1741 Il.
562 1707 594 1742 E
612 1730 623 1752 ,
646 1698 726 1751 348
747 1713 758 1739 ε

246 1771 352 1818 Εἷκε,
363 1768 448 1812 Διὸς
459 1768 625 1824 θύγατερ,
638 1765 794 1817 πολέμου
807 1769 875 1806 καὶ
887 1767 1092 1813 &niet-ivos

244 1820 275 1875 ff
311 1829 393 1884 o’ux’
422 1832 503 1877 ἅλις
522 1862 534 1883 ,
581 1831 660 1872 ὅττι
686 1838 863 1883 γυναῖκας
890 1828 1093 1877 ἀνάλκιδας

331 1897 561 1955 ἠπεροπεύεις
577 1910 587 1943 ;

246 1983 301 1991 -
313 1961 542 2014 Proenpial.
558 1958 610 2000 In
633 1957 832 2000 Palatino
850 1959 980 2002 tertio
1001 1968 1065 2003 est
1078 1992 1090 2014 ,

239 2027 464 2079 proeczjm‘at
478 2036 489 2062 :
506 2030 550 2064 et
563 2022 606 2064 id
623 2022 819 2079 probavit
834 2023 1092 2068 Gebhardus

247 2089 319 2131 lib.
343 2102 374 2131 1.
398 2086 623 2143 Crepund.
643 2102 733 2143 cap.
750 2102 790 2139 13
814 2088 887 2131 sed
910 2089 1093 2132 inconsi-

246 2154 408 2196 derate.
421 2155 648 2207 Praeczjoere
664 2161 728 2195 est
748 2154 867 2196 enim
881 2170 977 2197 rem
991 2165 1042 2197 an
1049 2163 1091 2197 te

251 2219 384 2262 alium
405 2233 586 2274 capere;
623 2225 671 2259 ut
701 2217 782 2274 Ep.
813 2232 911 2261 xvn
935 2252 947 2273 ,
982 2235 1056 2274 107
1083 2235 1093 2262 :

247 2286 465 2337 Proecepla
502 2283 674 2336 gaudia.
719 2283 943 2338 Prafrzpere
987 2299 1092 2326 vero

248 2363 344 2390 rem
359 2380 371 2400 ‚
394 2347 441 2388 in
462 2361 594 2401 quam
614 2346 719 2389 alius
739 2347 809 2402 jus
827 2347 956 2391 habet
969 2381 981 2402 ‚
999 2364 1092 2391 »au—

247 2413 360 2454 ferre
403 2426 482 2466 per
517 2410 607 2452 vim
623 2443 634 2464 ,
677 2419 725 2453 ut
756 2412 912 2467 passim
948 2413 1092 2456 Latini

248 2477 490 2531 scriptores.
505 2474 668 2517 BURM.

303 2541 341 2584 8.
366 2541 559 2587 Ventilet.
569 2539 764 2593 Moveat‚
780 2548 829 2582 ut
840 2548 1021 2584 ventum
1034 2543 1092 2584 sa-

247 2605 355 2659 ciat,
380 2620 468 2660 quo
487 2604 623 2660 magis
643 2603 948 2663 accendantur.
970 2607 1091 2656 Pro-

247 2678 356 2725 pert.
379 2683 451 2722 1v,
474 2681 555 2723 111,
579 2670 659 2710 50:
720 2718 722 2720 Ι

249 2738 344 2768 Hanc
359 2738 470 2768 Venus
480 2761 490 2775 ,
519 2741 555 2766 {it
570 2737 680 2775 vivat,
699 2737 836 2767 ventilat
849 2738 919 2778 ipsa
934 2736 1049 2769 facem.

247 2821 301 2829 —
321 2798 554 2841 Accensas.
583 2796 635 2840 Id
658 2806 744 2851 est,
775 2807 823 2841 ut
850 2799 1092 2842 accendan-

248 2871 331 2904 tur.
361 2862 432 2905 Sic
453 2862 575 2905 Juno
603 2861 655 2905 ad
676 2862 882 2917 AEolum,
912 2863 1015 2906 AEn.
1042 2877 1060 2905 1
1077 2898 1088 2918 ,

247 2943 286 2968 v.
314 2928 391 2983 73:
415 2928 733 2984 Submersasque
751 2928 886 2970 obrue
916 2944 1092 2985 puppes.

246 2991 335 3034 Pro
353 3007 515 3047 puppes
534 2993 686 3046 obrue,
703 3001 751 3035 ut
766 2996 1084 3048 submergantur

296 3072 334 3114 9.
365 3058 571 3109 Regnare.
608 3060 802 3112 Pugnare
830 3058 1088 3115 Neapolita-

245 3135 330 3162 nus
347 3133 486 3162 unus:
508 3136 597 3163 non
621 3122 900 3179 ineleganter.

239 3231 243 3234 ,
302 3201 316 3226 1
330 3201 367 3243 1.
396 3186 584 3226 Crinibus
604 3190 807 3240 insignem
830 3196 909 3230 etc.
935 3185 1087 3230 Cons-

242 3249 420 3304 picuum
451 3250 704 3306 capillorum
735 3253 1084 3308 pulchritudine;

244 3313 359 3369 quod
378 3313 542 3356 decoris
559 3331 695 3371 genus
710 3317 901 3372 Apollini
917 3327 960 3361 et
976 3320 1088 3362 Bac,-

243 3377 327 3420 cho
368 3378 480 3435 apud
510 3388 658 3435 poetas
687 3381 912 3435 peculiare.
947 3383 1086 3426 Testis

249 3440 467 3498 Tibullus,
491 3457 532 3498 1,
558 3444 625 3488 El.
645 3458 717 3499 IV,
740 3446 791 3487 33
812 3463 820 3490 ε

1168 1576 1252 1607 Solis
1268 1582 1384 1606 aeterna
1396 1581 1448 1606 est
1460 1575 1581 1607 Phoebo
1594 1600 1604 1615 ,
1621 1576 1811 1619 Bacchoque
1830 1576 1842 1617 j
1848 1584 1983 1609 aventus
1998 1602 2009 1616 ,

1208 1637 1250 1668 Et
1265 1636 1355 1667 decet
1370 1637 1514 1671 intonsus
1526 1637 1625 1668 crinis
1642 1643 1775 1680 uterque
1795 1640 1912 1671 Deum.

1168 1696 1238 1741 De
1261 1697 1412 1741 Phoebi
1430 1697 1673 1754 Bacchique
1695 1707 1855 1743 aeterna
1872 1701 2011 1756 pueri-

1169 1762 1227 1805 tia
1259 1762 1414 1818 passim
1439 1762 1740 1806 meminerunt
1767 1772 1916 1819 poetae.
1956 1764 2010 1807 In

1168 1825 1295 1869 laude
1325 1842 1497 1883 quoque
1524 1836 1567 1870 et
1592 1828 1724 1885 gloria
1752 1828 1930 1883 sormae,
1965 1829 2009 1871 hi

1171 1890 1259 1933 duo
1286 1891 1376 1934 sere
1403 1892 1612 1949 conjungi
1639 1893 1792 1936 solent.
1823 1894 2007 1947 Noster,

1171 1956 1355 1999 Metam.
1375 1969 1458 2011 111,
1483 1959 1592 2011 420:

1169 2033 1296 2073 Spectat
1319 2031 1411 2062 humi
1434 2033 1557 2074 positus
1580 2032 1761 2072 geminum,
1785 2043 1843 2064 sua
1864 2033 1986 2064 lumina
2000 2058 2011 2072 ,

1274 2093 1364 2124 sidus
1377 2105 1387 2133 ;

1170 2153 1212 2183 Et
1224 2152 1336 2194 dignos
1348 2152 1494 2193 Baccho,
1511 2154 1624 2196 dignos
1638 2161 1671 2186 et
1683 2154 1836 2196 Apolline
1853 2156 1970 2187 crines.

1173 2214 1230 2256 Et
1244 2213 1326 2257 hoc
1343 2214 1435 2271 ipso
1455 2215 1589 2271 libro,
1612 2215 1732 2274 Eleg.
1752 2223 1855 2272 x1v,
1875 2218 1932 2261 ‚31
1949 2231 1959 2259 :

1169 2289 1332 2320 Formosas
1344 2291 1467 2330 periere
1478 2301 1577 2321 comae
1587 2314 1598 2330 ‚
1617 2302 1698 2333 qius
1714 2292 1812 2323 vellet
1828 2292 1949 2334 Apollo
1959 2315 1971 2331 ,

1210 2345 1300 2385 Quas
1313 2345 1410 2376 vellet
1427 2345 1526 2386 capiti
1540 2345 1688 2377 Bacchus
1707 2347 1811 2378 inesse
1827 2358 1900 2379 suo.

1229 2407 1291 2460 14.
1315 2407 1400 2448 Cur
1413 2422 1518 2461 opus
1535 2407 1733 2462 adseclas
1752 2416 1833 2451 etc.
1857 2408 1950 2451 Cur
1967 2409 2011 2452 in

1170 2469 1309 2513 aliena
1325 2486 1459 2527 regna
1472 2502 1484 2525 ,
1497 2470 1728 2514 Musarum
1739 2472 1896 2516 scilicet
1908 2507 1920 2529 ,
1938 2483 2011 2517 tua

1169 2535 1266 2591 jura
1281 2535 1472 2579 extendis
1491 2536 1753 2582 ambitiosius
1770 2538 1792 2582 ἲ

1230 2618 1245 2643 ι
1256 2618 1290 2658 7.
1310 2602 1442 2655 Quum
1454 2604 1557 2644 bene
1568 2608 1751 2646 surrexit
1759 2613 1838 2648 etc.
1854 2605 2011 2661 Quum

1170 2681 1374 2722 prospere
1386 2665 1494 2708 mihi
1507 2667 1694 2710 cessisset
1707 2684 1852 2712 versus
1865 2669 1984 2725 prior
1995 2704 2007 2726 ,

1170 2746 1252 2772 nec
1271 2731 1382 2772 vires
1399 2731 1618 2786 animique
1639 2732 1683 2774 in
1701 2734 1893 2789 proxime
1906 2736 2011 2778 sub-

1168 2803 1457 2850 sequuturum
1486 2794 1724 2839 deficerent
1743 2830 1754 2850 ‚
1787 2813 1932 2842 nervos
1949 2800 2008 2842 ita

1173 2858 1346 2915 Cupido
1366 2861 1593 2915 adtenuat,
1616 2861 1865 2917 imminuit,
1887 2872 1936 2906 ut
1956 2864 2010 2906 ad

1169 2924 1322 2980 prioris
1342 2940 1550 2967 numeros
1569 2925 1807 2981 producere
1828 2927 2010 2971 inferio-

1168 3005 1264 3031 rem
1285 3004 1377 3032 non
1397 2989 1567 3046 possim.
1605 2992 1712 3034 Haec
1731 2992 1820 3048 jam
1842 2994 1931 3036 sere
1948 3026 1959 3047 ,
1982 2994 2007 3035 3

1169 3063 1212 3097 et
1241 3057 1265 3110 4
1283 3073 1293 3107 ;
1334 3055 1409 3098 sed
1445 3055 1533 3098 aliis
1563 3056 1703 3099 verbis
1716 3091 1727 3108 ,
1768 3074 1848 3100 suo
1883 3074 2006 3101 more

1169 3122 1328 3165 Noster
1346 3130 1621 3178 expresserat.

1227 3187 1288 3229 18.
1318 3187 1540 3230 Adlenuat
1559 3203 1705 3230 nervos
1722 3190 1915 3242 protinus
1933 3189 2007 3228 ille

1169 3267 1294 3293 meos.
1307 3253 1526 3295 Proximus
1538 3255 1611 3295 ille
1626 3252 1921 3309 fragmentum
1934 3267 2008 3294 re-

1169 3317 1287 3371 gium
1300 3332 1401 3359 cum
1416 3316 1620 3374 Scaligeri
1636 3350 1648 3371 ,
1671 3325 1715 3360 et
1728 3316 1911 3360 Puteani
1932 3332 2007 3358 ex-

1167 3381 1337 3437 cerptis,
1357 3398 1404 3424 ac
1411 3381 1545 3424 altero
1553 3381 1697 3437 codice
1707 3380 1843 3437 regio.
1856 3380 2004 3434 Forte,

1161 3452 1375 3502 proximus
1406 3451 1503 3491 inde
1532 3456 1721 3505 pentam.
1755 3446 1959 3504 designat.
