2268 3776
758 272 1159 328 REMEDIA
1202 273 1561 331 AMORIS.

339 387 444 447 Est
468 410 612 470 opus
641 411 652 448 :
679 387 885 448 auxilio
919 388 1082 450 turba
1106 387 1292 450 sutura
1323 392 1425 451 tibi
1457 406 1556 452 est.

258 482 460 544 Tristis
491 483 597 544 eris
618 530 632 556 ‚
663 483 709 543 si
740 483 894 545 solus
923 485 1030 547 eris
1055 512 1068 547 ε
1095 485 1442 571 dominaeque
1471 488 1674 550 relictae

337 581 486 640 Ante
517 579 711 647 oculos
739 581 904 643 facies
936 583 1136 656 stabit,
1164 598 1229 644 ut
1256 584 1403 667 ipsa,
1432 600 1576 646 tuos.

256 679 497 741 Tristior
522 679 728 742 idcirco
755 705 869 742 nox
900 696 1006 755 est,
1040 704 1205 766 quam
1234 696 1481 765 tempora
1508 682 1708 743 Phoebi
1733 708 1746 744 :
1969 702 2050 746 583

337 778 479 858 Quae
506 776 711 840 relevet
738 778 923 840 luctus
941 827 955 854 ‚
981 779 1148 841 turba
1177 779 1383 841 sodalis
1414 781 1590 842 abest.

257 875 372 935 Nec
400 873 530 953 fuge
560 873 936 958 colloquium3
963 899 1065 936 nec
1097 875 1171 936 sit
1200 875 1303 937 tibi
1327 875 1497 958 janua
1527 876 1742 950 clausa3

336 978 452 1038 Nec
483 978 725 1038 tenebris
755 977 942 1039 vultus
964 977 1170 1039 flebilis
1201 978 1343 1040 abde
1375 993 1516 1040 tuos,

255 1079 485 1164 Semper
510 1081 655 1142 habe
680 1080 924 1164 Pyladen
942 1128 956 1155 ‚
985 1082 1083 1165 qui
1114 1081 1440 1144 consoletur
1471 1084 1738 1155 Orestem

335 1184 444 1245 Hic
477 1208 700 1268 quoque
733 1185 985 1247 amicitiae
1016 1209 1132 1246 non
1163 1184 1299 1247 levis
1329 1209 1467 1247 usus
1499 1186 1618 1247 erit.

257 1285 413 1366 Quid
442 1287 551 1349 nisi
580 1303 798 1350 secretae
825 1287 1084 1349 laeserunt
1113 1287 1372 1374 Phyllida
1403 1288 1592 1351 silvae?

339 1390 502 1452 Certa
531 1391 682 1452 necis
711 1416 873 1454 causa
903 1407 1022 1453 est:
1047 1393 1370 1454 incomitata
1400 1392 1525 1454 fuit.

255 1491 406 1566 Ibat,
433 1508 497 1554 ut
526 1494 775 1555 AEdonio
807 1495 1049 1557 referens
1082 1496 1355 1558 trieterica
1386 1496 1607 1558 Baccho

335 1597 423 1658 Ire
454 1596 600 1659 solet
626 1597 767 1660 fusis
793 1599 1027 1661 barbara
1060 1600 1223 1661 turba
1253 1601 1458 1672 comis3

255 1699 332 1760 Et
352 1700 549 1774 modo,
579 1726 688 1786 qua
717 1717 966 1786 poterat,
995 1702 1228 1782 longum
1259 1703 1547 1786 spectabat
1576 1703 1631 1763 in
1664 1726 1883 1786 aequor;
1970 1721 2053 1779 595

336 1805 501 1866 Nunc
530 1805 590 1865 in
621 1829 849 1868 arenosa
878 1806 1020 1869 lassa
1044 1807 1263 1890 jacebat
1290 1807 1482 1867 humo.

247 1978 417 2030 populo.
439 1974 528 2019 Alii
545 2008 558 2031 ,
579 1977 725 2030 Nunc,
745 1978 814 2021 vel
824 1979 939 2021 Jum.
958 1976 1111 2022 Codex

256 2039 420 2098 Regius
439 2041 604 2099 optime
623 2058 633 2086 ε

252 2114 330 2147 Non
343 2115 405 2147 tibi
420 2117 551 2148 secretis
560 2140 571 2157 ,
586 2125 703 2159 augent
719 2126 842 2151 secret·
852 2119 978 2152 surore·
993 2144 1003 2159 ‚

293 2178 353 2210 Est
370 2188 452 2219 opu·
468 2189 477 2210 :
494 2179 619 2211 auxilio
631 2179 727 2211 turb·
742 2180 854 2212 sutura
868 2181 926 2213 tibi
939 2188 1000 2213 est.
1023 2185 1066 2215 Η.

310 2239 405 2282 586.
419 2241 520 2295 Qua
537 2243 696 2284 relevet.
720 2243 898 2299 Quaeque
905 2245 1014 2287 levet
1022 2243 1110 2287 edi-

254 2302 397 2356 tiones
418 2304 584 2362 priores
614 2305 783 2367 Micylli
799 2340 812 2363 ‚
843 2307 1110 2354 Bersrnanni

253 2376 298 2412 et
319 2367 411 2413 aliae
427 2403 439 2426 ,
461 2385 564 2415 cum
587 2372 754 2430 scriptis
774 2373 998 2431 plurimis:
1017 2392 1108 2432 quae

252 2436 406 2478 releves
433 2445 520 2483 tres
548 2437 811 2482 Bersmanni
828 2455 838 2483 :
854 2440 968 2484 sorte
985 2474 998 2496 ‚
1025 2458 1109 2498 qua

252 2501 406 2543 releves
417 2503 578 2546 luctus:
594 2519 676 2560 pro
688 2507 827 2549 luctus
841 2502 973 2549 etiam
976 2508 1109 2562 fletus

257 2579 372 2608 unus
397 2566 662 2613 Puteaneus.
681 2592 737 2604 ·—
762 2571 903 2614 Turba
929 2574 1107 2616 sodalis.

255 2629 312 2674 In
335 2631 476 2690 Regio
499 2642 543 2677 et
563 2634 593 2678 J
597 2636 710 2679 ureti
724 2669 735 2692 ,
742 2639 905 2693 fideltlr.

311 2697 404 2741 588.
417 2701 506 2743 Nec
513 2704 1111 2759 tenebrtlrluclusflebilaekadde

253 2769 362 2808 tuos.
387 2767 538 2809 Vultus
543 2769 708 2822 flebilis
721 2770 840 2818 abde,
851 2784 952 2827 cum
967 2769 1109 2825 prima

254 2829 467 2887 editione,
482 2840 527 2890 et
540 2831 695 2883 iisdem
710 2833 877 2890 scriptis
891 2850 1109 2891 reponen-

166 2943 169 2946 ,
255 2894 366 2948 dum
382 2913 393 2945 ;
410 2900 520 2940 abde
536 2902 622 2941 tuis
643 2898 784 2956 prima
805 2897 939 2942 editio
958 2908 1002 2942 et
1017 2899 1111 2958 Bc-

255 2964 364 3021 gius.
395 2963 540 3020 Lego,
561 2966 671 3007 abde
690 2968 812 3007 suis:
829 2981 937 3008 nam
964 2968 1110 3008 oculos

254 3035 352 3073 tuos
371 3027 501 3086 paulo
519 3037 622 3072 ante
640 3038 929 3086 praecesserat.
944 3030 1108 3074 BURM.

311 3095 404 3154 589.
418 3096 584 3150 Semper
593 3097 701 3137 habe
707 3097 899 3152 Pyladen
911 3099 1106 3152 aliquem,

253 3165 332 3217 qui
337 3165 454 3203 curet
463 3168 545 3204 etc.
557 3162 748 3218 Pyladen
758 3193 768 3210 ,
790 3164 912 3216 quite
917 3167 1114 3215 procuret

257 3224 445 3276 RIentel.
467 3241 476 3268 :
499 3224 606 3268 alius
621 3257 633 3280 ,
656 3227 849 3284 Pyladen
877 3230 1011 3269 lecum
1039 3231 1117 3283 qui

253 3297 396 3335 curet:
419 3289 509 3333 duo
522 3323 534 3346 ,
559 3294 718 3333 socium
741 3293 816 3346 qui
828 3297 945 3335 curet
957 3307 970 3333 .-
991 3300 1080 3335 tres
1094 3324 1107 3346 ,

254 3361 333 3413 qui
362 3360 599 3400 consoletur
621 3374 633 3399 :
653 3356 804 3399 malim
821 3389 832 3411 ,
865 3359 941 3412 qui
967 3362 1009 3399 te
1036 3373 1112 3401 so-

255 3424 373 3466 letur.
404 3421 532 3467 Latet
562 3421 724 3480 aliquid
751 3421 918 3469 mendi.
940 3421 1109 3468 HEINS.

1199 1980 1343 2034 Que‘le
1366 1982 1587 2022 comitetur
1613 1977 1783 2021 volebat
1811 1978 2050 2022 Francius:

1191 2043 1266 2088 sed
1280 2059 1361 2087 nec
1372 2044 1543 2101 vulgata
1560 2044 1680 2087 facile
1696 2044 1959 2101 spernenda.
1968 2048 2051 2103 Ps-

1191 2113 1319 2154 laden
1339 2113 1521 2165 aliquem
1535 2142 1547 2164 ,
1565 2118 1614 2152 ut
1632 2110 1743 2152 infra
1763 2113 1835 2166 74¹
1864 2127 1875 2154 ;
1894 2114 2052 2167 aliquis
2092 2147 2098 2150 ,

1194 2178 1405 2227 Calcha,-
1423 2184 1468 2219 et
1487 2178 1593 2229 Quis
1608 2178 1819 2230 Cephalus
1836 2176 1988 2219 Amor.
2005 2178 2025 2220 I
2037 2211 2049 2232 ,

1192 2240 1315 2298 Eleg.
1355 2254 1445 2284 xln
1461 2274 1474 2296 ,
1506 2240 1561 2299 39
1589 2256 1599 2283 :
1630 2240 1704 2283 ubi
1739 2240 1851 2285 vide.
1894 2243 2052 2286 Curare

1192 2313 1343 2348 autem
1374 2305 1508 2349 etiam
1530 2321 1622 2357 non
1644 2305 1940 2363 ineleganter,
1967 2324 2050 2365 pro

1190 2385 1315 2412 curas
1339 2369 1507 2424 levare,
1528 2369 1725 2413 reficere.

1246 2436 1341 2496 593.
1368 2438 1471 2479 Iba!
1484 2443 1533 2479 ut
1549 2438 1747 2480 AEdom'o.
1767 2436 1818 2480 In
1842 2437 2050 2481 nonnul—

1189 2500 1240 2544 lis
1256 2534 1269 2557 ,
1291 2501 1433 2545 Aonio
1449 2518 1461 2544 .·
1478 2509 1522 2545 et
1542 2502 1719 2545 sortasse
1741 2501 1921 2555 melius;
1943 2519 2049 2547 nam

1190 2565 1320 2624 longa
1342 2575 1407 2610 est
1438 2566 1631 2611 secunda
1656 2566 1817 2627 syllaba
1837 2567 1881 2611 in
1905 2571 2048 2612 Aido—

1190 2636 1274 2674 m‘o.
1302 2631 1523 2676 NAUGER.
1557 2634 1700 2676 Aonio
1720 2633 1853 2676 etiam
1875 2632 1930 2678 G.
1953 2635 2048 2678 Fa-

1189 2696 1349 2740 bricius
1364 2696 1419 2740 ad
1440 2697 1593 2756 virgil.
1606 2698 1696 2741 ΧΠ
1714 2731 1726 2754 ,
1746 2697 1925 2742 AEneid.
1938 2699 2045 2743 365:

1191 2778 1323 2818 quern
1346 2762 1443 2806 vide
1466 2781 1478 2816 ;
1499 2762 1575 2807 sed
1596 2764 1776 2822 reserens
1802 2781 1894 2808 non
1917 2764 2050 2809 debet

1191 2827 1377 2872 mutari:
1394 2837 1459 2872 est
1474 2829 1596 2872 enim
1611 2829 1839 2886 proprium
1860 2830 1904 2872 in
1919 2831 2050 2874 saeris

1189 2896 1374 2939 verbum
1389 2928 1400 2949 ,
1429 2911 1525 2951 quae
1544 2895 1799 2950 referuntur,
1822 2905 1866 2940 et
1880 2896 2049 2940 instau-

1190 2970 1370 3015 rantur,
1394 2977 1518 3003 more
1541 2962 1725 3017 antiquo
1746 2971 1789 3004 et
1810 2979 1833 3004 a
1854 2963 2048 3020 majori-

1190 3026 1270 3070 bus
1291 3027 1504 3070 instituto.
1526 3026 1691 3069 BURM.

1249 3094 1343 3150 595.
1372 3093 1435 3133 Et
1452 3094 1593 3141 modo,
1614 3109 1698 3148 qua
1707 3099 1892 3148 poleral‚
1914 3097 2047 3137 lulum

1191 3159 1412 3211 speclabat
1436 3161 1481 3198 in
1514 3174 1660 3212 oequor.
1693 3159 1882 3214 Longum
1912 3177 2051 3216 equor

1190 3223 1337 3278 scripti
1357 3239 1512 3266 omnes
1530 3223 1754 3278 meliores,
1774 3242 1875 3268 cum
1895 3227 2047 3283 primis

1193 3288 1469 3331 editionibus.
1485 3289 1639 3331 Amor.
1659 3290 1703 3333 II
1719 3323 1731 3344 ,
1758 3290 1879 3347 Elcg.
1900 3306 1973 3345 xl,
1991 3295 2014 3334 5
2031 3309 2042 3336 :

1190 3364 1222 3396 O
1238 3366 1361 3395 utinam
1371 3388 1381 3404 ,
1397 3376 1437 3395 ne
1452 3365 1526 3406 quis
1541 3376 1630 3397 remo
1646 3365 1728 3396 freta
1742 3367 1840 3408 longa
1852 3354 1996 3399 moveret
2008 3390 2021 3405 ,

1231 3426 1323 3468 Argo
1338 3426 1482 3460 funestas
1497 3438 1606 3469 pressa
1617 3427 1754 3460 bibisset
1764 3438 1865 3471 aquus
1875 3427 1893 3461 2
