2268 3776
252 302 357 356 320

753 302 817 354 P.
861 301 1158 358 OVIDII
1203 301 1570 358 NASONIS

332 419 541 495 Magna
570 439 760 477 canam
785 441 797 477 ε
826 432 947 478 toto
975 436 1229 502 pectore,
1255 420 1483 499 vulguS,
1510 421 1673 481 ades!

253 514 445 576 Ardua
475 512 771 575 molimur:
804 515 901 576 sed
929 517 1109 590 nulla,
1136 518 1246 578 nisi
1276 519 1471 592 ardua,
1501 520 1694 580 virtus,

334 611 594 672 Difficilis
623 627 816 673 nostra
841 615 1094 696 poscitur
1127 629 1240 675 arte
1269 614 1446 675 labor.

254 707 506 771 Rivalem
533 708 806 792 patienter
835 710 1008 781 habe;
1033 711 1264 770 victoria
1294 726 1476 772 tecum

337 805 523 866 Stabit
546 831 557 865 :
585 806 693 866 eris
722 807 908 884 magni
937 807 1113 866 victor
1141 807 1201 867 in
1235 832 1355 868 arce
1382 810 1418 867 J
1422 809 1555 868 ovis.
1962 825 2045 881 540

258 904 389 964 Haec
415 902 522 962 tibi
549 927 665 962 non
691 901 971 964 hominem
988 951 1003 976 ‚
1033 904 1131 964 sed
1159 929 1394 987 quercus
1425 905 1584 966 crede
1614 905 1873 985 Pelasgas

336 1001 537 1062 Dicere
561 1025 574 1060 :
604 999 686 1060 nil
714 1000 837 1061 istis
867 1025 954 1061 ars
978 1024 1099 1061 mea
1128 1001 1306 1083 majus
1336 1001 1527 1061 habet.

259 1100 464 1158 Innuet
491 1094 624 1156 illa?
648 1095 789 1156 feras
816 1120 828 1156 :
860 1096 1106 1157 scribet?
1132 1121 1202 1158 ne
1234 1112 1396 1176 tange
1428 1096 1675 1158 tabellas.

342 1194 508 1255 Unde
537 1193 711 1267 volet,
747 1194 962 1266 veniat;
996 1219 1218 1278 quoque
1249 1194 1478 1269 libebit,
1510 1210 1613 1256 eat.

262 1295 388 1354 Hoc
415 1293 476 1353 in
505 1291 749 1371 legitima
775 1306 1043 1375 praestant
1071 1317 1244 1354 uxore
1270 1293 1484 1367 mariti,

1969 1308 2050 1364 545

347 1392 541 1472 Quum
568 1406 751 1461 tener,
779 1390 848 1450 ad
875 1405 1059 1474 partes
1088 1405 1149 1451 tu
1180 1416 1434 1475 quoque,
1462 1414 1681 1462 somne,
1702 1390 1871 1450 venis.

266 1491 388 1551 Hac
416 1512 548 1567 ego,
582 1487 877 1561 confiteor,
902 1511 1021 1548 non
1051 1512 1173 1548 sum
1200 1488 1476 1571 perfectus
1504 1488 1565 1547 in
1594 1503 1724 1548 arte.

347 1587 506 1667 Quid
533 1586 769 1647 faciam?
795 1586 1022 1646 monitis
1054 1610 1177 1647 sum
1206 1586 1391 1647 minor
1419 1587 1539 1670 ipse
1570 1586 1724 1646 meiS.

266 1686 434 1746 Mene
460 1682 643 1768 palam
670 1698 880 1744 nostrae
912 1683 1005 1744 det
1037 1683 1330 1767 quisquam
1361 1684 1520 1762 signa
1546 1681 1782 1767 puellae?

349 1782 426 1840 Et
454 1780 676 1864 patiar?
702 1804 804 1841 nec
832 1804 919 1840 me
953 1779 1209 1862 quolibet
1237 1781 1319 1841 ira
1347 1781 1530 1842 ferat?

273 1876 483 1940 Oscula
510 1877 594 1937 vir
621 1876 871 1950 dederat,
897 1878 1150 1951 memini,
1177 1901 1311 1938 suus
1336 1902 1350 1938 ε
1378 1876 1566 1938 oscula
1598 1879 1826 1960 questus

354 1974 491 2033 Sum
520 1972 685 2034 data:
710 1973 967 2033 barbarie
996 1988 1190 2034 noster
1220 1972 1468 2033 abundat
1493 1996 1664 2032 amor.

270 2077 404 2135 Non
434 2070 602 2133 semel
628 2072 740 2131 hoc
769 2071 966 2132 vitium
996 2071 1191 2132 nocuit
1218 2071 1385 2143 mihi;
1414 2069 1631 2130 doctior
1659 2067 1751 2128 ille
1769 2114 1783 2140 ,

358 2175 491 2255 Quo
521 2174 752 2236 veniunt
781 2173 875 2234 alii
899 2173 1226 2234 conciliante
1254 2174 1393 2233 viro,

276 2279 388 2340 Sed
410 2278 607 2341 melius
639 2279 878 2340 nescisse
906 2278 1050 2339 fuit:
1080 2278 1197 2340 sine
1228 2279 1376 2339 furta
1402 2293 1690 2357 tegantur:
1981 2293 2062 2336 555

268 2483 390 2521 paro,
404 2467 619 2511 Schesseri
632 2483 642 2511 :
657 2466 777 2524 quod
784 2483 834 2511 ex
847 2483 956 2511 vers.
978 2484 1043 2524 17,
1056 2483 1130 2511 re-

278 2534 482 2590 petitum.

335 2598 429 2655 537.
457 2597 609 2640 Ardua
628 2601 827 2641 molimur.
856 2599 993 2642 Recte
1024 2599 1132 2655 qui-

279 2661 384 2706 dem
404 2665 597 2705 molimur
612 2670 655 2705 et
672 2665 807 2706 ardua
819 2697 830 2714 ‚
848 2663 948 2707 licet
966 2664 1132 2708 facete.

281 2726 387 2784 quid
405 2726 526 2770 enim
549 2726 713 2769 amanti
735 2730 908 2770 arduum
930 2729 1067 2784 magis
1088 2738 1133 2772 et

280 2791 455 2835 difficile
469 2825 481 2846 ,
505 2807 638 2848 quam
650 2795 819 2834 rivalem
833 2791 993 2835 habere
1009 2793 1028 2835 ,Ρ
1043 2795 1135 2835 Ρα-

278 2861 432 2900 {lenter
445 2873 552 2900 vero
566 2890 580 2911 ,
595 2856 664 2898 vix
684 2855 920 2899 dicendum
935 2874 945 2910 3
961 2873 1045 2900 nec
1061 2858 1135 2900 in·-

280 2921 412 2978 digna
433 2938 536 2965 sane
558 2921 651 2965 talis
666 2924 844 2964 victoria
856 2955 866 2973 ‚
886 2937 982 2978 quae
995 2922 1136 2966 victo—

283 3002 382 3030 rem
393 2986 440 3028 in
453 2986 543 3044 ipsa
555 2988 827 3042 magni-soris
837 3002 934 3029 arce
940 2986 1134 3031 collocet.

281 3053 450 3096 —Nz'sz‘
462 3054 596 3094 ardua
614 3055 757 3094 vl'rlus.
775 3053 878 3095 M’si
888 3053 1023 3094 ardua
1040 3056 1138 3094 vin-

280 3121 402 3167 cunt,
424 3114 652 3159 Editiones
666 3115 833 3173 priores
848 3148 859 3170 ,
883 3115 986 3159 Aldi
1000 3149 1011 3171 ,
1043 3118 1136 3160 Mi-

282 3179 381 3237 cylli
396 3213 408 3236 ,
431 3180 696 3223 Bersmanni
719 3191 762 3225 et
783 3183 931 3239 scripti
958 3182 1136 3225 duode-

283 3244 384 3287 cim.
407 3245 561 3300 Unus,
586 3250 768 3289 vincant.

342 3310 433 3363 544.
469 3310 589 3352 Unde
606 3314 729 3353 volet.
753 3314 878 3355 Libet
892 3312 1066 3370 Aprosii
1084 3313 1139 3357 li-

286 3372 365 3414 ber
378 3405 393 3426 ,
429 3382 472 3416 et
502 3375 766 3419 Bersrnanni
799 3377 932 3421 editio
948 3395 957 3421 :
979 3395 1140 3435 quaque

285 3437 434 3482 Editio
449 3440 616 3499 Micylli
633 3457 642 3486 t
664 3458 791 3499 quare
812 3444 1007 3501 quinque
1026 3444 1137 3488 libri.

1260 2469 1353 2523 545.
1367 2469 1491 2510 Hoc
1470 2483 1513 2510 m
1521 2468 1923 2521 legzffinapraeslanl.
1933 2467 2065 2508 Proes-

1215 2538 1305 2575 {eal
1330 2533 1376 2574 in
1411 2548 1502 2575 uno
1535 2531 1750 2575 Vaticano
1783 2530 1978 2573 rectius:
2008 2536 2059 2570 ut

1214 2613 1344 2654 supra
1370 2598 1475 2640 153:

1213 2667 1252 2697 Li
1258 2674 1288 2698 te
1300 2667 1336 2697 fu
1316 2678 1375 2707 ueg
1358 2673 1412 2697 ent
1423 2674 1598 2708 nuptaeque
1686 2672 1828 2707 s,anupt

1264 2729 1322 2770 55
1332 2745 1346 2769 1
1356 2758 1365 2768 .
1384 2728 1543 2770 Oscula
1551 2730 1618 2769 vir
1629 2727 1811 2768 dederat.
1827 2726 1985 2767 Oscula
1996 2725 2071 2765 ubi

1831 2663 2041 2706 §carii-quint

1214 2793 1396 2841 dederat,
1406 2794 1583 2841 memini,
1597 2806 1688 2841 sua,
1709 2791 1922 2833 Beruens.
1938 2804 2066 2830 unus.

1214 2856 1485 2897 Jmmmisua
1505 2859 1628 2898 basia
1641 2858 1827 2910 questus,
1852 2848 2064 2896 Palatia-¹:

1215 2923 1412 2963 barbaria
1438 2920 1601 2976 Regius
1619 2936 1628 2962 ε
1651 2917 1852 2962 barbariae
1868 2918 2065 2961 Sam-axa:

1215 2988 1399 3027 abundet
1418 3001 1531 3028 unus
1552 2984 1736 3028 Heinsii.

1273 3052 1366 3094 553.
1396 3054 1574 3094 Doctior
1600 3055 1675 3094 ille
1702 3059 1783 3094 etc.
1813 3049 1984 3094 Scilicet
2012 3047 2069 3092 ad

1215 3125 1431 3174 praecepta
1453 3115 1619 3167 danda,
1643 3132 1775 3173 quam
1796 3115 2067 3173 provinciam

1218 3198 1299 3239 ego
1312 3183 1475 3239 suscepi
1488 3200 1498 3235 ;
1513 3181 1588 3225 sed
1604 3190 1818 3239 praecepta
1830 3197 1927 3224 mea
1942 3196 2067 3237 praes-

1218 3256 1310 3290 tare
1330 3264 1422 3290 non
1444 3263 1620 3304 possum
1637 3280 1647 3302 ,
1666 3247 1766 3303 quia
1784 3247 1831 3289 in
1849 3246 1930 3289 hac
1945 3253 2068 3302 parte

1219 3313 1322 3356 artis
1351 3313 1571 3355 amatoriae
1592 3312 1806 3368 perfiectus
1838 3327 1921 3353 non
1948 3325 2068 3363 sum‚·

1218 3379 1295 3422 sed
1316 3381 1477 3422 doclz'or
1493 3379 1562 3421 ille
1584 3386 1673 3432 est,
1699 3377 1774 3434 qui
1791 3377 1904 3420 hanc
1925 3383 2066 3431 potest

1220 3445 1548 3489 conciliaturam
1570 3453 1784 3502 praestare.
1803 3445 1965 3488 BURM.
