2268 3776
513 291 901 348 AMORUM
948 295 1070 347 III.
1107 294 1370 351 '‘ELEG.
1430 297 1589 351 XII.
1845 298 1950 349 215

170 399 474 462 Fallimur?
502 427 571 463 an
600 402 810 463 nostris
840 402 1091 462 innotuit
1118 402 1213 464 illa
1242 403 1490 466 libellis?

252 497 343 558 Sic
372 512 487 559 erat
510 523 522 559 ε
552 498 779 576 ingenio
807 498 1059 582 prostitit
1087 497 1182 558 illa
1209 523 1363 562 meo:

172 594 247 652 Et
274 594 500 665 merito;
527 594 662 677 quid
690 595 836 656 enim
866 595 1057 656 formae
1084 596 1359 678 praeconia
1387 596 1534 657 feci?

254 688 569 750 Vendibilis
600 677 763 774 culpa
789 690 932 752 sacta
960 690 1145 775 puella
1169 714 1291 752 mea
1318 705 1418 751 est.
1913 724 1961 752 ω

177 791 271 853 Me
301 791 527 867 lenone,
556 794 738 879 placet
762 821 774 856 ε
805 796 942 857 duce
970 821 1085 869 me,
1113 795 1416 880 perductus
1446 811 1671 857 amator.

251 900 431 971 Janua
459 922 559 981 per
587 914 806 960 nostras
835 914 917 961 est
949 899 1208 983 adaperta
1236 923 1448 960 manus.

170 1001 260 1062 An
286 1000 538 1084 prosint,
574 1000 833 1074 dubium;
866 1017 1180 1063 nocuerunt
1208 1002 1447 1063 carmina
1477 1025 1705 1085 semper.

249 1105 477 1166 Invidiae
504 1106 711 1167 nostris
741 1105 834 1167 illa
864 1106 1016 1168 fuere
1048 1107 1234 1167 bonis.

171 1207 363 1287 Quum
379 1207 617 1282 Thebae,
642 1233 814 1292 quum
836 1209 1006 1292 Troja
1027 1208 1237 1281 forent,
1261 1233 1432 1293 quum
1459 1208 1687 1270 Caesaris
1710 1222 1854 1280 acta,
1910 1226 1958 1267 15

245 1310 540 1389 Ingenium
569 1312 744 1372 movit
773 1311 892 1373 sola
921 1313 1168 1374 Corinna
1196 1336 1396 1373 meum.

168 1412 390 1474 Aversis
419 1413 633 1475 utinam
665 1415 970 1494 tetigissem
1002 1416 1244 1476 carmina
1274 1414 1486 1487 Musis3

252 1515 501 1579 Phoebus
530 1533 585 1580 et
612 1519 915 1603 incoeptum
940 1520 1283 1582 destituisset
1312 1520 1489 1603 opus!

171 1619 287 1681 Nec
317 1634 529 1695 tamen,
558 1637 623 1683 ut
651 1637 817 1684 testes
846 1648 968 1685 mos
999 1639 1082 1685 est
1111 1623 1300 1685 audire
1329 1637 1551 1707 poetas,

255 1721 560 1786 Malueram
589 1725 772 1786 verbis
801 1727 1025 1809 pondus
1058 1727 1250 1788 abesse
1279 1725 1432 1786 meis.
1905 1753 1958 1781 ειη

171 1826 279 1886 Per
305 1849 409 1887 nos
441 1826 646 1910 Scylla,
678 1828 823 1911 patri
853 1852 1021 1889 canos
1046 1828 1225 1890 furata
1256 1826 1519 1911 capilloS‚

249 1927 408 1989 Pube
430 1929 632 2012 premit
658 1929 883 1991 rabidos
906 1930 1345 2014 inguinibusque
1373 1952 1550 1989 canes,

167 2029 285 2091 Nos
313 2030 551 2114 pedibus
580 2055 792 2116 pennas
820 2033 1100 2108 dedimu5‚
1124 2056 1230 2095 nos
1255 2032 1505 2094 crinibus
1536 2053 1758 2109 angues.

165 2192 308 2256 sudem
334 2193 484 2236 babuit
499 2195 522 2239 ?
556 2193 711 2252 Virgil.
741 2194 890 2253 Eclog.
928 2210 986 2240 111
999 2228 1011 2252 ,

169 2259 244 2312 107
264 2270 278 2302 ,t
309 2257 511 2314 Phyllida
530 2260 647 2301 solus
667 2260 830 2303 habeto.
849 2260 1014 2304 Bumu.

225 2338 242 2364 1
254 2337 269 2364 ι
278 2355 293 2365 .,
302 2324 424 2377 Dure
438 2327 747 2379 meproduclus.
762 2328 991 2370 Perductus
1000 2360 1011 2378 ,

169 2389 354 2433 Putean.
376 2399 422 2434 et
444 2399 631 2447 quatuor
659 2391 729 2435 alii
749 2405 759 2431 τ
780 2391 884 2436 hinc
906 2409 1014 2447 per-

166 2458 374 2507 ductores,
403 2473 484 2514 pro
506 2458 761 2512 lenonibus,
789 2458 901 2516 apud
925 2458 1016 2502 Co-

168 2522 315 2567 micus.
348 2546 404 2557 --
437 2523 612 2580 Quibus
647 2533 795 2568 tamen
835 2524 882 2567 in
915 2525 1017 2570 locis

168 2585 301 2630 etiam
314 2587 487 2644 proprie
498 2587 553 2632 de
566 2588 742 2645 captivis
753 2598 894 2646 potest
906 2590 1014 2648 capi,

169 2648 223 2694 de
233 2666 320 2708 quo
332 2651 430 2695 vide
445 2651 642 2696 Gronov.
655 2652 707 2696 ad
722 2653 934 2708 Livaxxx,
954 2671 1016 2698 12.

167 2716 398 2760 Productus
412 2716 484 2762 hic
502 2718 655 2762 maluit
672 2717 826 2762 Douza
841 2752 853 2774 ‚
875 2728 923 2764 ut
939 2736 1017 2777 pa-

167 2789 231 2827 tet
250 2800 300 2838 ex
321 2785 416 2841 ejus
435 2784 649 2830 adnotatis
669 2785 723 2828 ad
743 2785 818 2829 lib.
838 2799 855 2828 1
873 2819 884 2840 ,
918 2786 1015 2830 Art.

167 2847 270 2892 Am.
292 2850 382 2894 126.
411 2851 551 2895 lnam.

224 2931 240 2956 1
248 2914 287 2958 3.
295 2917 540 2960 Boc-uerunt
543 2921 731 2961 carmina
739 2934 907 2974 semper.
922 2918 1015 2963 Etsi

163 2978 212 3021 in
233 2979 436 3035 omnibus
456 2981 674 3038 impressis
697 2985 1015 3040 exemplaribus

160 3042 223 3086 ita
243 3042 400 3100 legitur
414 3077 427 3099 ,
459 3053 608 3089 tamen
627 3078 640 3100 ,
675 3047 776 3103 quia
796 3047 842 3090 id
862 3065 1013 3094 sensus

159 3107 312 3164 exigit,
327 3107 563 3164 legendum
577 3125 628 3153 ex
637 3112 921 3169 manuscripti
937 3129 1012 3156 co-

162 3169 267 3213 dicis
279 3171 532 3216 auctoritate
546 3174 731 3217 omnino
745 3184 808 3218 est
819 3209 831 3230 ,
850 3179 1011 3221 Nocue-

159 3241 258 3277 runt
272 3240 462 3279 carmina
479 3243 600 3280 certe.
630 3237 833 3282 Dubium
847 3239 891 3282 id
906 3273 918 3295 ,
939 3241 1012 3284 in-

167 3298 260 3356 quit
273 3332 285 3354 ,
297 3299 482 3345 minime
498 3309 582 3356 est,
598 3303 793 3346 carmina
805 3304 916 3348 mihi
931 3306 1013 3349 ob-

166 3363 308 3407 fuisse.
335 3365 466 3409 ΜΔΕ.

227 3431 289 3473 15.
304 3432 437 3486 Quum
457 3434 615 3487 Thebae,
628 3450 747 3489 quum
758 3435 1010 3491 Trojafhret.

1098 2198 1253 2239 Forent
1266 2229 1275 2245 ‚
1306 2194 1446 2252 prima
1467 2192 1622 2243 editio,
1644 2206 1746 2235 cum
1760 2188 1957 2247 quinque

1098 2260 1264 2317 scriptis
1279 2259 1455 2303 :eadem
1468 2260 1510 2300 T
1502 2260 1603 2300 hebe
1616 2271 1788 2313 quoque
1804 2270 1955 2311 agnos-

1098 2326 1156 2368 cit
1175 2338 1184 2364 ε
1203 2334 1330 2381 atque
1351 2323 1411 2366 ita
1434 2323 1644 2373 Putem-3
1668 2335 1812 2376 neque
1829 2318 1953 2363 aliter

1101 2390 1280 2444 Statius,
1296 2389 1526 2447 pluresque
1540 2403 1591 2431 ex
1602 2386 1789 2443 antiquis
1807 2385 1955 2442 singu-

1098 2454 1179 2499 lari
1199 2470 1403 2498 numero.
1427 2455 1595 2497 Hssms.

1158 2540 1173 2565 1
1184 2540 1218 2580 7.
1260 2523 1447 2566 Aversis.
1484 2522 1523 2563 O
1551 2523 1710 2563 utinam
1741 2520 1929 2562 aduersis
1939 2551 1949 2568 ‚

1100 2587 1235 2631 editio
1253 2588 1416 2645 prima,
1441 2585 1723 2638 Ber-smanni,
1754 2591 1798 2627 et
1817 2581 1954 2626 codex

1098 2655 1344 2698 Berncnsis.
1362 2656 1605 2708 Tetiffllrsem
1619 2660 1766 2696 autem
1779 2651 1952 2706 elegan-

1098 2731 1167 2766 ter
1181 2722 1333 2779 :.quod
1346 2723 1535 2766 verbum
1553 2730 1659 2778 puto
1673 2717 1949 2762 reddendum

1097 2785 1292 2830 Martiali
1309 2820 1321 2842 ,
1347 2786 1422 2831 lib.
1446 2799 1503 2828 111
1517 2819 1528 2840 ,
1556 2784 1679 2841 Epig.
1701 2783 1755 2825 38
1773 2798 1783 2824 t

1095 2856 1129 2888 si
1145 2855 1229 2886 nihil
1239 2855 1315 2887 hinc
1327 2857 1438 2887 veniet
1448 2879 1457 2893 ,
1473 2862 1653 2896 tangentur
1663 2853 1807 2884 carmin·
1818 2849 1923 2884 nobis.

1095 2917 1244 2975 Vulgo
1257 2922 1514 2972 pangentur,
1561 2913 1679 2970 quod
1705 2912 1881 2956 obvium
1900 2913 1947 2956 in

1095 2981 1176 3025 hac
1195 2997 1242 3025 re
1259 2979 1421 3024 librarii
1441 2979 1731 3034 arripuerunt.
1752 2977 1917 3020 BURM.

1152 3063 1176 3088 2
1185 3063 1198 3088 1
1206 3081 1216 3088 .
1228 3048 1311 3088 Per
1320 3060 1408 3087 nos.
1425 3044 1530 3086 Post
1539 3042 1657 3085 hune
1670 3058 1862 3098 versum,
1878 3041 1946 3084 in-

1094 3110 1267 3153 terserit
1289 3109 1457 3165 primus
1475 3106 1702 3150 Palatinus
1723 3119 1734 3146 :

1133 3191 1232 3223 Nune
1243 3190 1369 3221 hostem
1382 3190 1506 3230 patitur
1518 3200 1595 3219 cum
1606 3176 1741 3231 reliquis
1752 3188 1869 3220 nvibus

1093 3251 1208 3283 Altera
1214 3251 1322 3293 Scylla
1329 3251 1427 3281 maris
1435 3258 1617 3282 monstrum
1625 3250 1951 3282 medicamineCirces

1132 3313 1223 3344 Pube
1239 3312 1378 3353 premit,
1397 3317 1460 3342 etc.

1092 3397 1148 3406 --
1158 3372 1460 3427 Canos-furata
1471 3375 1665 3427 capillos.
1690 3374 1832 3423 Coros,
1856 3373 1894 3416 P
1898 3388 1951 3415 u-

1093 3446 1206 3481 tean.
1220 3448 1264 3482 et
1279 3437 1384 3494 quin
1395 3453 1479 3494 que
1494 3436 1564 3480 alii
1570 3436 1704 3494 ,quod
1714 3437 1784 3492 sit,
1797 3436 1955 3494 pretio·
