2268 3776
342 267 442 337 144

777 271 840 324 Ρ.
908 272 1207 328 OVIDII
1254 273 1634 331 NASONIS
1688 350 1700 364 ·

413 385 624 457 Crevit3
660 398 715 444 et
746 385 877 446 huic
904 386 1060 470 operi
1089 388 1392 471 quamlibet
1421 384 1583 473 aptus
1614 407 1784 452 eram:

329 489 477 549 Risit
505 490 707 563 Amor,
738 489 1048 574 pallamque
1077 516 1279 566 meam,
1317 495 1608 578 pictosque
1636 496 1944 558 cothurnos
1964 543 1979 571 ‚
2054 519 2106 558 ια

408 592 744 675 Sceptraque
774 593 986 675 privata
1014 609 1125 655 tam
1151 595 1295 656 bene
1324 612 1504 658 sumta
1532 621 1717 659 manu,

328 694 474 755 Hinc
507 719 729 777 quoque
757 719 844 756 me
870 696 1106 756 dominae
1135 720 1341 759 numen
1365 698 1593 760 deduxit
1619 700 1859 785 iniquae3

407 796 602 881 Deque
634 797 967 858 cothurnato
994 813 1113 859 vate
1147 799 1455 883 triumphat
1485 802 1677 863 Amor.

330 900 501 980 Quod
530 899 684 973 licet,
718 915 813 960 aut
841 912 983 962 artes
1012 901 1184 961 teneri
1213 902 1540 985 profitemur
1569 905 1799 978 amoris;

408 1006 517 1066 Hei
543 1004 706 1065 mihi!
738 1005 1024 1088 praeceptis
1052 1029 1256 1083 urgeor
1282 1006 1400 1088 ipse
1430 1006 1565 1067 meis
1588 1009 1602 1067 Ξ
2053 1043 2107 1071 20

330 1190 499 1233 Utrum
517 1203 624 1231 vero
646 1187 747 1231 alias
760 1187 1010 1245 Tragoedias
1030 1187 1175 1243 scrip-

325 1256 428 1299 serit
439 1253 647 1309 Ovidius,
666 1262 741 1296 aut
754 1262 847 1297 acta
859 1253 993 1296 suerit
1006 1255 1172 1303 Medea,

328 1337 503 1378 prorsus
522 1321 754 1363 incertum.

384 1404 400 1429 1
410 1389 446 1429 5.
466 1388 587 1429 Risit
603 1386 759 1435 Amor,
769 1385 1012 1439 pallamque
1026 1399 1172 1425 meam.

326 1453 486 1510 Agitur
504 1452 575 1495 hic
595 1450 649 1494 de
670 1450 780 1507 palla
799 1450 966 1493 scenica
979 1482 990 1504 ,
1007 1465 1092 1505 qua
1110 1448 1173 1490 in-

323 1518 571 1560 duebantur
592 1512 789 1573 personae
806 1530 970 1571 graves,
980 1513 1147 1556 nobiles
1157 1546 1169 1567 ‚

322 1592 367 1627 et
375 1583 717 1637 honoratae‚quae
727 1581 771 1622 in
782 1594 956 1623 scenam
966 1578 1173 1635 tragicam

324 1667 348 1692 a
368 1649 506 1706 poetis
524 1646 848 1690 inducebantur
864 1678 875 1699 ,
898 1653 941 1688 et
961 1644 1084 1700 cujus
1100 1659 1173 1685 re-

324 1724 475 1772 pertor
504 1710 745 1769 AEsehylus.
767 1734 822 1743 ·-—
851 1705 1073 1765 Pict‘osque
1099 1724 1175 1751 co-

325 1783 508 1824 thurnos.
537 1778 790 1833 Purpureos
806 1808 817 1829 ,
840 1774 1012 1817 scilicet.
1038 1772 1174 1815 Color

326 1845 449 1888 enim
470 1857 714 1901 purpureus
736 1839 906 1896 tragicis
933 1837 1174 1880 admodum

326 1919 645 1955 consentaneus
684 1905 864 1950 theatris
887 1937 899 1959 ,
933 1904 978 1946 in
1019 1903 1174 1958 quibus

328 1993 484 2034 regum
506 2008 517 2030 ,
554 1974 894 2031 reginarumque
940 1969 1173 2026 conspicuo

325 2040 592 2100 splendentis
621 2053 826 2096 purpurae
856 2035 1013 2079 decore
1045 2034 1173 2077 illus—

326 2109 462 2152 trium
482 2104 742 2148 infortunati
770 2118 890 2146 casus
917 2110 961 2145 et
980 2101 1174 2143 luctuosa

325 2176 483 2216 funera
501 2168 939 2227 repraesentabantur.
953 2187 1008 2199 ·—
1023 2165 1175 2208 Meto—-

324 2240 498 2299 nymice
520 2239 613 2282 haec
639 2235 788 2280 omnia
805 2251 815 2280 :
833 2233 1085 2290 simpliciter
1106 2267 1119 2289 ‚
1149 2251 1174 2276 a

327 2305 497 2363 tragicis
519 2303 573 2347 ad
591 2302 753 2346 erotica
774 2300 951 2344 evolavi.

387 2370 449 2413 16.
485 2371 591 2412 Tam
611 2371 708 2410 cilo.
730 2368 835 2409 Tam
848 2369 959 2409 bene.
972 2366 1173 2409 Francos.

328 2434 518 2480 Sarravii
532 2467 543 2488 ‚
566 2432 770 2479 Scriverii
800 2440 843 2475 et
869 2448 942 2475 sex
962 2431 1031 2474 alii
1050 2447 1059 2474 ε
1079 2447 1172 2473 non

326 2500 454 2544 male.
481 2500 672 2541 Medeam
701 2498 821 2539 enim
843 2496 992 2540 Ovidii
1018 2510 1172 2540 omnes

328 2564 531 2608 admirati
549 2565 671 2606 fuere
691 2572 859 2606 veteres
871 2596 882 2617 ,
899 2563 1055 2619 quibus
1072 2578 1171 2605 eam

326 2630 502 2689 legendi
513 2629 690 2673 felicitas
704 2629 884 2685 contigit
897 2647 906 2680 ;
921 2631 980 2671 ita
994 2637 1043 2671 ut
1057 2628 1111 2671 de
1125 2645 1170 2671 se

324 2696 511 2741 Ovidius
530 2695 737 2752 potuisset
757 2693 899 2737 dicere
913 2727 924 2749 ‚
955 2694 1070 2750 quod
1094 2710 1171 2738 sua

326 2763 508 2806 OEnone
529 2794 540 2816 ‚
566 2760 702 2817 Epist.
721 2773 751 2803 v
769 2793 780 2814 ,
803 2759 881 2802 86:

362 2834 445 2863 Sunt
452 2830 531 2861 mihi
537 2854 545 2867 ‚
553 2825 633 2871 q‘uas
641 2830 766 2871 possint
774 2835 898 2870 sceptra
907 2828 1031 2867 decere,
1042 2839 1167 2859 manus.

322 2893 624 2948 —Sceptraque
635 2895 869 2947 privata...„
882 2895 1020 2933 sumta
1030 2907 1168 2933 manu.

268 2995 274 3001 ,
325 2957 510 3000 Adludit
543 2956 599 2999 ad
633 2955 932 2999 conditionem
959 2960 1168 3010 priuatam

322 3022 430 3064 vatis
445 3054 456 3076 ,
480 3023 554 3077 qui
575 3020 629 3063 ad
649 3037 771 3078 reges
800 3037 934 3077 usque
958 3022 1165 3077 assurgit,

326 3102 464 3143 quum
475 3086 1105 3143 ipsosloquentes,agentesque
1120 3086 1167 3128 in

323 3152 528 3208 tragicam
539 3167 713 3194 scenam
723 3151 901 3196 inducit.
911 3153 1080 3207 Sceptra
1088 3167 1167 3208 pro

323 3215 530 3274 tragoedia
542 3216 672 3272 poni,
688 3217 864 3272 vulgare
879 3216 993 3272 apud
1007 3225 1167 3273 poetas.

302 3298 309 3306 ²
380 3299 441 3339 17.
471 3283 643 3325 Numen.
660 3282 868 3324 Francius
887 3282 1080 3337 volebat,
1095 3285 1167 3325 lu-

322 3363 439 3389 men:
461 3363 705 3404 perperam.
772 3389 774 3391 .

394 3414 454 3456 18.
500 3416 645 3470 Deque
673 3417 918 3459 cothurnato
949 3421 1046 3458 vate
1085 3424 1165 3459 etc.

1259 1188 1412 1232 Genus
1431 1189 1586 1244 simul,
1610 1200 1654 1234 et
1675 1207 1763 1248 quo
1780 1207 1975 1236 successu
1997 1193 2106 1236 illud

1259 1254 1531 1309 tractaverit,
1551 1254 1726 1299 indicat.
1754 1257 1859 1301 Non
1880 1258 2002 1300 enim
2021 1274 2105 1300 co·-

1258 1318 1477 1361 {humulus
1492 1317 1547 1362 de
1562 1320 1723 1378 tragico
1740 1331 1836 1366 vate
1849 1331 2023 1365 tantum
2036 1321 2106 1364 hic

1259 1382 1532 1439 accipiendus
1554 1418 1564 1434 ‚
1607 1385 1684 1429 sed
1725 1385 1781 1430 de
1827 1402 2105 1443 quocumque

1258 1462 1390 1502 opere
1419 1449 1593 1492 sublimi
1624 1459 1669 1493 et
1687 1451 1931 1507 splendido.
1959 1452 2032 1496 Sic
2051 1451 2104 1493 de

1256 1511 1447 1555 Marone
1471 1514 1685 1559 Martialis
1697 1548 1708 1570 ,
1724 1529 1753 1559 v
1766 1549 1777 1570 ,
1797 1516 1944 1573 Epigr.
1962 1519 1985 1560 5
2001 1533 2011 1559 ε

1295 1581 1425 1612 Grande
1439 1584 1632 1615 cothurnati
1646 1596 1728 1626 pone
1744 1586 1892 1617 Maronis
1909 1597 2005 1627 opus.

1314 1659 1329 1684 1
1337 1659 1374 1700 9.
1396 1644 1525 1697 Quod
1530 1648 1642 1695 licet,
1652 1652 1730 1688 aut
1737 1652 1862 1689 artes.
1874 1649 1937 1689 Et
1938 1654 2101 1702 partes,-

1253 1706 1313 1751 ita
1335 1709 1515 1765 quidem
1535 1710 1581 1753 in
1613 1711 1817 1754 omnibus
1837 1713 2103 1768 exemplari-

1254 1772 1452 1827 bus,tam
1463 1774 1681 1831 impressis
1694 1792 1827 1833 quam
1838 1779 2104 1836 manuscrip-

1255 1838 1308 1881 tis
1322 1871 1335 1891 ‚
1359 1854 1455 1894 quae
1477 1840 1664 1896 plurima
1688 1840 1800 1895 vidi,
1818 1842 2004 1899 legitur:
2025 1844 2101 1886 sed

1254 1903 1363 1946 mihi
1394 1904 1517 1948 valde
1550 1905 1739 1962 placeret
1756 1940 1767 1962 ,
1790 1907 1825 1950 si
1851 1907 2071 1964 legeretur
2088 1943 2100 1962 ,

1255 1971 1349 2013 Aul
1364 1976 1488 2013 artes.
1513 1970 1629 2013 Item
1649 1971 1829 2015 inferius
1852 1987 1862 2014 :
1881 1973 1975 2015 Aut
1994 1977 2110 2029 quod

1253 2038 1481 2091 Penelopes
1501 2043 1582 2078 etc.
1602 2035 1760 2091 Quum
1779 2045 1928 2080 tamen
1942 2039 2102 2082 nullius

1254 2099 1363 2142 adsit
1379 2100 1634 2156 exemplaris
1645 2102 1876 2144 auctoritas
1887 2134 1898 2156 ,
1923 2118 2015 2145 non
2030 2120 2103 2146 au·

1252 2166 1334 2209 sim
1347 2166 1581 2222 quicquam
1598 2167 1832 2210 immutare
1845 2187 1855 2220 ;
1877 2184 2100 2224 quorum—

1253 2231 1355 2277 dam
1387 2235 1585 2292 exemplo
1601 2269 1613 2291 ,
1655 2233 1730 2290 qui
1767 2234 1994 2291 plerosque
2036 2235 2102 2278 la-

1251 2301 1366 2344 tinos
1385 2300 1516 2344 libros
1536 2300 1895 2357 depravaverunt.
1915 2302 2102 2354 Profite-

1252 2384 1360 2418 mur,
1373 2366 1547 2424 proprie
1563 2365 1690 2418 dixit;
1704 2381 1811 2408 nam
1831 2365 1991 2408 artium
1998 2381 2102 2419 pro-

1240 2432 1432 2487 fessores
1451 2431 1659 2475 dicuntur
1674 2464 1687 2486 ‚
1703 2431 1779 2487 qui
1793 2431 1838 2473 in
1857 2431 1919 2474 eis
1939 2430 2100 2474 eruditi

1251 2506 1355 2541 sunt
1365 2530 1376 2551 ‚
1394 2506 1469 2540 aut
1481 2513 1551 2540 eas
1566 2496 1736 2554 publice
1751 2496 1934 2540 docent:
1950 2511 2100 2551 quem-

1252 2561 1495 2605 admodum
1515 2563 1631 2606 Naso
1653 2560 1829 2604 amandi
1846 2569 1998 2604 artem.
2022 2559 2099 2603 Id-

1250 2628 1364 2670 circo
1377 2627 1615 2684 legendum
1627 2627 1935 2679 existimarem,
1950 2625 2093 2673 Artes,

1250 2708 1343 2736 non
1381 2695 1543 2736 Partes.
1585 2690 1874 2746 Intelligimus
1911 2698 2057 2732 autem
2082 2722 2094 2743 ,

1249 2765 1354 2800 tunc
1366 2789 1378 2811 ,
1389 2755 1566 2813 quando
1579 2755 1671 2799 haec
1683 2755 1974 2811 componebat
1984 2754 2097 2797 Ovi-

1249 2822 1345 2865 dius
1362 2855 1374 2877 ,
1409 2821 1604 2864 Amandi
1640 2830 1780 2863 artem
1813 2819 2063 2862 inchoatam
2081 2852 2093 2873 ,

1248 2904 1339 2930 non
1363 2888 1604 2931 absolutam
1622 2886 1749 2929 fuisse
1769 2903 1778 2936 ς
1802 2901 1907 2928 nam
1938 2883 1993 2927 de
2028 2884 2094 2927 his

1247 2954 1385 2996 tribus
1408 2953 1670 3010 Elegiarum›
1682 2950 1831 2993 libellis
1846 2982 1858 3004 ,
1882 2959 2093 3005 tanquam

1247 3018 1388 3072 editis,
1403 3017 1608 3061 meminit
1627 3017 1736 3059 libro
1757 3015 1886 3058 tertio
1900 3014 1954 3057 de
1970 3014 2093 3057 Arte.

1302 3101 1365 3127 20.
1383 3085 1541 3139 Urgent
1548 3088 1650 3139 ipse.
1666 3082 1718 3125 In
1733 3080 1990 3138 quibusdam
2003 3096 2092 3123 me-

1244 3147 1325 3192 lius
1340 3149 1496 3205 legitur
1508 3181 1519 3202 ‚
1541 3150 1768 3204 Torqueor;
1784 3146 1828 3188 id
1843 3155 1922 3199 est,
1938 3161 2091 3188 excru-

1245 3214 1336 3257 cior
1350 3230 1359 3257 x
1374 3214 1474 3270 quia
1492 3214 1684 3257 exclusus
1699 3213 1840 3255 suerat
1855 3213 1907 3255 ab
1928 3211 2062 3254 amica
2077 3229 2089 3264 ;

1246 3290 1293 3323 ut
1314 3280 1462 3336 Elegia
1484 3278 1713 3336 sequenti,
1734 3295 1774 3320 v.
1796 3278 1872 3332 34:

1280 3354 1345 3385 Hei
1362 3354 1456 3393 mihi,
1467 3365 1507 3385 ne
1518 3355 1650 3385 monitis
1668 3360 1816 3394 torquear
1830 3353 1899 3394 ipse
1912 3350 1991 3381 mois
2005 3352 2012 3380 !

1251 3417 1436 3468 Terreat,
1462 3415 1596 3458 editio
1617 3414 1794 3472 Micylli.
