2268 3776
375 297 477 366 146

828 297 894 349 P.
946 295 1233 379 ovmn
1283 295 1654 353 NASONIS

363 413 438 472 Et
466 410 621 470 Paris
651 421 735 468 est
762 406 901 481 illic,
935 422 989 485 et
1018 408 1262 469 adultera
1290 408 1482 477 nobile
1513 409 1751 482 crimem

442 509 517 567 Et
546 528 727 566 comes
758 505 1000 565 extincto
1027 504 1324 566 Laodamia
1350 504 1488 565 viro.

361 605 423 664 Si
447 604 589 664 bene
621 616 673 662 te
702 601 867 674 novi,
898 625 1014 661 non
1040 591 1189 662 bella
1219 600 1485 664 libentius
1511 604 1633 664 istis

440 699 624 772 Dicis;
659 713 715 759 et
739 723 771 759 a
795 699 990 759 vestris
1020 698 1079 757 in
1107 722 1227 759 mea
1253 714 1428 760 castra
1454 699 1618 760 redis.
2076 716 2130 772 40

412 875 477 933 37.
488 877 550 917 Et
558 876 749 917 adultera
762 876 900 918 nobile
910 876 1075 918 crimen.
1091 874 1204 931 Rap-

358 948 427 983 tus
455 939 639 983 Helenae
656 972 667 994 ,
690 939 764 996 qui
790 938 974 983 luctuosi
995 938 1173 996 quidem
1189 972 1202 995 ,

357 1004 434 1048 sed
450 1004 616 1062 poetice
629 1007 783 1047 nobdztc
795 1003 896 1048 belli
909 1020 1080 1048 causam
1093 1020 1206 1061 prae-

356 1069 452 1112 buit
472 1077 516 1112 et
538 1069 784 1111 materiem.

410 1134 477 1177 38.
505 1136 569 1176 Et
597 1149 735 1176 comes
754 1137 940 1177 extincto
967 1136 1205 1178 Laodamia

355 1203 459 1242 viro.
490 1198 610 1241 Hinc
629 1198 728 1243 licet
745 1198 970 1256 colligere,
991 1214 1084 1242 non
1105 1208 1205 1242 tan-

357 1270 453 1306 tum
477 1278 528 1306 ea
546 1271 825 1320 persecutum
846 1264 1052 1306 Macrum
1069 1297 1080 1319 ,
1108 1280 1205 1320 quae

355 1337 453 1384 post
485 1327 675 1371 occisum
706 1328 950 1370 Hectorem
974 1337 1205 1372 consecuta

299 1415 302 1418 ⁴
355 1401 459 1436 sunt
474 1391 573 1436 :sed
594 1401 639 1435 et
656 1391 752 1446 illa,
776 1407 872 1447 quae
893 1391 1085 1435 abinitio
1104 1393 1206 1436 belli

355 1466 475 1514 gesta
488 1458 679 1501 fuerunt.
698 1456 815 1501 Nam
828 1456 882 1499 de
901 1456 1141 1500 Protesilao
1161 1466 1206 1501 et

355 1521 594 1565 Laodamia
605 1537 701 1578 quae
711 1520 923 1565 dicuntur
933 1554 945 1577 ,
956 1521 1085 1579 longe
1103 1531 1204 1566 ante

355 1588 469 1630 iram
492 1586 673 1630 Achillis
692 1586 956 1630 acciderunt.
982 1587 1131 1630 Etiam
1151 1587 1207 1630 il-

356 1650 433 1694 lud
453 1650 681 1694 sciendum
698 1684 709 1705 ,
732 1666 826 1693 non
844 1650 1050 1708 peculiari
1072 1667 1204 1708 opere

357 1731 556 1758 amorem
583 1715 671 1758 sive
694 1714 943 1760 Laodamiae
957 1749 970 1772 ,
991 1717 1078 1759 sive
1109 1717 1205 1760 Pa-

356 1781 462 1825 ridis
479 1790 524 1824 et
545 1781 730 1824 Helenae
750 1787 950 1824 tractasse
974 1781 1206 1826 Macrum:

356 1847 433 1891 sed
461 1848 578 1890 inter
597 1855 740 1890 cetera
761 1846 917 1903 scripta
937 1847 1078 1890 obiter
1093 1880 1104 1902 ,
1132 1857 1206 1892 aut

357 1928 437 1969 per
463 1911 800 1968 digressionem3
821 1926 962 1967 eoque
983 1911 1174 1968 pertinet
1189 1943 1202 1967 ,

358 1976 476 2032 quod
497 1975 568 2019 hic
585 1984 714 2032 poeta
735 1975 863 2020 dicit:
880 1978 971 2020 Nec
990 1979 1092 2026 tibi,
1124 1991 1207 2031 qua

353 2047 502 2094 lutum,
521 2045 624 2092 vali,
646 2042 794 2084 Macer
809 2048 889 2083 etc.
918 2041 1068 2083 Tutum
1085 2040 1206 2083 enim

355 2104 429 2149 hic
455 2104 682 2163 intelligit,
703 2105 749 2149 id
769 2104 887 2162 quod
907 2114 972 2149 est
996 2120 1206 2149 commo-

1287 872 1395 916 dum
1410 882 1454 916 et
1466 873 1632 916 licitum
1644 888 1722 931 per
1733 873 1847 930 leges
1859 872 2022 917 heroici
2036 889 2132 917 car-

1285 938 1428 981 minis.
1451 936 1652 990 Mlcnr..

1283 1040 1288 1046 ,
1341 1005 1409 1057 4ο.
1438 1006 1490 1047 Iu
1504 1019 1597 1046 mea
1609 1009 1754 1046 castra
1766 1006 1889 1046 redis.
1912 991 2131 1060 Quaedani

1287 1068 1547 1125 exemplaria
1554 1068 1732 1124 habent,
1755 1071 1894 1113 Venis.
1905 1072 2038 1112 Redis
2050 1070 2134 1125 pri·

1286 1149 1359 1176 ma
1394 1133 1527 1176 editio
1540 1166 1551 1188 ,
1584 1133 1868 1177 Sarravianus
1883 1166 1895 1188 ,
1929 1142 1973 1176 et
2005 1133 2134 1184 multi

1287 1197 1381 1241 alii:
1402 1206 1520 1241 recte
1541 1214 1552 1241 t
1572 1214 1678 1240 nam
1698 1198 1904 1241 Macrum
1924 1198 2134 1241 amatoria

1285 1263 1498 1319 scripsisse
1520 1264 1610 1319 jam
1631 1272 1755 1318 ante,
1787 1280 1837 1307 ex
1864 1262 1954 1307 istis
1983 1271 2103 1319 patet
2118 1295 2130 1316 ,

1288 1342 1383 1384 quae
1395 1326 1594 1383 supra-ad
1607 1343 1780 1371 versum
1794 1328 1863 1383 35,
1883 1328 1957 1371 ubi
1973 1327 2135 1370 Tibulli

1287 1390 1342 1434 ad
1362 1391 1571 1435 eumdem
1591 1392 1790 1449 Elegiam
1811 1393 2053 1436 retulimus.

1342 1578 1534 1622 Videtur
1550 1578 1710 1623 Noster
1729 1576 1890 1634 Elegiae
1903 1575 2033 1631 hujus
2054 1592 2134 1619 ar-

1288 1654 1551 1705 gumentum
1587 1663 1611 1689 e
1642 1644 1875 1702 Propertio
1915 1643 2132 1700 deprom—

1285 1713 1386 1757 sisse
1399 1745 1411 1767 ,
1426 1711 1523 1769 qui,
1540 1725 1559 1755 1
1572 1744 1584 1767 ,
1599 1711 1720 1768 Eleg.
1737 1729 1758 1768 7
1775 1743 1787 1765 ,
1810 1709 1862 1753 ad
1877 1709 2130 1763 Ponticum,

1294 1779 1535 1829 Thebaidis,
1555 1792 1652 1833 quae
1665 1775 1850 1833 deperiit
1859 1808 1871 1830 ,
1888 1783 2130 1818 auctorem:

1286 1858 1374 1889 Dum
1388 1856 1448 1886 tibi
1461 1855 1608 1888 eadmeoe
1620 1855 1787 1886 ducuntur
1797 1878 1808 1894 ,
1824 1854 1958 1886 Pontice
1967 1876 1978 1892 ,
1991 1852 2110 1884 Thebae
2119 1876 2130 1892 ,

1324 1916 1493 1958 Armaque
1504 1916 1653 1947 fraterna
1666 1915 1771 1946 tristia
1785 1914 1966 1946 militia...

1285 1977 1370 2017 Nos,
1380 1985 1414 2008 ut
1422 1988 1614 2009 consulemus
1616 1983 1761 2018 ,nostros
1767 1977 1927 2018 agitamus
1937 1985 2062 2006 amores
2069 1980 2131 2005 etc.

1286 2040 1382 2083 Pon
1388 2039 1459 2083 tici
1470 2053 1643 2096 quoque
1658 2037 1861 2081 meminit
1871 2035 2133 2090 Naso,Tris-

1286 2104 1399 2148 tium
1415 2138 1426 2156 ,
1450 2117 1498 2148 1v
1510 2137 1522 2159 ,
1547 2103 1668 2160 Eleg.
1690 2117 1718 2146 x
1735 2108 1747 2157 ',
1770 2104 1835 2157 47.

359 2266 2140 2301 w

921 2412 1317 2484 ELEGIA
1365 2359 1570 2481 xlx.

1100 2547 1343 2561 —

746 2758 808 2788 AD
832 2758 1068 2800 QUEMDAM
1089 2780 1101 2802 ,
1134 2739 1279 2791 CUJUS
1309 2760 1508 2791 UXOREM
1537 2757 1741 2791 AMABAT.

366 2886 456 2973 SI
489 2912 595 2973 tibi
620 2936 736 2972 non
764 2936 906 2995 opus
931 2926 1014 2972 est
1044 2926 1278 2984 servata,
1310 2911 1502 2985 stulte,
1533 2910 1752 2995 puella3

443 3010 521 3068 At
548 3009 685 3069 mihi
713 3008 797 3069 fae
825 3032 1027 3080 serveS‚
1056 3032 1166 3090 quo
1198 3004 1371 3086 magis
1400 3009 1518 3091 ipse
1547 3007 1726 3074 velim.

422 3181 457 3214 ι.
489 3166 540 3208 Si
553 3168 637 3208 tibi
650 3181 734 3208 non
753 3181 857 3220 opus
876 3171 943 3208 est
968 3173 1048 3208 etc.
1070 3164 1209 3209 Totus

365 3228 435 3272 hic
465 3237 593 3286 poeta
616 3229 669 3271 ad
702 3235 891 3290 εἰρωνείαν
917 3231 1206 3286 compositus;

363 3308 446 3336 nec
467 3293 605 3336 ullum
638 3295 728 3337 sere
763 3294 832 3336 hic
860 3295 1068 3350 verbum,
1092 3294 1206 3351 quod

364 3373 457 3400 non
474 3358 559 3401 sale
574 3375 652 3402 suo
665 3369 938 3416 aspergatur;
963 3370 1036 3403 aut
1050 3361 1207 3417 potius,

361 3424 566 3479 quidquid
577 3427 777 3480 loquitur,
801 3428 875 3467 sal
881 3431 955 3468 est.
974 3426 1178 3470 Afranius
1195 3459 1206 3479 ,

1293 3165 1406 3222 apud
1421 3166 1626 3209 Priscian.
1645 3166 1693 3208 L.
1708 3180 1749 3209 v.
1763 3165 1898 3222 Quod
1915 3167 1987 3211 ubi
1999 3167 2133 3218 lector

1292 3231 1483 3287 primum
1497 3231 1694 3285 senserit,
1709 3231 1776 3274 vix
1788 3231 1898 3275 ullus
1909 3247 2133 3275 commen-

1292 3296 1402 3338 tario
1423 3296 1562 3347 locus;
1586 3311 1636 3337 ex
1656 3296 1744 3352 ipsa
1764 3312 1811 3339 re
1831 3296 2058 3339 enascitur.
2079 3319 2133 3329 -

1291 3364 1461 3415 Sermla
1474 3365 1630 3416 puella.
1653 3364 1829 3406 Servata·
1840 3365 1992 3417 puella·
2005 3396 2016 3414 ‚
2041 3363 2127 3406 Pa·

1289 3426 1447 3470 latinus
1467 3427 1630 3469 tertius.
