2268 3776
283 307 394 363 366

757 309 822 360 P.
870 306 1171 364 OVIDII
1212 307 1596 365 NASONIS

366 428 513 488 Cura
541 424 675 504 vigil
706 425 889 486 Musis
913 449 1119 488 nomen
1149 428 1343 488 inertis
1373 429 1560 489 habet.

283 526 393 586 Sed
420 524 575 585 famae
601 522 827 601 vigilare
848 524 1003 605 juvet
1028 549 1039 584 :
1068 526 1194 607 quis
1223 541 1419 587 nosset
1449 528 1786 601 Homerum,

359 623 490 683 Ilias
521 636 784 682 aeternum
813 621 860 681 si
888 621 1141 683 latuisset
1170 625 1359 705 opus?

282 720 427 799 Quis
462 720 689 779 Danaen
722 735 940 793 nosset,
975 720 1023 780 si
1051 743 1270 803 semper
1300 719 1484 780 clausa
1511 720 1735 795 fuisset,

1990 739 2076 796 415

361 817 539 898 Inque
571 839 670 876 sua
702 818 840 877 turri
869 817 1226 900 perlatuisset
1255 818 1438 877 anus?

283 941 491 1000 UTILIS
520 953 603 999 est
631 938 793 999 vobis
813 987 827 1012 ‚
855 939 1143 1012 formosae,
1178 941 1344 1001 turba
1364 987 1379 1013 ,
1412 938 1612 1022 puellae
1637 965 1650 999 :

362 1038 517 1119 Saepe
541 1059 711 1114 vagos
738 1036 885 1098 ultra
911 1037 1104 1097 limina
1131 1037 1270 1098 ferte
1303 1037 1492 1121 pedes,

276 1136 368 1197 Ad
397 1134 599 1195 multas
626 1134 759 1217 lupa
788 1135 967 1195 tendit
998 1159 1153 1207 oveS‚
1181 1135 1461 1218 praedetur
1490 1149 1553 1194 ut
1581 1157 1784 1207 unam3

362 1234 438 1291 Et
463 1232 500 1290 J
504 1231 622 1291 ovis
648 1230 709 1290 in
739 1230 942 1291 multas
973 1230 1192 1292 devolat
1218 1231 1329 1293 ales
1357 1255 1498 1292 aveS.

1998 1251 2081 1305 [μω

277 1331 346 1390 Se
379 1353 604 1413 quoque
635 1328 729 1388 det
757 1327 974 1412 populo
1003 1328 1204 1389 mulier
1235 1329 1488 1413 speciosa
1517 1327 1844 1408 videndam:

361 1428 547 1507 Quem
576 1426 782 1497 trahat,
815 1450 842 1485 e
873 1423 1068 1486 multis
1100 1426 1341 1486 forsitan
1370 1448 1520 1486 unus
1551 1424 1670 1484 erit.

281 1524 566 1586 Omnibus
595 1522 691 1583 illa
722 1522 864 1582 locis
891 1537 1111 1583 maneat
1142 1522 1398 1583 studiosa
1428 1521 1685 1606 placendi
1710 1545 1724 1594 ;

360 1627 439 1685 Et
466 1647 652 1684 curam
684 1636 804 1682 tota
830 1636 1015 1683 mente
1047 1621 1264 1682 decoris
1295 1634 1437 1699 agat.

281 1723 458 1784 Casus
487 1720 699 1803 ubique
729 1717 872 1779 vale-t
898 1742 910 1778 z
944 1742 1164 1802 semper
1192 1718 1299 1779 tibi
1328 1717 1568 1802 pendeat
1595 1715 1823 1777 hamus:

1991 1731 2074 1788 425

366 1819 499 1898 Quo
531 1818 757 1878 minime
788 1816 978 1877 credas
1011 1816 1259 1894 gurgite,
1287 1815 1458 1899 piscis
1488 1815 1609 1875 erit.

285 1916 439 1998 Saepe
471 1939 632 1976 canes
660 1914 869 1974 frustra
898 1914 1208 1973 nemorosis
1239 1913 1531 1973 montibus
1559 1926 1743 1972 errant
1767 1935 1780 1970 :

363 2015 543 2095 Inque
573 2011 794 2094 plagam
823 2009 980 2071 nullo
1010 2035 1203 2071 cervus
1235 2024 1432 2088 agente
1463 2009 1628 2069 cadit.

340 2166 436 2220 413.
466 2165 554 2207 Sed
562 2162 698 2218 famae
721 2166 900 2218 vigilare
914 2163 1040 2219 juve!
1063 2172 1144 2207 etc.

289 2233 563 2289 Quanquam
573 2230 665 2273 sine
676 2229 847 2272 honore
857 2229 1029 2286 jaceant
1040 2231 1146 2273 Mu-

286 2313 344 2341 sae
367 2330 379 2352 ,
408 2311 501 2338 non
536 2294 636 2337 ideo
669 2294 815 2337 minus
850 2298 1109 2349 vtgt'landum
1129 2329 1140 2346 ‚

285 2359 666 2416 laborandumque
678 2360 724 2402 in
739 2358 1143 2416 spemhonorandae

289 2424 516 2482 quondam
537 2426 678 2468 samae.
702 2424 839 2480 Quod
860 2440 954 2467 non
973 2425 1027 2467 de
1046 2424 1143 2467 ela—

285 2492 346 2535 ris
366 2492 535 2535 vatibus
561 2500 737 2534 tantum
766 2506 925 2534 verum
945 2500 1035 2545 est,
1066 2490 1143 2533 sed

289 2556 344 2600 de
375 2557 456 2600 illis
488 2557 622 2599 etiam
653 2557 728 2612 qui
759 2556 999 2599 studiosam
1032 2555 1143 2598 adeo

288 2630 464 2678 ponunt
483 2637 663 2678 operam
683 2655 694 2675 ,
735 2621 782 2663 in
802 2619 1145 2678 interpretandis

289 2697 523 2745 poetarum
562 2687 839 2731 carminibus.
895 2689 983 2730 Par
1021 2687 1144 2730 enim

289 2754 514 2810 utrimque
538 2754 748 2805 fortuna3
779 2769 863 2796 nec
888 2768 989 2795 raro
1011 2768 1143 2795 com—

292 2820 420 2864 muni
440 2819 548 2864 fletu
570 2836 581 2863 ι

289 2898 463 2929 Ploravere
476 2897 544 2927 suis
559 2908 626 2927 non
638 2895 832 2937 respondere
845 2895 991 2927 savorem

291 2961 462 3000 Speratum
476 2958 613 2990 meritis.
633 2959 749 2989 Diram
762 2957 818 2999 qui
832 2957 980 2988 contudit
990 2957 1142 2999 hydram.

541 3020 689 3051 HonA‘r.
707 3020 816 3061 Epist.
838 3019 896 3050 lib.
911 3020 967 3058 11,
994 3028 1028 3058 1,
1050 3022 1081 3051 8.

293 3109 350 3119 --
358 3088 442 3129 Sed
439 3084 574 3139 fama·
584 3085 944 3141 zmegrilarejuoal.
963 3087 1148 3140 Vigilate

293 3149 440 3206 scripti
451 3150 643 3205 potiores
657 3166 757 3192 cum
771 3151 912 3206 prima
927 3148 1119 3192 editione
1134 3162 1145 3188 t

294 3214 519 3272 quomodo
533 3214 645 3271 apud
661 3215 861 3271 Propert.
876 3215 937 3269 II,
959 3215 1077 3272 Eleg.
1091 3228 1144 3268 11,

290 3297 322 3339 9
344 3298 354 3324 z
375 3283 529 3323 sludz‘zlr
560 3284 736 3336 vigilare
771 3285 935 3323 severis.
970 3279 1146 3323 Rectius

297 3361 470 3402 quoque
479 3347 608 3401 juvet
624 3379 634 3397 ‚
670 3346 900 3402 Aprosian.
921 3346 951 3388 J
956 3353 1057 3389 uvet
1072 3360 1147 3387 vos

295 3410 493 3467 vigilare,
517 3413 562 3454 in
582 3427 706 3467 spem
726 3411 865 3454 samae.
888 3412 1056 3455 HEINS.

354 3476 446 3529 416.
467 3479 753 3519 Perlatmzrset.
775 3477 843 3519 Ita
859 3476 1022 3520 Aldina
1042 3491 1146 3534 pos·

1228 2163 1365 2206 terior
1383 2179 1392 2214 ;
1419 2161 1513 2205 aliae
1527 2194 1540 2215 ‚
1577 2165 1623 2203 si
1643 2164 1841 2203 laluzlrsel
1861 2176 1874 2202 .·
1907 2158 1982 2202 sed
2003 2174 2084 2215 pro

1229 2229 1364 2273 altera
1379 2227 1565 2271 lectione
1589 2235 1706 2270 stant
1716 2226 1863 2282 scripti
1876 2225 2085 2282 plerique.

1226 2299 1495 2340 Delatuisset
1512 2303 1599 2337 tres
1621 2297 1883 2337 :delt'lutlrsel
1901 2292 2087 2349 Argent.

1217 2363 1512 2416 proelalutlrset
1528 2358 1733 2402 Francos.
1752 2367 1797 2400 et
1818 2357 1907 2399 duo
1929 2356 2012 2399 alii.

1281 2428 1376 2485 419.
1398 2427 1477 2469 Ad
1482 2428 1649 2468 multas.
1666 2426 1718 2467 In
1735 2424 1899 2480 Regius
1912 2456 1924 2479 ‚
1943 2424 2085 2466 Fran-

1225 2494 1307 2536 cos.
1324 2502 1368 2536 et
1381 2493 1449 2535 alii
1466 2525 1478 2547 ,
1498 2501 1548 2535 ut
1561 2491 1763 2548 sequenti
1779 2491 1913 2534 etiam
1925 2505 2053 2532 versu
2073 2507 2085 2541 ;

1227 2557 1347 2614 quod
1372 2558 1509 2615 magis
1542 2557 1765 2600 feritatem
1802 2565 1845 2599 et
1882 2555 2085 2598 hostilem

1223 2622 1428 2666 animum
1451 2631 1577 2665 notat
1595 2654 1607 2675 ‚
1631 2629 1680 2664 ut
1700 2626 1761 2664 ire
1779 2625 1824 2663 in
1841 2623 2021 2676 aliquem
2041 2628 2086 2662 et

1226 2687 1394 2730 similia.
1418 2686 1520 2729 Vid.
1541 2686 1595 2729 ad
1626 2686 1763 2743 Epist.
1785 2699 1842 2728 111
1859 2717 1871 2738 ‚
1908 2685 1984 2727 136
2002 2716 2014 2737 ‚
2039 2692 2084 2726 et

1228 2754 1352 2797 alibi:
1371 2762 1582 2811 praeterea
1597 2785 1609 2806 ,
1623 2755 1676 2795 In
1692 2755 1847 2795 mullas
1860 2755 1983 2806 lupus
1996 2755 2089 2792 exit

1226 2835 1323 2862 oves
1338 2852 1348 2869 ,
1381 2819 1605 2874 eleganter
1627 2817 1902 2873 Argentinus
1918 2849 1930 2870 ,
1965 2814 2083 2871 quod

1226 2885 1457 2943 proprium
1485 2884 1672 2927 verbum
1690 2915 1701 2937 ‚
1737 2883 1862 2938 cujus
1894 2882 2084 2925 alterum

1229 2953 1440 3010 glossema
1462 2967 1552 2994 esse
1574 2950 1762 2993 videtur.
1786 2950 1950 2992 BURM.

1284 3021 1376 3074 421.
1410 3020 1573 3061 Mulier
1607 3021 1812 3073 speciosa.
1850 3016 1923 3060 Sic
1946 3024 2010 3059 est
2036 3015 2083 3058 in

1229 3084 1445 3127 Vaticano
1469 3100 1478 3127 :
1497 3082 1700 3138 famosa,
1726 3082 1808 3125 alii.

1284 3153 1379 3205 422.
1403 3153 1532 3204 Quem
1550 3152 1704 3192 trahat.
1727 3149 1786 3192 Et
1804 3147 1887 3191 hoc
1909 3147 2083 3204 proprie

1229 3225 1274 3259 et
1303 3216 1539 3273 eleganter.
1570 3214 1754 3258 Tertull.
1793 3213 1814 3256 I
1827 3246 1839 3268 ‚
1873 3212 1927 3255 de
1965 3211 2083 3254 Cult.

1229 3283 1353 3325 Fem.
1379 3283 1404 3336 4
1434 3298 1444 3325 :
1473 3283 1659 3324 Ornatus
1677 3283 1720 3322 in
1747 3296 1848 3323 cura
1873 3281 2024 3333 capilli
2045 3282 2089 3319 et

1229 3351 1339 3390 cutis
1358 3353 1402 3388 el
1415 3363 1555 3389 earum
1562 3349 1748 3400 partium
1765 3347 1947 3399 corporis
1960 3375 1972 3397 ,
1997 3357 2085 3397 quoe

1231 3416 1377 3454 oculos
1396 3411 1586 3454 trahant.
1607 3412 1746 3453 IDEM.

1287 3477 1381 3530 428.
1396 3478 1527 3531 Inque
1529 3479 1698 3530 plagas.
1717 3477 1907 3528 plagam,
1920 3470 2080 3527 scripti,
