2268 3776
280 310 388 362 310

734 314 798 365 Ρ.
855 315 1161 371 OVIDII
1213 317 1601 376 NASONIS

268 421 587 509 Penelopen
619 429 818 490 absens
848 431 1021 493 solers
1052 437 1350 518 torquebat
1382 437 1605 498 Ulixes:

1977 463 2061 506 3:55

354 523 699 606 Phyllacides
731 529 955 603 aberat,
985 532 1314 607 Laodamia,
1343 550 1489 596 tuus,

270 620 377 678 Sed
409 646 563 681 mora
595 638 713 685 tuta
740 626 925 688 brevis
953 653 964 688 :
995 628 1310 690 lentescunt
1339 647 1587 716 tempore
1617 657 1760 694 curae
1778 682 1791 708 ‚

350 719 722 804 Vanescitque
755 725 984 798 absenS,
1010 742 1064 786 et
1094 751 1272 788 novus
1303 729 1476 790 intrat
1501 755 1671 791 amor.

272 815 422 874 Dum
455 819 742 881 Menelaus
773 822 956 895 abest,
985 823 1193 886 Helene
1222 826 1444 887 ne'sola
1466 827 1700 908 jaceret,

350 914 607 997 Hospitis
638 933 722 978 est
752 921 941 1003 tepido
972 937 1135 983 nocte
1164 939 1385 1007 recepta
1416 925 1560 985 sinu.

1980 945 2062 986 360

274 1011 419 1090 Quis
451 1027 648 1097 stupor
677 1017 796 1090 hic,
823 1019 1099 1092 Menelae‚
1126 1020 1270 1081 fuit?
1301 1037 1363 1082 tu
1393 1022 1545 1083 solus
1575 1023 1801 1084 abibas:

318 1126 321 1130 ’
353 1110 535 1171 Isdem
567 1114 671 1174 sub
705 1117 863 1177 tectis
892 1117 1099 1202 hospes
1130 1134 1186 1180 et
1213 1144 1358 1180 uxor
1387 1135 1562 1181 erant.

270 1206 542 1290 Accipitri
574 1212 792 1274 timidas
824 1216 1028 1289 credis,
1060 1216 1300 1289 furiose,
1331 1218 1662 1280 columbas?

354 1304 588 1368 Plenum
614 1327 881 1373 montano
913 1314 1089 1375 credis
1123 1315 1265 1376 ovile
1292 1316 1475 1400 lupo?

269 1401 365 1462 Nil
398 1405 607 1468 Helene
637 1425 857 1491 peccat;
885 1412 964 1471 nil
996 1414 1088 1473 hic
1114 1415 1416 1475 committit
1444 1414 1692 1475 adulter:

1983 1428 2067 1471 365

357 1502 619 1581 Quod.tu
639 1554 652 1579 ,
682 1509 836 1591 quod
866 1510 1068 1572 faceret
1097 1512 1367 1595 quilibet,
1396 1511 1489 1572 ille
1517 1510 1663 1571 facit.

274 1600 446 1678 Cogis
475 1603 835 1685 adulterium,
869 1609 1054 1669 dando
1087 1624 1419 1693 tempusque
1450 1609 1762 1692 locumque.

355 1699 486 1777 Quo
506 1747 519 1770 ‚
547 1701 657 1759 nisi
688 1703 922 1764 consilio
955 1720 1038 1765 est
1068 1731 1167 1767 usa
1198 1707 1383 1790 puella
1415 1709 1560 1768 tuo?

273 1795 429 1874 Quid
456 1795 656 1856 faciat?
680 1799 762 1857 vir
793 1801 975 1872 abest,
1007 1818 1063 1862 et
1092 1800 1248 1864 adest
1274 1828 1391 1863 non
1422 1803 1665 1863 rusticus
1693 1801 1935 1884 hospes:

355 1894 427 1950 Et
458 1893 614 1953 timet
643 1895 703 1953 in
731 1920 904 1955 vacuo
937 1898 1055 1958 sola
1082 1900 1285 1960 cubare
1318 1915 1460 1959 tor0.

1986 1915 2067 1971 370

274 1989 492 2049 Viderit
522 1992 747 2053 Atrides
775 2018 787 2052 :
815 1994 1067 2056 Helenen
1099 2021 1204 2074 ego
1237 1997 1465 2057 crimine
1498 1995 1672 2057 solvo.

358 2094 473 2152 Usa
501 2109 585 2153 est
610 2095 840 2156 humani
874 2099 1267 2161 commoditate
1298 2101 1419 2160 viri.

278 2221 399 2280 SED
428 2245 607 2305 neque
631 2222 816 2284 fulvus
844 2249 974 2307 aper
999 2225 1179 2286 media
1207 2241 1317 2286 tam
1346 2250 1520 2287 saevus
1550 2226 1610 2285 in
1633 2226 1740 2297 ira,

352 2323 644 2385 Fulmineo
677 2326 909 2409 rapidos*
939 2327 1072 2388 dum
1102 2344 1251 2390 rotat
1283 2355 1376 2390 ore
1406 2352 1568 2390 canes
1593 2353 1604 2401 ;

332 2480 384 2523 35
391 2483 426 2523 5.
438 2484 670 2537 Penelopen
680 2487 844 2527 absens.
858 2485 990 2528 Prior
999 2486 1139 2529 Men-

276 2544 364 2587 telii
386 2545 469 2587 hoc
489 2546 703 2596 distichon
727 2565 819 2592 non
844 2550 1038 2606 agnoscit
1060 2568 1070 2594 2
1094 2560 1138 2594 et

275 2610 420 2653 abesse
437 2620 602 2666 potest,
626 2614 741 2655 salva
766 2615 975 2658 orationis
995 2616 1106 2659 serie
1124 2633 1134 2659 ε

278 2683 343 2718 est
364 2676 484 2718 enim
503 2676 865 2733 frigidiusculum.
890 2681 1061 2724 HEINs.

334 2742 428 2800 357.
450 2745 714 2787 Lenlescunl.
739 2747 1044 2800 Langnescunt,
1065 2762 1137 2789 sex

276 2807 446 2852 codices
472 2825 481 2851 z
504 2812 777 2863 languescent
795 2826 936 2852 unus:
959 2816 1138 2866 tempore

266 2874 419 2928 forma·
438 2909 448 2925 ‚
469 2875 642 2931 Regius.

334 2941 428 2984 350.
458 2944 626 2995 Tepido.
649 2941 835 2986 Variant
854 2940 1042 2990 codices,
1061 2957 1136 2985 ne-

282 3023 365 3063 que
390 3008 477 3050 ulla
505 3017 569 3051 est
589 3008 715 3051 lectio
733 3043 742 3058 ⁷
767 3024 863 3065 quae
883 3024 976 3050 non
1003 3007 1135 3051 simi-

276 3073 388 3116 libus
414 3073 619 3117 illustrari
649 3074 792 3130 possit.
820 3075 977 3128 Cupido
999 3072 1135 3115 Vati-

280 3154 426 3181 canus.
449 3138 551 3181 Vid.
569 3139 705 3195 Epist.
724 3153 799 3192 xx,
815 3139 879 3193 48.
894 3139 1014 3181 Socio
1028 3137 1136 3181 Sar-

277 3204 481 3247 ravianus
511 3220 520 3246 z
549 3203 602 3247 de
629 3220 716 3262 quo
729 3203 829 3247 vide
849 3204 870 3247 I
891 3204 1046 3246 Amor.
1067 3203 1135 3247 El.

279 3283 328 3311 lx
345 3301 357 3321 ,
374 3268 415 3311 6.
448 3269 534 3311 Hic
552 3278 701 3312 tamen
719 3302 730 3323 ,
748 3269 848 3325 quia
868 3268 1073 3326 praecedit
1085 3285 1138 3311 ne

279 3338 374 3376 sola
386 3334 577 3388 jaceret,
612 3334 937 3392 praeferendum
970 3344 1034 3378 est
1063 3341 1136 3377 le·-

272 3402 375 3454 pido
395 3413 408 3450 ;
441 3416 497 3442 ne
523 3400 678 3457 frigida
701 3409 791 3443 tota
812 3409 941 3443 nocte
960 3400 1136 3456 jaceret.

333 3464 427 3508 361.
456 3467 519 3508 Tu
532 3469 646 3509 solus
659 3470 821 3510 abibas.
837 3467 970 3510 Forte
985 3499 997 3523 ,
1013 3469 1135 3509 domo

1218 2487 1305 2530 [κη’
1318 2491 1473 2530 stultus
1485 2490 1636 2530 abibas
1650 2487 1677 2530 ?
1697 2499 1794 2542 quae
1809 2482 1942 2528 facilis
1955 2482 2074 2526 aber-

1219 2554 1358 2596 ratio:
1380 2554 1440 2597 ita
1461 2553 1582 2596 enim
1603 2561 1648 2594 et
1667 2551 1736 2595 lib.
1756 2564 1845 2592 VIII
1859 2582 1870 2604 ‚
1886 2549 2072 2592 Metam.

1222 2621 1328 2677 748;
1350 2629 1393 2663 et
1414 2618 1529 2676 apud
1552 2619 1711 2675 Quint.
1732 2630 1845 2670 vnl,
1867 2615 1892 2657 3
1907 2633 1916 2667 ;
1933 2623 1976 2657 et
1993 2627 2041 2656 xl
2058 2646 2070 2668 ,

1220 2702 1262 2739 2,
1276 2701 1438 2728 errasse
1452 2684 1648 2727 librarios
1663 2681 1940 2725 offendimus.
1957 2680 2078 2720 Uxor

1217 2756 1332 2800 erat,
1359 2750 1491 2792 etiam
1512 2748 1678 2791 Lincol.
1701 2755 1744 2790 et
1765 2746 1854 2788 duo
1873 2744 1956 2788 alii.
1976 2744 2029 2786 Β.

1283 2816 1376 2858 368.
1421 2817 1512 2869 Quo
1528 2848 1539 2865 ‚
1570 2816 1661 2856 nisi
1685 2815 1860 2855 consilio
1897 2814 1964 2852 es!
1995 2825 2074 2851 usa

1209 2884 1353 2936 puella
1372 2883 1477 2925 tuo?
1497 2881 1614 2933 Quid
1628 2882 1718 2920 nisi
1731 2876 1895 2933 Regius
1913 2883 1957 2918 et
1978 2875 2008 2917 J
2012 2891 2073 2917 u—

1218 2946 1390 2989 nianus.
1412 2944 1586 2988 Remed
1613 2943 1767 2987 Amor.
1789 2945 1862 3001 591
1889 2958 1900 2984 ε

1218 3017 1323 3058 Quid,
1337 3017 1401 3048 nisi
1418 3023 1547 3047 secretae
1562 3015 1714 3045 laeserunt
1729 3012 1883 3055 Phyllida
1894 3011 2015 3054 sylvae?
2028 3013 2072 3043 Η.

1281 3080 1375 3135 373.
1412 3080 1567 3120 Fulvus
1601 3092 1712 3131 aper.
1742 3077 1870 3118 Fulvi
1897 3072 2072 3130 proprie

1218 3146 1391 3189 Leones
1409 3161 1419 3195 ;
1444 3159 1577 3199 quare
1614 3143 1726 3184 sorte
1759 3140 1831 3183 hic
1863 3146 2039 3196 praestet
2059 3169 2072 3191 ,

1216 3218 1368 3259 torvus,
1387 3218 1436 3252 ut
1446 3208 1559 3266 apud
1574 3209 1776 3263 Propert.
1796 3205 1858 3259 II,
1877 3204 1943 3246 El.
1961 3216 2013 3255 11,
2035 3202 2073 3243 8.

1225 3278 1330 3319 Tam
1341 3278 1465 3318 soeiail
1474 3278 1517 3316 in
1528 3277 1606 3324 ira,
1624 3286 1799 3328 quoque
1814 3269 1923 3313 alter
1934 3266 2073 3310 Vatic.

1271 3342 1364 3398 374.
1395 3341 1589 3395 Rapidos
1606 3341 1702 3380 dum
1719 3340 1835 3379 rotat
1845 3349 1914 3377 ore
1931 3346 2073 3375 canes.

1218 3408 1411 3449 Rabidos
1421 3405 1585 3462 Regius
1596 3411 1639 3446 et
1653 3402 1722 3445 alii
1736 3398 1957 3452 nonnulli,
1969 3411 2070 3439 cum

1216 3473 1360 3530 prima
1380 3471 1483 3516 edit.
1503 3486 1624 3527 quum
1645 3468 1781 3513 etiam
1801 3465 2015 3510 meliores.
2034 3467 2040 3469 ’
