2268 3776
886 950 1340 1064 LIBELLI*

387 1184 555 1279 DE
623 1184 1221 1273 REMEDIO
1296 1179 1796 1271 AMORIS

765 1385 1422 1442 ARGUMENTUM.

274 1586 510 1653 Prospere
545 1588 687 1638 nimis
712 1597 915 1639 cesserat
938 1589 988 1636 in
1015 1587 1170 1636 lucem
1195 1587 1274 1638 vix
1307 1586 1531 1635 emissum
1553 1601 1739 1635 carmen
1767 1582 1831 1632 de
1862 1582 1985 1632 Arte

203 1674 439 1736 amandi,
470 1695 610 1742 quam
638 1678 770 1745 quod
796 1696 898 1728 non
918 1688 1131 1745 carperet
1162 1677 1317 1739 livor,
1350 1686 1399 1726 et
1437 1675 1489 1725 in
1520 1673 1800 1742 quibusdam
1839 1673 1983 1723 lasci-

159 1792 179 1824 .
202 1763 383 1813 viorem
403 1765 587 1813 Musam
602 1802 617 1827 ,
634 1766 953 1831 protervitatis
974 1766 1225 1816 damnaret.
1247 1764 1500 1814 Parandam
1517 1763 1666 1833 igitur
1682 1760 1986 1814 invalescenti

204 1851 256 1899 in
279 1851 378 1901 dies
400 1852 524 1900 malo
549 1852 826 1901 medicinam
840 1890 855 1916 ,
878 1864 926 1903 et
944 1853 1268 1916 avertendam,
1297 1872 1407 1919 quae
1434 1854 1526 1920 jam
1545 1870 1571 1901 e
1594 1852 1863 1922 longinquo
1891 1851 1985 1898 im-

204 1938 463 2005 pendebat,
487 1949 842 2008 tempestatem,
880 1951 1009 1990 ratus
1038 1942 1197 2002 Naso,
1230 1940 1442 1990 libellum
1471 1940 1600 1990 hunc
1634 1940 1777 2001 lusit,
1812 1956 1984 2005 quem,

203 2043 292 2075 nec
315 2028 543 2094 injuriose
570 2028 763 2094 quidem
783 2067 798 2091 ,
826 2028 1110 2078 Remedium
1136 2030 1242 2096 ipso
1266 2028 1396 2077 malo
1413 2027 1554 2095 pejus
1579 2027 1803 2077 nonnulli
1825 2025 1986 2094 adpel-

204 2114 376 2164 larunt.
406 2114 542 2165 Licet
559 2119 685 2165 enim
704 2136 813 2183 quae
835 2129 1041 2167 suaserat
1056 2118 1288 2185 primum,
1311 2116 1578 2166 dissuadere
1601 2133 1732 2164 nunc
1748 2115 1987 2176 videatur,

207 2212 257 2252 et
280 2202 508 2270 gravioris
535 2203 796 2271 disciplinae
825 2216 1057 2272 praecepta
1080 2205 1318 2255 amatoriis
1348 2204 1488 2272 nugis
1507 2203 1678 2270 passim
1697 2203 1954 2252 immisceat
1974 2238 1988 2263 ,

205 2292 332 2341 redit
363 2302 518 2342 tamen
547 2294 621 2344 vel
646 2295 823 2345 invitus
859 2295 916 2344 ad
942 2296 1215 2365 ingenium,
1240 2305 1290 2345 et
1320 2294 1477 2345 solitae
1513 2293 1736 2363 magister
1761 2291 1989 2360 nequitiae

207 2398 414 2431 amorem
442 2380 619 2433 artibus
650 2382 766 2449 ipsis
790 2384 959 2434 excitat
976 2421 992 2448 ,
1028 2383 1201 2451 quihus
1233 2382 1488 2453 fugandum
1514 2381 1743 2450 praecipit.
