2268 3776
281 276 391 351 294

743 279 808 331 P.
870 279 1163 335 OVIDII
1207 278 1584 335 NASONIS

360 394 729 476 Remigioque
759 409 922 477 aptas·
946 418 1062 456 esse
1092 396 1314 474 negavit
1343 419 1512 479 aquas
1537 396 1549 453 l

278 491 410 549 Haec
440 490 619 570 Trojae
651 515 807 551 casus
833 492 1142 575 iterumque
1173 493 1484 575 iterumque
1509 489 1759 568 rogabat.

360 586 460 647 Ille
490 587 690 649 referre
720 588 878 650 aliter
908 614 1049 673 saepe
1080 588 1299 649 solebat
1329 589 1492 649 idem.

279 684 469 743 Litore
489 686 865 746 »constiterant
890 713 901 746 :
929 686 1041 746 illic
1073 710 1297 768 quoque
1329 685 1564 769 pulchra
1594 684 1835 767 Calypso

360 781 554 858 Exigit
585 782 812 866 Odrysii
839 783 952 868 fata
981 798 1208 843 cruenta
1237 782 1411 842 ducis.

1993 797 2068 838 130

280 878 380 940 Ille
407 879 513 967 levi
548 880 700 958 virga
717 927 731 953 ‚
764 882 972 960 virgam
1001 905 1130 941 nam
1158 881 1302 940 forte
1330 879 1586 951 tenebat,

364 976 536 1055 Quod
564 992 725 1056 rogat
744 1025 758 1050 ‚
788 979 847 1038 in
878 979 1059 1061 spisso
1090 977 1253 1038 litore
1282 977 1469 1060 pingit
1499 999 1660 1058 opus.

282 1073 441 1144 Haeo,
474 1073 687 1156 inquit,
717 1076 895 1157 Troja
912 1090 997 1136 est
1029 1100 1041 1136 :
1066 1098 1258 1136 muros
1291 1075 1352 1134 in
1377 1072 1542 1133 litore
1571 1070 1719 1131 fecit.

364 1170 471 1229 Hie
503 1170 609 1231 tibi
634 1172 708 1231 sit
737 1173 944 1233 Simo'is
969 1199 981 1232 :
1007 1173 1124 1234 haee
1153 1197 1274 1233 mea
1300 1186 1478 1233 castra
1506 1183 1665 1253 puta.

286 1266 529 1350 Campus
552 1284 686 1343 erat,
706 1274 1098 1354 (campumque
1121 1270 1311 1349 facit‚)
1340 1294 1504 1354 quem
1534 1268 1677 1330 caede
1703 1265 1944 1328 Dolonis
1993 1284 2068 1327 135

366 1364 710 1446 SparsimuS,
746 1368 1071 1427 Haemonios
1103 1368 1236 1428 dum
1265 1366 1401 1445 vigil
1432 1379 1592 1449 optat
1617 1387 1808 1447 equos

283 1460 406 1521 Illic
436 1463 683 1543 Sithonii
710 1463 930 1525 fuerant
961 1466 1200 1525 tentoria
1230 1465 1406 1525 Rhesi
1430 1489 1443 1523 ε

368 1560 487 1620 Hac
517 1585 620 1639 ego
652 1585 774 1621 sum
804 1562 980 1646 raptis
1009 1577 1164 1646 parte
1189 1576 1440 1623 revectus
1469 1559 1644 1643 equis.

285 1655 563 1740 Pluraque
594 1659 891 1742 pingebat3
915 1661 1138 1721 subitus
1171 1685 1344 1744 quum
1373 1661 1643 1738 Pergama
1671 1656 1873 1717 fluctus

372 1761 653 1834 Abstulit,
684 1777 740 1822 et
768 1763 943 1824 Rhesi
973 1787 1098 1823 cum
1130 1763 1267 1824 duce
1298 1778 1475 1823 castra
1503 1785 1624 1822 suo.

2002 1773 2079 1829 ¹4⁰

286 1863 434 1922 Tum
459 1864 612 1923 Dea:
641 1889 804 1946 quas,
835 1866 1049 1948 inquit,
1083 1865 1222 1926 fidas
1248 1866 1353 1925 tibi
1373 1864 1551 1925 credis
1575 1864 1753 1934 itum,

368 1965 720 2026 Perdiderint
745 1967 908 2028 undae
936 1969 1164 2028 nomina
1195 1982 1430 2051 quanta,
1459 1966 1642 2026 vides!

291 2090 467 2149 ERGO
499 2113 597 2167 age
625 2114 637 2148 :
669 2089 850 2150 fallaci
880 2090 1070 2178 timide
1102 2091 1318 2152 confide
1347 2091 1536 2169 figurae
1556 2136 1570 2161 ‚

347 2249 438 2291 130.
472 2251 625 2304 Engrd
648 2251 825 2308 Odrysii
836 2250 944 2305 sata
975 2256 1146 2293 cruenta

288 2315 420 2356 duczlr.
433 2313 568 2357 Rhesi
583 2314 756 2369 scilicet,
770 2331 904 2371 quem
922 2317 1147 2374 Odrysium

291 2388 415 2422 vocat
435 2413 446 2431 ‚
482 2380 533 2423 ab
557 2379 836 2440 Odrysarum
859 2390 988 2440 gente
1005 2415 1016 2437 ‚
1050 2396 1148 2438 quae

298 2459 397 2499 pars
410 2443 608 2487 Thraciae
620 2445 703 2488 suit
714 2479 725 2497 ‚
748 2446 822 2489 ubi
838 2447 1062 2504 regnabat.
1076 2445 1148 2489 De

280 2509 399 2564 satis
431 2519 579 2552 autem
598 2543 610 2565 ‚
641 2520 685 2554 et
718 2517 902 2555 cruentis
933 2512 1116 2569 quidem
1135 2545 1148 2567 ‚

295 2572 380 2615 vid.
410 2574 596 2617 Homer.
619 2576 740 2618 Iliad.
762 2587 820 2632 K,
846 2579 927 2633 434
943 2612 955 2633 ,
987 2587 1032 2621 et
1052 2579 1149 2622 Pe-

293 2639 439 2697 nelop.
464 2641 599 2697 Epist.
621 2643 689 2701 39,
707 2659 808 2686 cum
827 2645 957 2688 notis.
979 2644 1076 2687 Ibid
1095 2644 1149 2687 de

295 2705 486 2748 Dolone.
494 2730 550 2739 —
560 2710 671 2749 Fata
680 2715 864 2750 cruenta.
879 2711 1014 2751 Facta
1022 2710 1152 2752 multi

301 2771 406 2814 editi
425 2781 469 2815 et
482 2772 646 2829 scripti:
661 2779 806 2816 castra
823 2772 1007 2816 Mentel.
1024 2791 1151 2818 unus.

357 2855 373 2879 1
381 2838 446 2879 32.
456 2840 604 2893 Pingit
613 2855 727 2894 opus.
740 2841 890 2882 Versat
899 2839 1153 2883 Thuaneus-.

360 2902 450 2944 135.
476 2905 657 2958 Campus
680 2910 791 2955 erat,
827 2922 1018 2960 campum
1027 2906 1152 2960 fecit.

304 2968 580 3025 Campumque
581 2970 724 3025 facit,
749 2970 1059 3014 emendatioris
1076 2987 1154 3012 no-

301 3043 357 3077 tae
366 3033 464 3076 libri
475 3051 635 3092 magno
647 3050 917 3090 numerans,
931 3036 1046 3079 Fast.
1057 3036 1154 3095 691:

301 3115 395 3152 Hoc,
424 3115 489 3153 ait,
515 3115 549 3146 iu
573 3127 713 3157 campo,
739 3128 956 3158 campumque
984 3117 1152 3155 ostendit,

402 3175 541 3207 habebat

340 3238 413 3268 Rus
431 3238 528 3268 breve
545 3251 620 3269 oum
634 3239 717 3271 duro
733 3251 830 3289 parca
848 3240 961 3271 colona
982 3240 1064 3272 viro.

362 3322 379 3347 1
387 3305 452 3347 38.
459 3307 607 3361 Captis
617 3313 925 3351 noctereoersus
934 3312 1059 3364 equzlr.
1075 3310 1155 3350 Be-

306 3377 444 3414 ceclus
459 3372 650 3428 potiores
667 3373 811 3429 scripti
829 3386 838 3412 t
853 3374 988 3430 probe
1007 3373 1156 3418 Ulixes

306 3437 351 3480 in
373 3437 609 3481 sabiniana
629 3438 912 3495 responsione
937 3454 946 3481 :

1226 2263 1345 2302 Evasi,
1360 2269 1392 2293 et
1408 2261 1576 2293 Thracum
1589 2270 1671 2291 caeso
1689 2259 1771 2290 duee
1785 2258 1896 2300 proelia
1909 2255 2019 2288 Rheso
2029 2278 2040 2295 ‚

1267 2326 1309 2356 In
1321 2335 1393 2356 mea
1409 2323 1547 2364 captivis
1561 2328 1666 2353 castra
1685 2328 1833 2352 revectus
1850 2319 1958 2361 equis.

1229 2386 1320 2431 Sed
1340 2401 1424 2428 vox
1443 2384 1514 2427 illa
1534 2390 1654 2428 nocte
1672 2399 1765 2426 non
1787 2382 1927 2439 placet
1941 2414 1953 2435 ‚
1983 2379 2084 2437 quia

1231 2451 1482 2509 ambiguam
1494 2448 1759 2493 sententiam
1775 2447 1875 2490 facit
1889 2479 1901 2502 ,
1922 2455 1967 2489 et
1981 2461 2085 2489 cum

1232 2521 1315 2560 hac
1331 2515 1528 2560 construi
1547 2530 1640 2558 non
1661 2513 1792 2556 debet
1813 2527 1823 2555 :
1843 2528 1937 2554 non
1958 2511 2083 2555 enim

1231 2591 1411 2626 noctem
1432 2589 1603 2638 poterat
1618 2586 1881 2636 praesentem
1901 2577 2082 2633 pingere

1234 2657 1278 2692 et
1296 2647 1540 2691 ostendere.
1558 2646 1712 2701 Quare
1730 2659 1833 2686 cum
1850 2639 2083 2685 Hasniensi

1233 2711 1385 2754 malim
1402 2745 1413 2766 ,

1276 2785 1344 2814 nac
1357 2793 1416 2822 ego
1431 2792 1503 2812 sum
1522 2781 1625 2822 captis
1637 2786 1728 2822 parte
1740 2790 1890 2811 reversus
1903 2779 2011 2821 equis.

1231 2846 1388 2899 Raptis
1423 2843 1558 2885 etiam
1589 2858 1744 2886 omnes
1774 2842 1866 2886 sere
1902 2841 2051 2898 scripti

1232 2913 1350 2964 rapti
1364 2908 1485 2951 enim
1508 2917 1661 2960 erant3
1698 2918 1741 2951 et
1774 2908 1996 2951 celeritate
2024 2907 2089 2950 uti

1236 2974 1387 3017 debuit
1418 2973 1566 3017 Ulixes
1579 3007 1590 3029 ,
1623 2983 1673 3017 ut
1687 3006 1699 3028 ,
1735 2983 1973 3030 antequam
2003 2989 2090 3016 nox

1237 3040 1401 3094 abiret,
1429 3045 1702 3083 reverteretur.
1725 3039 1889 3083 BURM.

1295 3123 1311 3148 1
1319 3108 1778 3161 42.Perdiderintundoe
1787 3108 1957 3148 aomina
1962 3120 2090 3161 quan·

1237 3179 1283 3215 ta
1303 3174 1433 3215 vides.
1456 3172 1524 3215 Eo
1547 3172 1718 3229 gravior
1733 3170 1951 3216 sententia
1965 3203 1977 3224 ‚
2001 3185 2088 3225 quo

1237 3239 1469 3295 repentina
1486 3239 1622 3294 magis
1641 3237 1829 3293 exsurgit
1845 3269 1857 3291 ‚
1895 3252 1977 3278 nec
1995 3235 2089 3290 opi-

1238 3313 1422 3346 nantem
1455 3303 1666 3347 lectorem
1692 3303 1835 3346 subito
1863 3317 1887 3344 a
1914 3299 2089 3342 ludicris

1240 3369 1292 3413 ad
1318 3370 1535 3412 severiora
1557 3368 1785 3412 convertit.

1298 3436 1387 3491 143.
1419 3438 1590 3479 Fallaci
1602 3437 1747 3478 timide
1764 3433 1922 3489 confide
1922 3432 2083 3487 figuroe.
