2268 3776
263 303 369 359 362

731 309 795 360 P.
849 286 1146 367 ovlnn
1184 314 1563 374 NASONIS

261 422 366 480 Est
397 443 568 498 genus
600 419 658 479 in
685 422 917 484 totidem
950 428 1102 487 tenui
1130 429 1344 492 ratione
1375 433 1658 495 redactum

344 517 623 600 Scriptula
643 567 657 592 ,
684 536 822 603 quot
845 547 1059 586 menses
1091 526 1339 590 lubricus
1370 556 1548 595 annus
1576 535 1762 597 habet.

261 615 434 674 Parva
462 615 664 676 tabella
691 619 838 702 capit
868 637 1053 684 ternos
1081 626 1360 711 utrimque
1393 629 1648 714 lapillos;

1972 647 2053 698 363:

302 788 309 795 ἡ
342 715 409 771 In
439 738 547 795 qua
572 716 765 778 vicisse
797 735 910 793 est,
939 723 1292 785 continuasse
1319 749 1469 787 suos,

264 808 423 869 Mille
454 810 657 874 facesse
681 815 840 896 jocos
865 842 878 877 z
911 834 1072 903 turpe
1103 837 1187 882 est
1215 824 1427 885 nescire
1457 825 1698 908 puellam

348 909 564 971 Ludere
590 935 602 971 ε
635 911 881 975 ludendo
914 941 1056 1001 saepe
1083 935 1312 1002 paratur
1334 947 1503 983 amor.

257 1004 368 1063 Sed
398 1007 660 1070 minimus
690 1010 854 1073 labor
883 1030 993 1088 est,
1020 1018 1300 1100 sapienter
1323 1020 1567 1101 jactibus
1592 1021 1677 1081 uti
1702 1046 1715 1082 ε

340 1103 525 1183 Majus
559 1129 698 1188 opus
722 1154 736 1180 ‚
763 1133 945 1170 mores
978 1116 1360 1196 composuisse
1391 1140 1543 1177 suos‚

1972 1139 2055 1196 370

254 1199 406 1258 Dum
429 1223 619 1261 sumus
649 1203 893 1279 incauti,
922 1208 1224 1294 studioque
1255 1213 1536 1295 aperimur
1562 1213 1622 1273 in
1650 1213 1775 1298 ipso
1793 1262 1807 1288 ,

339 1300 611 1384 Nudaque
639 1319 739 1385 per
764 1302 921 1365 lusus
950 1323 1178 1389 pectora
1203 1325 1399 1371 nostra
1425 1326 1647 1394 patent3

255 1402 343 1462 Ira
374 1403 558 1477 subit,
591 1405 836 1468 deforme
867 1408 1103 1483 malum,
1132 1411 1382 1496 lucrique
1416 1413 1652 1497 cupido;

334 1506 670 1589 Jurgiaque,
702 1524 757 1569 et
784 1510 941 1583 rixae,
974 1512 1359 1598 sollicitusque
1392 1516 1572 1577 dolor.

256 1607 503 1669 Crimina
530 1609 793 1671 dicuntur
819 1639 832 1672 :
862 1630 1088 1676 resonat
1118 1617 1457 1679 clamoribus
1486 1619 1690 1680 aether:
1975 1638 2055 1693 375

334 1711 565 1772 Invocat
593 1713 763 1775 iratos
793 1731 848 1776 et
877 1717 988 1778 sibi
1021 1720 1259 1804 quisque
1289 1723 1463 1783 Deos,

252 1813 420 1875 Nulla
448 1815 612 1890 fides;
645 1819 958 1904 tabulaeque
988 1847 1145 1884 novae
1174 1850 1275 1908 per
1300 1842 1431 1888 vota
1457 1841 1766 1911 petuntur:

335 1919 413 1977 Et
438 1918 678 1980 lacrimis
706 1922 819 1981 vidi
850 1947 993 2006 saepe
1021 1926 1238 1988 madere
1270 1953 1458 2007 genas·

308 2081 405 2124 363.
441 2084 530 2125 Est
550 2101 684 2138 genus
715 2089 761 2127 in
794 2089 964 2130 lotidem
1003 2094 1123 2132 tenui

251 2154 413 2193 rollone
425 2153 639 2193 redactum
657 2157 872 2206 scnjolula.
896 2155 1033 2198 Hunc
1049 2155 1118 2198 lu-

254 2215 386 2270 dum,
424 2225 521 2273 post
555 2216 819 2261 Salmasium
859 2219 911 2261 ad
938 2219 1118 2277 Vopisci

255 2281 427 2325 Procul.
449 2298 539 2339 cap.
563 2296 675 2337 ΧΙΠ,
698 2292 742 2326 et
764 2283 1036 2341 Scaligerum
1058 2285 1112 2329 ad

257 2345 466 2390 Catalect.
489 2363 583 2406 pag.
608 2348 685 2391 282
705 2382 715 2398 ‚
739 2349 969 2394 illustravit
987 2352 1115 2395 Gro-

254 2415 434 2470 novius,
457 2416 530 2474 lil).
551 2430 610 2459 111
627 2450 638 2471 ,
676 2417 729 2460 de
757 2418 923 2462 Pecun.
946 2421 1112 2463 Vetere

254 2497 347 2538 cap.
370 2497 431 2525 xv
460 2498 469 2525 :
498 2483 638 2526 multa
660 2492 812 2527 tamen
843 2484 986 2528 adhue
1006 2485 1118 2528 mihi

256 2547 303 2590 in
337 2548 419 2592 illis
448 2550 673 2592 tenebrae:
698 2566 805 2593 nam
834 2551 982 2594 vicisse
1012 2551 1118 2595 dicit

256 2614 420 2659 Noster
439 2614 564 2656 illurn
578 2647 589 2669 ,
623 2615 698 2670 qui
718 2632 818 2658 suos
839 2617 1117 2660 continuavit

255 2679 448 2736 lapillos,
485 2679 604 2736 quod
634 2680 682 2722 in
715 2681 788 2723 illo
815 2680 948 2735 ludo,
982 2698 1117 2738 quem

255 2746 402 2803 Belgae
417 2749 634 2789 verkeeren
643 2754 818 2800 vocant,
836 2762 928 2789 non
942 2764 1118 2805 semper

256 2828 414 2854 verum
444 2820 508 2854 est
539 2827 549 2854 :
583 2811 740 2853 melior
770 2811 952 2867 quidem
982 2821 1117 2856 status

258 2877 331 2920 ille
345 2876 435 2920 ludi
452 2910 463 2931 ‚
483 2885 526 2919 et
536 2875 764 2920 victoriam
781 2877 1001 2933 promittit
1016 2910 1027 2931 ,
1041 2877 1119 2920 sed

260 2943 372 2985 verti
401 2951 543 2999 potest
571 2958 663 2985 sors
682 2975 693 2996 ,
733 2952 778 2985 et
807 2941 998 2999 disjungi
1024 2941 1118 2984 ite-

261 3024 365 3051 rum
382 3041 394 3063 ,
427 3008 502 3064 qui
527 3017 655 3051 antea
681 3008 927 3052 continuati
957 3016 1115 3062 erant,

260 3083 383 3116 certe
406 3073 634 3130 sequentia
654 3073 785 3131 longe
808 3073 943 3116 alium
961 3071 1119 3115 ludum

263 3142 459 3185 indicant
481 3175 492 3196 ,
533 3152 577 3186 et
614 3159 709 3186 non
747 3142 994 3186 continuari
1016 3175 1028 3197 ,
1069 3149 1120 3184 ut

261 3207 566 3251 Bersmannus
574 3209 710 3252 voluit
722 3243 731 3260 ,
755 3207 832 3251 sed
849 3207 1038 3265 separari
1049 3205 1117 3250 de-

259 3273 370 3317 bent
393 3289 417 3317 a
433 3275 565 3331 priori
590 3274 693 3316 ludo
715 3290 724 3317 :
747 3290 880 3330 quare
901 3282 1018 3317 recte
1040 3272 1119 3315 mi-

264 3339 309 3382 hi
338 3357 495 3397 capere
529 3341 704 3385 videtur
741 3340 807 3384 Cl.
846 3340 979 3400 Hyde
1004 3373 1015 3394 ,
1066 3339 1119 3382 de

262 3405 369 3448 ludo
393 3439 404 3461 ,
442 3423 575 3463 quem
595 3423 675 3450 nos
703 3409 745 3449 T
740 3409 900 3449 riodum
922 3404 1122 3462 adpella-

262 3488 373 3516 mus.
414 3473 529 3518 Vide
563 3489 670 3517 eum
697 3472 885 3516 deludis
906 3470 1123 3516 Oriental.

1199 2108 1240 2148 p.
1260 2107 1339 2134 202
1363 2100 1407 2135 et
1421 2107 1540 2149 seqq.
1563 2100 1608 2134 et
1628 2091 1713 2135 hoc
1729 2090 1906 2134 videtur
1924 2091 2057 2135 etiam

1198 2157 1378 2200 Merula
1399 2157 1671 2200 intellexisse.
1705 2156 1820 2212 Quis
1840 2172 1945 2199 vero
1966 2156 2058 2200 haec

1197 2223 1257 2266 ita
1280 2223 1487 2280 exp-licet,
1507 2231 1559 2266 ut
1579 2222 1784 2266 omnibus
1803 2223 2056 2278 satisfaciat,

1198 2288 1282 2332 nisi
1301 2288 1460 2331 viderit
1479 2289 1624 2346 ipsum
1643 2289 1813 2344 lusum,
1839 2297 1914 2332 aut
1932 2289 2057 2333 luse—

1198 2354 1257 2396 rit
1274 2353 1293 2396 ?
1320 2355 1585 2397 Contz‘nutlrse
1602 2370 1704 2397 suos
1719 2354 1851 2398 etiam
1868 2353 2059 2397 Leiden-

1197 2420 1253 2464 sis
1286 2428 1331 2463 et
1351 2429 1541 2477 quatuor
1562 2419 1662 2475 alii,
1695 2419 1812 2477 quod
1837 2419 2058 2463 diversum

1199 2502 1379 2529 sensum
1410 2487 1607 2531 efficeret
1630 2498 1641 2527 2
1670 2488 1779 2530 duos
1807 2486 1942 2530 etiam
1971 2495 2058 2530 tres

1197 2552 1311 2596 libri.
1331 2552 1497 2595 Bunm.

1253 2618 1278 2660 3
1285 2633 1349 2675 70.
1359 2618 1511 2673 Majus
1519 2632 1624 2672 opus
1633 2632 1769 2659 mores
1778 2620 2060 2672 composuisse

1197 2699 1299 2726 suos
1314 2697 1330 2735 ‚·
1349 2690 1393 2726 et
1408 2699 1505 2739 quae
1516 2691 1775 2739 sequuntur.
1799 2682 1868 2724 Eo
1881 2681 2058 2725 laudan·

1200 2746 1280 2790 dus
1310 2747 1447 2804 magis
1476 2746 1547 2790 hic
1574 2747 1694 2790 locus
1712 2779 1723 2800 ,
1762 2761 1850 2802 quo
1878 2745 2022 2801 major
2043 2779 2054 2799 ,

1200 2828 1340 2868 quum
1359 2812 1452 2855 haec
1481 2811 1691 2855 scriberet
1713 2810 1900 2855 Ovidius
1917 2843 1929 2865 ‚
1954 2810 2058 2855 aleae

1198 2879 1323 2921 furor
1346 2877 1572 2920 Romanos
1591 2876 1829 2928 invaserat,
1849 2884 1893 2918 et
1913 2875 2059 2933 ipsum

1198 2941 1245 2983 in
1257 2941 1407 2998 primis
1419 2939 1602 2998 August.
1619 2973 1631 2995 ,
1651 2940 1764 2997 apud
1782 2956 1915 2996 quem
1937 2939 2059 2983 idem

1199 3006 1362 3049 aulicus
1383 3022 1431 3049 ac
1452 3005 1628 3050 aleator.
1649 3006 1776 3050 Suet.
1794 3006 1840 3048 in
1861 3005 1974 3063 Aug.
1991 3009 2058 3065 95.

1254 3072 1349 3128 373.
1365 3073 1439 3114 Ira
1451 3075 1584 3123 subit,
1611 3070 1794 3126 deforme
1806 3074 1963 3114 malum
1976 3080 2059 3115 etc.

1202 3138 1360 3182 Horat.
1382 3138 1517 3195 Epist.
1539 3138 1613 3182 lib.
1635 3139 1680 3193 I,
1701 3152 1749 3182 1x
1766 3171 1778 3194 ‚
1801 3139 1855 3192 48
1877 3150 1887 3177 :

1200 3214 1318 3246 Ludus
1330 3214 1418 3245 enim
1427 3215 1536 3255 genuit
1547 3215 1714 3257 trepidum
1728 3220 1946 3254 certamen,et
1958 3214 2039 3244 iram
2050 3226 2062 3253 ς

1198 3277 1271 3315 Ira,
1288 3282 1396 3307 truces
1417 3276 1605 3307 inimicitias
1618 3283 1650 3307 et
1664 3275 1801 3307 funebre
1817 3276 1955 3307 bellum.

1202 3336 1307 3380 Vid.
1326 3353 1501 3394 quoque
1525 3338 1685 3381 Juven.
1710 3337 1802 3381 Sat.
1825 3352 1859 3391 1,
1882 3354 1952 3396 97,
1967 3352 2061 3391 sqq.

1257 3402 1350 3460 377.
1381 3406 1513 3447 Nulla
1516 3405 1632 3461 fides
1655 3406 1813 3446 tabulis·
1842 3411 1924 3445 etc.
1962 3403 2059 3442 Ta—

1207 3471 1313 3513 buloe
1338 3469 1502 3526 Regius
1532 3469 1733 3526 princeps
1749 3500 1762 3524 ,
1802 3476 1847 3512 et
1874 3474 2063 3524 quatuor
