2268 3776
277 289 384 357 240

738 291 800 342 P.
860 288 1153 344 OVIDII
1199 288 1571 345 NASONIS

275 406 540 466 Protinus
569 405 848 475 exsiliunt,
881 405 1122 465 animum
1148 405 1381 467 clamore
1408 407 1639 467 fatentes
1661 430 1673 478 ;
1964 399 2037 464 m:

355 502 682 579 Virginibus
710 501 935 584 cupidas
963 502 1326 585 injiciuntque
1350 528 1560 563 manuS.

275 600 355 657 Ut
378 597 601 675 fugiunt
628 597 867 680 aquilas,
893 598 1238 658 timidissima
1264 600 1428 658 turba
1444 646 1459 671 ,
1493 597 1760 659 columbae
1780 643 1793 669 ‚

354 696 541 775 thue
572 694 715 772 fugit
741 695 886 754 visos
913 719 1053 772 agna
1080 692 1295 752 novella
1323 693 1488 775 lupos
1513 719 1525 752 :

274 791 364 850 Sic
391 789 498 850 illae
525 791 752 851 timuere
781 779 928 851 {siros
960 792 1076 850 sine
1098 814 1248 850 more
1275 806 1511 851 ruentes.

356 889 623 950 Constitit
655 891 713 949 in
738 889 915 962 nulla,
952 890 1046 972 qui
1074 889 1186 969 *fuit
1211 903 1362 959 ante,
1396 888 1593 948 color:

272 989 414 1047 Nam
440 987 608 1046 timor
634 1010 779 1046 unus
805 1001 946 1057 erat3
975 985 1138 1045 facies
1166 1009 1284 1043 non
1310 1008 1421 1045 una
1451 985 1683 1045 timoris.

355 1083 489 1142 Pars
517 1082 688 1142 laniat
717 1082 931 1142 crines-2
957 1104 1084 1163 pars
1113 1080 1230 1140 sine
1261 1096 1441 1140 mente
1473 1080 1658 1141 sedet:

271 1177 461 1238 Altera
486 1192 681 1238 moesta
709 1177 864 1249 silet3
891 1177 1096 1236 frustra
1120 1190 1279 1234 vocat
1307 1174 1476 1235 altera
1501 1191 1761 1235 matrem:

355 1276 485 1334 Haec
517 1271 796 1357 queritur3
836 1287 1023 1356 stupet
1045 1273 1159 1332 haee
1185 1297 1196 1331 :
1221 1271 1335 1332 haec
1364 1286 1576 1344 manet;
1604 1270 1698 1331 illa
1727 1271 1886 1349 fugit.

276 1373 571 1431 Ducuntur
599 1384 795 1452 raptae,
829 1368 1057 1448 genialis
1084 1367 1267 1450 praeda
1285 1413 1300 1438 ‚
1331 1366 1560 1448 puellae3

1972 1387 2048 1427 125

355 1469 431 1527 Et
457 1467 645 1550 potuit
672 1464 873 1526 multas
907 1465 1025 1548 ipse
1054 1463 1237 1524 decere
1265 1463 1463 1546 pudor.

336 1670 352 1694 1
364 1669 380 1694 1
389 1653 426 1694 5.
435 1651 635 1694 Animum
649 1654 830 1694 clamore
830 1646 1124 1704 fatentes.Vel

250 1728 261 1735 ·
277 1716 369 1772 ipso
395 1719 575 1759 clamore
589 1750 600 1769 ,
625 1714 729 1772 quid
750 1722 954 1771 pararent
974 1712 1126 1756 decla-

276 1789 435 1824 rantes.

324 1864 341 1888 1
352 1864 367 1889 1
377 1864 397 1904 ¹7
403 1878 413 1888 .
422 1847 470 1888 U
462 1851 482 1888 t
478 1845 658 1902 fugiunt
664 1847 844 1901 aquilas,
860 1847 1128 1887 timidissima

278 1915 412 1955 turba.
432 1913 633 1968 Aquilam
651 1927 765 1954 unus
777 1911 1015 1953 Vaticanus
1027 1926 1037 1952 :
1048 1916 1128 1953 tre-

270 1982 501 2033 thlrsima
509 1978 618 2022 alter
629 1986 884 2033 :utrumque
895 1976 1128 2019 confirmat

277 2044 397 2087 locus
417 2043 489 2086 lib.
507 2057 525 2085 1
540 2076 552 2098 ‚
577 2043 762 2085 hletam.
783 2042 864 2084 506
881 2057 891 2084 :

278 2114 329 2145 Sic
344 2113 487 2155 aquilam
501 2123 606 2153 penna
618 2112 750 2152 fugiunt
763 2111 944 2152 trepidante
955 2111 1124 2142 columbae.

338 2191 354 2216 1
367 2191 381 2216 1
390 2191 428 2232 9.
451 2175 548 2216 Sine
566 2175 667 2228 lege.
679 2173 778 2214 Sine
790 2188 900 2214 more
914 2171 1127 2214 Schefseri

279 2236 435 2282 codex:
451 2237 692 2292 etfurenles
707 2235 969 2280 Oxoniensis
984 2245 1028 2279 et
1041 2236 1128 2279 duo

280 2303 364 2346 alii.
378 2302 528 2360 virgil.
546 2316 576 2345 v
590 2335 601 2356 ,
617 2301 791 2344 AEneid.
805 2302 887 2361 694
902 2317 912 2343 :
937 2304 1129 2357 Tempes-

279 2375 348 2411 tas
366 2373 458 2411 sine
484 2384 593 2410 more
609 2367 735 2423 furit.
765 2367 990 2410 Minucius
1011 2367 1130 2411 Felix

281 2450 372 2490 cap.
389 2447 495 2486 xxv,
506 2433 552 2475 in
566 2432 647 2476 hac
664 2433 753 2489 ipsa
766 2431 944 2475 historia
960 2448 971 2474 ε
989 2450 1010 2469 «
1022 2432 1131 2475 Mox

282 2498 442 2541 alienas
476 2497 665 2554 virgines
699 2498 790 2552 jam
820 2496 1095 2553 desponsatas
1116 2530 1128 2551 ,

280 2564 373 2619 jam
388 2562 622 2606 destinatas
635 2595 646 2615 ‚
666 2571 710 2605 et
723 2563 954 2606 nonnullas
970 2563 1023 2606 de
1036 2579 1130 2606 ma-

280 2628 490 2672 trimonio
517 2627 790 2671 mulierculas
811 2632 901 2671 sine
921 2645 1030 2671 more
1049 2645 1130 2672 ra-

284 2695 404 2751 puit,
426 2693 625 2746 violavit,
648 2692 790 2735 illusit.
809 2712 829 2729 »

342 2774 434 2802 120.
455 2759 655 2801 Conste‘lz‘t
667 2761 712 2799 in
726 2760 855 2800 nulla.
875 2758 1128 2812 Vaticanus,

285 2828 479 2868 consulit
492 2829 536 2866 et
550 2826 675 2874 null1';
694 2822 827 2865 etiam
842 2823 969 2865 bene.
986 2823 1131 2865 Livius

284 2904 425 2934 xxxlx
436 2923 448 2945 ,
472 2890 550 2944 34:
572 2890 694 2933 Adeo
708 2891 964 2944 perturbavit
977 2905 1029 2930 ea
1048 2905 1132 2931 vox

282 2973 413 3011 regem
426 2990 436 3006 ‚
471 2961 519 2998 ut
546 2971 628 2998 non
657 2958 792 3005 color,
817 2971 899 2997 non
930 2957 1068 2996 vultus
1091 2960 1138 2998 ei

285 3025 530 3064 constiterit.

345 3102 433 3128 122.
463 3088 572 3128 Pars
591 3088 738 3129 laniat.
755 3086 945 3128 laniant
962 3084 1130 3128 Vatica-

284 3166 368 3193 nus
388 3167 502 3194 unus
521 3167 622 3194 cum
634 3150 780 3194 codice
796 3150 966 3194 Patritii
978 3150 1008 3192 J
1012 3150 1126 3192 unii:

286 3226 331 3259 et
352 3225 447 3259 tum
475 3220 621 3260 sedent
647 3217 755 3273 lege.
783 3217 950 3259 HEINS.
963 3239 1018 3247 —
1034 3216 1131 3259 Sine

285 3289 417 3326 mente
437 3286 563 3326 sedet.
578 3286 686 3326 Ruit
703 3284 864 3340 Regius
880 3292 924 3327 et
943 3282 1129 3325 Moreti:

287 3358 330 3392 et
351 3366 462 3393 ruere
491 3358 554 3393 est
585 3349 758 3406 proprie
785 3358 951 3392 temere
974 3357 1017 3391 et
1037 3348 1129 3392 sine

288 3423 436 3458 mente
456 3417 560 3459 ferri
578 3434 588 3469 ;
609 3416 684 3459 sed
704 3415 916 3473 praecessit
935 3420 1096 3459 mentes
1114 3449 1126 3465 ,-

1205 1648 1286 1692 nisi
1302 1649 1357 1692 ibi
1359 1649 1553 1705 furentes
1566 1648 1783 1692 malumus
1794 1650 1936 1705 :jacet
1945 1649 2049 1693 Ber-

1205 1715 1496 1772 nensis,Junii
1510 1724 1554 1759 et
1567 1724 1654 1758 tres
1669 1716 1756 1759 alii:
1767 1723 2048 1767 manet‚unus.

1265 1783 1352 1823 125.
1390 1782 1583 1823 Gem'nlis
1593 1783 1752 1835 proeda.
1774 1779 1906 1824 Certe
1922 1785 2049 1836 geni-

1205 1850 1307 1891 talis
1319 1849 1466 1902 proeda
1480 1847 1532 1889 ab
1544 1844 1705 1889 Ovidio
1718 1847 1927 1904 scriptum
1944 1863 2051 1903 quo-

1205 1912 1267 1955 vis
1297 1911 1614 1955 contenderem
1646 1912 1841 1968 pignore.
1876 1913 1940 1955 Ita
1972 1914 2058 1954 Dii

1211 1980 1432 2021 Genilales
1445 1976 1521 2035 (de
1538 1977 1691 2034 quibus
1704 1976 1874 2020 abunde
1891 1977 1944 2020 ad
1962 1979 2052 2021 Ho-

1206 2042 1303 2085 ratii
1347 2041 1541 2085 Carmen
1580 2041 1783 2084 Seculare
1828 2042 2052 2086 Bentleius

1207 2107 1314 2164 egit)
1350 2123 1401 2150 ex
1435 2106 1590 2163 quibus
1621 2106 1777 2162 reliqui
1810 2106 1885 2149 Dii
1920 2108 2053 2150 creati

1207 2181 1321 2216 sunt.
1332 2172 1446 2215 Vide
1460 2181 1504 2215 et
1517 2171 1570 2215 de
1580 2172 1661 2216 hac
1671 2188 1775 2215 voce
1788 2172 2052 2216 Lambinum

1212 2238 1267 2281 ad
1287 2238 1480 2281 Lucretii
1499 2237 1571 2280 lib.
1589 2252 1605 2279 1
1624 2270 1635 2292 ,
1657 2251 1726 2281 vn
1745 2255 1756 2289 ;
1775 2238 1835 2280 ita
1851 2243 2054 2293 gem’lalia

1208 2320 1380 2358 corpora
1397 2303 1559 2347 Noster
1583 2311 1708 2346 vocat
1739 2302 1962 2346 ‘elementa
1982 2304 2054 2348 lib.

1209 2381 1284 2422 xv,
1302 2369 1568 2425 Metamorp.
1579 2368 1678 2427 239:
1690 2369 2056 2424 genilalc'afoedera

1211 2436 1431 2480 Ausonius
1447 2469 1459 2490 ,
1484 2436 1631 2493 Epigr.
1664 2450 1797 2479 LXXI:
1824 2445 1868 2479 et
1896 2437 2055 2481 Noster

1210 2502 1367 2558 passim
1384 2501 1465 2545 hac
1487 2517 1592 2545 voce
1613 2501 1763 2544 utitur.
1783 2501 1946 2545 BURM.

1271 2566 1359 2609 126.
1389 2569 1452 2610 Et
1470 2570 1615 2622 poluit
1637 2569 1795 2608 multas
1812 2570 1902 2622 ipse
1918 2569 2058 2610 decere

1203 2633 1350 2686 pudor.
1369 2631 1526 2674 Nescio
1542 2629 1646 2686 quid
1659 2631 1806 2674 nativo
1820 2630 1990 2685 decori,
2004 2648 2055 2674 ex

1210 2696 1303 2752 ipso
1324 2697 1483 2738 rubore
1503 2728 1515 2750 ,
1547 2694 1714 2738 decoris
1746 2694 1986 2738 accedebat.
2001 2720 2055 2728 —

1210 2762 1307 2815 Ipse
1318 2763 1459 2802 decere
1467 2762 1615 2815 pudor.
1629 2758 1925 2816 Adscripserat
1934 2759 2053 2803 Dou-

1209 2842 1258 2868 za
1271 2858 1282 2879 ,
1306 2825 1391 2869 huc
1412 2826 1552 2869 facere
1573 2824 1822 2881 exemplum
1840 2841 1890 2867 ex
1911 2824 2056 2869 Curtii

1210 2888 1281 2932 lib.
1309 2904 1383 2942 w,
1410 2907 1432 2932 2
1458 2889 1647 2932 :«Inter
1674 2906 1778 2945 quas
1811 2906 1946 2932 unam
1981 2907 2055 2934 rex

1210 2956 1299 3011 ipse
1316 2955 1537 3012 conspexit
1552 2956 1818 2999 moestiorem
1835 2972 1967 3012 quam
1984 2974 2057 3000 ce—

1210 3031 1322 3065 teras
1339 3056 1350 3076 ,
1374 3032 1417 3065 et
1437 3022 1775 3079 producentibus
1803 3040 1898 3066 eam
1922 3040 2056 3066 vere-

1208 3088 1351 3131 cunde
1382 3088 1686 3131 reluctantem.
1718 3088 1942 3132 Excellens
1963 3100 2056 3132 erat

1210 3155 1351 3196 forma
1366 3187 1378 3207 ‚
1401 3163 1446 3196 et
1471 3154 1661 3196 formam
1682 3156 1822 3208 pudor
1844 3153 2054 3197 honesta—

1209 3220 1295 3263 bat.
1310 3238 1329 3256 »
1347 3222 1509 3263 Pudori
1519 3225 1667 3262 autem
1681 3219 1750 3262 hic
1764 3235 1855 3262 non
1874 3228 1964 3262 tam
1979 3235 2053 3275 ap-

1210 3297 1280 3329 tus
1300 3287 1418 3330 locus
1435 3320 1446 3339 ‚
1469 3301 1601 3342 quam
1622 3289 1784 3329 titnort':
1803 3295 1898 3342 quae
1917 3300 2051 3327 voca-

1210 3352 1312 3395 bula
1331 3352 1487 3408 passim
1504 3350 1800 3394 confuderunt
1814 3351 1986 3393 librarii.
1996 3353 2057 3394 Es

1206 3422 1377 3472 polemi
1389 3452 1399 3471 ,
1430 3417 1562 3460 etiam
1582 3417 1811 3460 Junianus.
1832 3416 1965 3459 IDEM.

1968 922 2042 949 120
2088 922 2091 927 '
