2268 3776
250 330 310 363 12
710 313 773 366 P.
822 314 1112 371 OVIDII
1160 315 1533 375 NASONIS

236 426 366 484 Non
394 423 529 483 mihi
558 424 703 485 mille
730 425 947 509 placent
973 452 984 487 :
1011 452 1125 488 non
1156 454 1276 490 sum
1306 432 1552 493 desultor
1579 434 1817 496 Amoris.
1947 457 1996 498 15

319 521 407 578 Tu
437 520 597 592 mihi,
629 521 675 580 si
707 545 814 603 qua
839 521 1004 595 fides,
1036 548 1167 592 cura
1185 529 1442 608 perennis
1466 529 1587 589 eris.

237 615 468 686 Tecum,
505 641 642 698 quos
675 617 921 678 dederint
950 644 1121 681 annos
1151 623 1287 683 mihi
1312 624 1404 686 fila
1431 626 1728 700 Sororum,

316 710 508 770 Vivere
538 713 856 791 contingat3
896 729 1056 797 teque
1087 717 1336 792 dolente,
1361 722 1535 781 mori!
1603 787 1608 791 ,

236 808 315 866 Te
343 807 477 866 mihi
508 810 786 870 materiem
814 810 1026 872 felicem
1056 813 1114 872 in
1144 816 1380 876 carmina
1407 818 1619 899 praebe;

318 905 649 966 Provenient
675 931 836 968 causa
863 910 1100 970 carmina
1126 910 1295 989 digna
1320 935 1433 973 sua.
1946 946 2000 975 ιω

240 1001 489 1062 Carmine
517 1027 719 1064 nomen
747 1004 981 1078 habent,
1015 1009 1270 1069 exterrita
1299 1010 1564 1072 cornibus
1594 1012 1657 1070 Io
1675 1056 1691 1082 ,

316 1101 390 1158 Et
421 1124 581 1181 quam
610 1101 865 1163 fluminea
892 1102 1025 1164 lusit
1052 1105 1266 1167 adulter
1296 1132 1426 1181 ave;

237 1192 510 1276 Quaeque,
544 1219 709 1278 super
734 1213 972 1279 pontum
1002 1200 1259 1271 simulato
1289 1219 1441 1264 vecta
1464 1204 1700 1286 juvenco
1719 1250 1734 1275 ,

317 1289 579 1367 Virginea
611 1293 787 1352 tenuit
817 1318 1024 1354 cornua
1052 1321 1177 1358 vara
1204 1321 1386 1358 manu.

237 1383 355 1442 Nos
387 1408 607 1467 quoque
636 1409 736 1468 per
762 1402 941 1448 totum
969 1392 1174 1472 pariter
1205 1394 1550 1454 cantabimur
1578 1394 1802 1454 orbem:
1949 1413 2002 1454 25

293 1561 355 1601 15.
376 1561 474 1603 Non
488 1577 578 1603 sum
596 1563 786 1606 desultor
795 1569 960 1608 amorck.
983 1566 1083 1624 Op-

237 1623 340 1666 time
375 1625 625 1669 Puteaneus
657 1636 700 1670 et
727 1628 1048 1675 Arondelianus
1065 1665 1078 1687 ,

234 1703 335 1730 cum
368 1689 565 1745 ejusdem
595 1693 781 1736 Puteani
797 1726 808 1747 ,
846 1695 990 1738 Jureti
1031 1713 1079 1740 ac

212 1751 438 1809 'Scaligeri
459 1757 678 1812 excerptis.
701 1757 847 1814 Atque
873 1760 931 1804 ita
961 1759 1081 1803 Car-

241 1818 307 1860 rio
337 1819 385 1861 in
407 1821 795 1867 emendationibus
818 1857 830 1879 ,
866 1825 976 1867 libro
1006 1839 1045 1868 Π
1067 1858 1079 1880 ,

232 1899 322 1940 cap.
348 1900 398 1927 ιο
414 1917 425 1939 ,
448 1887 770 1931 restituendum
786 1891 974 1933 monuit.
996 1891 1082 1934 Sex

234 1948 304 1990 alii
321 1981 332 2003 ‚
353 1952 531 1994 delusor.
546 1953 856 2010 Neapolitanus
870 1988 881 2009 ,
904 1959 1083 1998 simula-

237 2019 305 2057 tor
320 2032 333 2058 ‚⁶
362 2018 534 2060 frustra.
548 2021 756 2062 Desertor
766 2030 914 2064 autem
928 2026 1083 2064 amoris

239 2089 303 2123 est
322 2114 333 2135 ,
370 2083 443 2138 qui
473 2099 565 2126 non
588 2093 704 2127 amat
722 2103 732 2136 ;
762 2088 973 2137 desultor,
1007 2087 1083 2143 qui

239 2155 354 2189 amat
364 2147 677 2203 inconstanter,
692 2166 812 2193 nunc
823 2151 950 2207 hanc,
961 2167 1082 2194 nunc

235 2212 353 2255 illam
373 2223 554 2257 secutus.
578 2216 744 2259 HEINS.

294 2279 355 2320 18.
396 2281 533 2334 Teque
560 2282 727 2323 dolente
745 2314 757 2332 ‚
782 2286 897 2324 mori.
931 2281 1083 2326 Codex

235 2342 397 2398 Regius
411 2375 423 2397 ‚
458 2348 500 2385 te
518 2349 716 2388 moriente
731 2380 742 2397 ‚
765 2351 893 2398 mori,
918 2356 1082 2404 argute.

235 2408 498 2465 Scripserat,
522 2420 570 2453 ut
589 2420 694 2467 puto
709 2445 721 2466 ‚
743 2414 903 2456 Noster
921 2446 933 2467 ,
964 2419 1081 2470 teque

232 2477 429 2527 obeunte,
454 2480 568 2519 mori.
591 2478 651 2519 H.
670 2478 790 2521 Nihil
810 2488 1009 2531 mutem;
1040 2485 1083 2523 te

234 2542 402 2583 dolente
414 2574 425 2595 ‚
442 2541 601 2584 scilicet
617 2574 629 2596 ‚
647 2542 682 2584 si
692 2545 882 2586 desultor
891 2543 994 2586 fiam
1006 2577 1018 2598 ‚
1038 2553 1083 2587 et

240 2606 368 2649 aliam
389 2601 535 2651 amem
556 2624 565 2650 :
588 2608 755 2652 nullam
777 2625 880 2665 ergo
905 2610 1083 2653 dolendi

236 2673 466 2716 materiem
476 2673 699 2717 selevitate
711 2690 787 2717 sua
798 2675 1082 2731 praebiturum

235 2735 383 2779 amicae
403 2736 639 2793 pollicetur.
658 2737 867 2782 solemne
883 2755 936 2783 eo
951 2756 1081 2783 sensu

239 2803 388 2844 dolere.
410 2802 573 2845 BURM.

294 2883 359 2909 20.
387 2870 642 2911 Provenient
655 2885 789 2912 causa
803 2872 991 2912 carmina
1006 2872 1084 2911 di-

234 2947 320 2986 gna
344 2948 433 2974 sua.
464 2935 716 2976 Provenient
735 2947 747 2973 .·
772 2934 1082 2991 producentur.

240 2997 484 3040 Translatio
499 3008 563 3042 est
577 3008 748 3056 sumpta
763 3000 814 3042 ab
836 2999 1058 3042 arboribus
1069 3032 1081 3054 ,

240 3078 264 3104 a
288 3062 440 3118 quibus
458 3063 562 3105 boni
584 3074 657 3107 aut
675 3064 776 3107 mali
795 3066 960 3108 fructus
981 3081 1085 3119 pro-

199 3155 202 3158 ·
240 3133 374 3171 venire
386 3129 661 3172 dicuntur.—·
680 3133 820 3174 Causa
831 3137 905 3174 tua
915 3132 1083 3174 Bersm.

241 3202 285 3236 et
300 3194 368 3236 alii
384 3212 395 3245 ;
418 3211 555 3237 causoe
574 3201 657 3238 tuae
674 3196 840 3256 Gryph.
856 3206 900 3239 et
913 3197 958 3239 in
973 3213 1085 3239 mar-

243 3258 339 3314 gine
362 3259 621 3304 Bersmann.
642 3264 897 3304 Proveniant
912 3278 1083 3318 quoque

242 3324 272 3366 J
276 3325 366 3367 unii
378 3334 421 3368 et
431 3325 518 3368 duo
532 3326 624 3381 alii,
637 3343 735 3369 cum
748 3326 911 3371 Douzae
921 3327 1082 3382 codice,

243 3397 288 3432 et
307 3390 365 3432 ita
386 3390 520 3434 edidit
540 3391 772 3449 Gryphius.
1019 3392 1021 3394 ’

297 3471 318 3495 2
329 3471 359 3495 1.
385 3457 574 3499 Carmine
588 3473 733 3500 nomen
746 3459 912 3500 babent.
931 3458 1085 3500 Putea·

1162 1586 1270 1613 neus
1290 1570 1500 1614 mendose
1516 1604 1528 1626 ,
1553 1563 1911 1615 Carmma'numen
1923 1574 2005 1613 ha-

1161 1639 1261 1678 bent
1277 1649 1288 1675 .’
1309 1636 1426 1692 quod
1448 1646 1492 1680 et
1510 1637 1612 1680 alios
1633 1636 1798 1680 codices
1820 1651 2004 1693 occupa—

1160 1700 1231 1743 vit.
1256 1702 1420 1745 HEINs.
1435 1724 1490 1735 -
1505 1705 1722 1746 Exterrita
1737 1705 1927 1745 cornibus
1943 1705 2005 1745 Io.

1162 1762 1457 1822 Metamorph.
1471 1767 1580 1809 libro
1600 1767 1757 1823 primo,
1778 1784 1886 1812 νει-ε,
1900 1768 2006 1827 639:

1160 1841 1257 1871 Venit
1279 1848 1312 1871 et
1327 1841 1369 1871 ad
1381 1841 1466 1882 ripas
1476 1865 1487 1880 ‚
1506 1842 1563 1873 ubi
1583 1842 1694 1873 ludere
1709 1853 1792 1883 soepe
1807 1842 1929 1874 solebat
1939 1866 1950 1881 ,

1161 1900 1330 1931 Inachidas
1347 1902 1434 1942 ripas
1450 1913 1460 1942 ;
1474 1913 1622 1943 novaque
1639 1908 1675 1932 ut
1689 1903 1855 1944 conspexit
1869 1904 1903 1933 in
1921 1903 2007 1933 unda

1162 1962 1307 2001 Cornua,
1324 1964 1518 2005 pertumuit,
1538 1973 1636 2004 seque
1652 1970 1834 1994 externata
1850 1964 1984 2008 refugit.

1214 2041 1280 2065 22.
1308 2026 1373 2066 Et
1387 2041 1508 2080 quam
1516 2027 1723 2080 fluminea
1738 2033 1817 2068 etc.
1840 2024 2007 2067 Ledam

1162 2086 1358 2144 designat
1374 2121 1386 2143 ‚
1410 2088 1545 2145 Epist.
1566 2102 1665 2132 xvn
1679 2121 1690 2143 ,
1716 2088 1792 2132 56:

1201 2157 1283 2195 Quae
1298 2156 1412 2187 salsam
1427 2157 1547 2198 gremio
1565 2157 1696 2187 credula
1710 2157 1793 2188 fovit
1807 2168 1913 2189 avem.

1163 2215 1252 2258 Ubi
1266 2216 1465 2260 miranda
1486 2233 1660 2274 semper
1680 2226 1819 2273 poetae
1837 2218 2008 2260 versati-

1160 2280 1254 2324 litas
1265 2315 1275 2331 ‚
1297 2296 1392 2336 quae
1404 2297 1473 2324 res
1486 2281 1661 2324 easdem
1679 2283 1845 2338 quoties
1862 2298 2009 2325 renar-

1161 2355 1228 2388 rat
1243 2377 1255 2400 ,
1291 2346 1417 2389 toties
1446 2348 1569 2389 novis
1596 2346 1826 2389 adumbrat
1852 2346 2010 2390 colori-

1121 2461 1127 2468 ,
1163 2411 1255 2455 hus.
1288 2411 1546 2468 Quidquam
1566 2412 1635 2454 vix
1655 2411 1728 2454 illo
1748 2428 1875 2454 versu
1892 2412 2010 2469 lepi-

1164 2475 1260 2519 dius
1278 2476 1490 2534 excogites
1503 2509 1515 2531 ,

1242 2548 1285 2579 Et
1298 2558 1398 2589 quam
1408 2545 1561 2578 fluminea
1573 2546 1651 2576 lusit
1665 2547 1793 2577 adulter
1805 2558 1876 2578 ave.

1215 2609 1282 2650 23.
1296 2610 1484 2664 Quaeque,
1499 2623 1629 2662 super
1629 2612 1804 2662 pontum
1812 2610 2011 2650 simulato

1161 2680 1286 2718 vecta
1289 2676 1488 2730 juvenco.
1515 2674 1707 2730 Europa,
1719 2691 1769 2716 ex
1782 2674 2008 2729 adjunctis.

1217 2742 1282 2794 24.
1318 2743 1516 2795 Virginea
1545 2743 1681 2782 tenu'z't
1704 2755 1860 2781 cornua
1881 2739 2009 2794 falsa

1160 2821 1297 2847 manu.
1313 2807 1479 2848 Cornua
1488 2820 1604 2854 vara,
1627 2803 1782 2846 Carrio
1796 2803 1840 2846 in
1861 2819 2008 2846 emen-

1163 2869 1409 2912 dationibus
1428 2883 1438 2909 :
1461 2867 1684 2925 quomodo
1700 2869 1949 2911 Puteaneus
1965 2876 2008 2910 et

1162 2933 1473 2992 Neapolitanus
1495 2952 1546 2978 ex
1565 2935 1735 2978 nostris.
1754 2933 2009 2976 Arondelia·

1160 3017 1244 3044 nus
1256 3033 1267 3054 ,
1281 3017 1382 3043 vera
1398 3014 1410 3040 .’
1426 3000 1513 3043 duo
1529 3000 1596 3043 alii
1613 3033 1624 3054 ,
1639 3016 1774 3043 curva.
1792 3000 2008 3055 Excerpta

1162 3065 1327 3109 Douzae
1348 3098 1360 3120 ,
1387 3082 1538 3120 pressa
1567 3078 1579 3104 ι’
1612 3080 1855 3121 perperam.
1895 3067 2008 3107 Vara

1162 3146 1327 3174 cornua
1342 3140 1386 3174 et
1395 3134 1560 3185 patula,
1580 3130 1747 3173 eadem.
1761 3130 1925 3174 Patulis
1939 3145 2007 3172 ca-

1162 3212 1278 3239 mura
1297 3196 1643 3252 opponebantur.
1666 3197 1836 3240 HEINS.

1217 3263 1282 3303 25.
1298 3263 1387 3303 Nos
1400 3277 1565 3316 quoque.
1577 3261 1785 3303 Francius
1796 3258 1981 3301 malebat
1994 3291 2008 3311 ,

1171 3328 1235 3368 Tu
1254 3342 1409 3381 quoque
1431 3342 1513 3381 per
1530 3331 1660 3368 toturn
1672 3329 1837 3380 pariter
1854 3329 2007 3366 canto-

1163 3397 1272 3436 beris
1294 3396 1442 3436 orbem.
1462 3416 1516 3424 ——
1538 3391 1626 3435 Sed
1640 3391 1710 3434 hic
1727 3406 1903 3447 quoque,
1926 3404 2010 3446 pro

1164 3475 1249 3501 una
1264 3492 1275 3512 ⁷
1309 3461 1439 3501 simul
1453 3457 1737 3502 cantabimur.
