2268 3776
220 300 326 369 422
690 305 754 355 P.
812 303 1109 359 ov1D11
1154 305 1526 364 NASONIS

298 419 485 501 Atque
515 417 723 477 utinam
758 418 968 479 inventi
1000 418 1175 498 gloria
1197 436 1389 484 nostra
1418 424 1592 485 foret!

215 519 373 578 Vidit
403 518 459 577 id
489 516 712 576 Atrides
739 542 750 576 :
781 517 917 600 quid
946 518 1091 578 enim
1113 542 1228 578 non
1258 518 1350 580 ille
1380 521 1589 584 videret
1607 569 1622 595 ,

300 617 473 698 Cujus
503 617 561 675 in
591 615 823 676 arbitrio
862 616 1071 677 Graecia
1101 631 1220 677 tota
1245 616 1356 677 fuit
1380 620 1404 678 ?

215 717 398 775 Marte
430 737 531 772 suo
563 727 779 794 captam
812 713 1114 795 Chryseida
1144 714 1323 773 victor
1345 715 1603 781 amabat:

298 812 375 870 At
403 810 589 870 senior
616 809 782 869 stulte
811 810 980 871 flebat
1008 811 1219 894 ubique
1250 835 1468 895 parenS.
1921 831 2004 890 47⁰

219 907 371 988 Quid
404 906 683 980 lacrimaS,
711 908 902 969 odiose
929 911 1138 970 senex?
1167 910 1311 971 bene
1343 909 1603 973 convenit
1631 908 1773 971 illis:

299 1004 502 1065 Officio
533 1021 718 1066 natam
748 1005 900 1066 laedis
919 1054 932 1080 ,
961 1007 1150 1091 inepte
1169 1055 1184 1081 ,
1211 1023 1327 1068 tuo,

216 1102 398 1181 Quam
426 1117 724 1186 postquam
753 1104 911 1164 reddi
944 1104 1205 1180 Calchas,
1238 1130 1342 1190 ope
1375 1119 1530 1165 tutus
1567 1103 1833 1178 Achillis‚'

293 1202 328 1259 J
335 1215 575 1272 usserat,
602 1216 656 1261 et
680 1202 859 1284 patria
887 1217 971 1262 est
1003 1202 1099 1263 illa
1128 1219 1348 1288 recepta
1379 1204 1582 1276 domo;

212 1299 341 1370 Est,
370 1298 446 1357 ait
476 1299 701 1359 Atrides
723 1347 737 1372 ‚
768 1298 850 1358 illi
884 1324 1049 1383 quam
1078 1302 1333 1384 proxima
1359 1301 1576 1374 forma3
1925 1315 2007 1375 475

294 1398 369 1455 Et
388 1442 402 1468 ,
433 1396 478 1455 si
514 1396 692 1479 prima
723 1397 869 1457 sinat
898 1397 1142 1481 syllaba,
1175 1423 1381 1459 nomen
1411 1397 1574 1458 idem.
1853 1405 1855 1407 ’

210 1493 371 1552 Hanc
400 1493 568 1566 mihi,
597 1495 645 1554 si
671 1495 874 1578 sapiat,
905 1520 1005 1578 per
1036 1520 1093 1556 se
1126 1495 1396 1557 concedat
1418 1494 1700 1556 Achilles:

292 1591 353 1649 Si
384 1591 596 1664 minus,
624 1592 920 1675 imperium
952 1593 1158 1653 sentiat
1183 1593 1275 1654 ille
1302 1617 1504 1653 meum.

211 1687 386 1766 Quod
417 1688 463 1748 si
495 1689 621 1771 quis
651 1705 895 1750 vestrum
924 1689 1131 1751 factum
1164 1691 1273 1751 hoc
1304 1691 1547 1764 incusat,
1575 1688 1804 1761 Achivi,

291 1792 397 1850 Est
430 1791 643 1874 aliquid
672 1793 866 1853 valida*
886 1809 1101 1877 sceptra
1137 1810 1321 1856 tenere
1347 1819 1532 1856 manu.
1926 1808 2008 1866 480

210 1895 378 1965 Nam,
407 1894 454 1952 si
478 1896 598 1954 Rex
628 1919 731 1973 ego
762 1919 885 1956 sum
905 1944 919 1968 ‚
951 1921 1052 1957 nec
1085 1922 1300 1958 mecum
1333 1898 1572 1958 dormiet
1601 1896 1696 1958 illa
1716 1945 1731 1970 ‚

294 2000 361 2056 In
392 2021 511 2068 mea
534 1997 820 2058 Thersites
850 2024 1053 2079 regna,
1087 2000 1318 2074 licebit,
1353 2015 1456 2062 eat.

212 2099 403 2172 Dixit3
433 2115 488 2160 et
517 2099 660 2160 hanc
687 2101 890 2161 habuit
920 2095 1116 2163 solatia
1145 2127 1347 2183 magna
1376 2102 1584 2187 prioris
1609 2125 1622 2175 ;

270 2283 364 2343 469.
375 2284 577 2342 Amabat.
590 2284 723 2329 Unus
739 2285 926 2329 Putean.
938 2303 1071 2329 ama-
1151 2288 1258 2331 Duo
1272 2287 1359 2342 alii,
1372 2287 1550 2331 Alrides
1563 2289 1639 2337 ait,
1660 2287 1777 2328 illius
1789 2287 2012 2340 estproxi-

212 2359 290 2396 ναί.
302 2353 470 2396 HEINS.
486 2355 686 2396 Habebat
694 2355 882 2398 Putean.
902 2355 1071 2412 primus

214 2429 259 2463 et
278 2420 366 2463 ‹luo
393 2420 461 2462 alii
482 2437 491 2464 :
514 2427 677 2476 raptam
700 2422 833 2465 etiam
862 2423 1073 2480 quinque.

270 2486 320 2542 47
333 2502 363 2528 ι.
387 2488 505 2528 Bene
520 2489 697 2541 contigit
711 2490 788 2529 illi.
807 2487 958 2531 Prima
979 2486 1076 2530 edi-

216 2549 278 2591 tio
293 2582 304 2604 ‚
321 2566 422 2592 curn
438 2550 605 2606 scriptis
617 2551 708 2594 fere
725 2551 930 2601 omnibus
945 2584 956 2606 ‚
972 2555 1074 2594 bene

215 2618 408 2656 convenit
415 2617 497 2664 illi,
512 2630 600 2670 prae
607 2623 672 2658 ter
681 2616 872 2672 optim'os
881 2617 1075 2674 Regium

217 2688 261 2723 et
280 2680 484 2734 Putean„
501 2680 545 2723 in
563 2682 743 2737 quibus,
759 2687 951 2725 conuenit
962 2685 1073 2725 illis-¹

218 2762 332 2788 vere.
355 2746 546 2790 Martial.
553 2745 638 2844 clib-
655 2747 796 2801 VIII,
819 2747 968 2803 Epigr.
990 2747 1071 2791 35.

255 2813 344 2845 Miro
348 2826 417 2845 rno
420 2814 498 2846 neb
499 2826 540 2845 ne
572 2816 724 2846 onvenire
737 2815 844 2846 vobis.

271 2877 364 2934 474.
386 2877 537 2918 Patria
562 2881 629 2919 est
649 2879 729 2919 illa
748 2881 916 2931 recepta
940 2879 1074 2920 domo.

215 2944 362 2984 Patrio
381 2946 476 2984 sinu
495 2941 889 2997 Francosurtensis,
907 2957 987 2998 pro
1007 2957 1076 2984 va-

218 3008 282 3051 ria
304 3008 504 3052 lectione.

273 3075 368 3129 475.
385 3073 561 3116 Atrides
572 3076 638 3116 ait
647 3108 657 3124 ‚
676 3079 743 3116 est
752 3076 872 3116 illius
880 3075 1075 3129 proxima

208 3137 355 3192 forma
377 3147 455 3182 etc.
479 3138 667 3183 Numeri
691 3138 918 3194 duriores,
942 3153 1077 3194 quam

223 3204 298 3259 qui
316 3204 557 3247 Nasoniani
571 3203 814 3247 videantur.
836 3204 930 3248 Nec
949 3219 1078 3255 cons-e

222 3275 317 3311 tant
332 3267 412 3313 sibi
425 3268 522 3311 libri
537 3276 708 3312 veteres
723 3301 734 3323 ,
756 3284 947 3325 quorum
959 3284 1077 3312 non-

222 3333 355 3390 nulli,
374 3335 476 3384 Est,
496 3337 562 3376 az'l
578 3334 752 3376 Atrides
774 3346 784 3373 Ξ
807 3335 1077 3385 concinnius.

225 3397 314 3441 Sed
336 3399 483 3442 Jureti
504 3407 547 3442 et
568 3399 758 3443 Puteani
776 3399 912 3443 codex
935 3412 946 3439 :

221 3471 356 3504 Atrides
371 3474 417 3505 ait
428 3497 439 3514 ,
459 3474 547 3506 illius
559 3476 627 3516 jam
642 3481 690 3506 est
706 3475 851 3517 proxima
866 3474 980 3507 forma.

1154 2370 1235 2397 ma.
1256 2353 1360 2396 Duo
1382 2352 1469 2406 alii,
1486 2354 1590 2395 Hoec
1603 2354 1670 2393 ait
1682 2350 1871 2400 Atrides,
1896 2353 2013 2393 illius

1147 2422 1344 2476 proxima
1362 2416 1511 2472 fimna
1541 2421 1639 2459 cst-⁰
1669 2431 1784 2458 unus
1806 2447 1819 2471 ,
1857 2418 1921 2459 sic
1947 2418 2016 2458 ait

1158 2484 1347 2527 Atrides.
1370 2482 1491 2539 Lego
1514 2497 1525 2525 :

1156 2553 1235 2591 Est,
1253 2552 1298 2582 ait
1313 2551 1447 2583 Atrides
1460 2573 1471 2589 ,
1487 2550 1536 2581 illi
1553 2561 1653 2592 quam
1668 2548 1817 2591 proxima
1832 2546 1937 2579 forma
1951 2558 1963 2587 ;

1155 2613 1201 2657 in
1223 2629 1310 2670 quo
1328 2611 1438 2656 nihil
1453 2611 1561 2655 mihi
1576 2608 1865 2669 permisi,nisi
1891 2607 2011 2665 quod

1156 2695 1237 2736 pro
1247 2678 1456 2734 z'llt'usjam
1468 2677 1606 2721 veteri
1618 2676 1805 2720 lectione
1815 2674 2008 2730 reposui,

1155 2749 1375 2801 illiquam.
1400 2746 1569 2788 HEINS.

1211 2814 1306 2871 479.
1327 2812 1532 2855 Accusat.
1551 2812 1729 2853 Incusal
1746 2807 1890 2865 prima
1908 2807 2012 2850 edi-

1157 2877 1220 2921 tio
1238 2909 1249 2930 ‚
1273 2886 1317 2920 et
1339 2894 1390 2919 ex
1408 2876 1575 2933 scriptis
1592 2876 1692 2919 satis
1713 2875 1854 2919 multi.
1872 2875 1931 2918 H.
1958 2875 2012 2917 In

1157 2941 1307 2984 multis
1330 2940 1548 2984 codicibus
1569 2944 1611 2984 τὲ
1628 2942 1706 2983 hoc
1727 2956 1820 2982 non
1843 2947 1978 2982 exstat
2002 2951 2012 2977 τ

1156 3009 1328 3048 incmal
1338 3022 1443 3049 vero
1462 3014 1658 3049 rectum:
1675 3004 1849 3062 proprie
1866 3005 1986 3047 enim
2000 3037 2012 3059 ‚

1160 3087 1298 3127 quum
1322 3071 1517 3115 minores
1536 3069 1872 3128 reprehendunt
1898 3070 2013 3112 viros

1159 3140 1414 3184 auctoritate
1450 3139 1618 3196 majore
1650 3137 1854 3195 praeditos
1871 3171 1882 3192 ,
1919 3153 2013 3180 non

1157 3222 1381 3258 accusare,
1407 3205 1482 3248 sed
1497 3209 1688 3248 incusare
1709 3203 1918 3248 dicuntur
1935 3220 1944 3254 ;
1965 3210 2016 3244 ut

1160 3272 1290 3316 docet
1304 3271 1483 3315 Servius
1503 3270 1558 3315 ad
1575 3270 1698 3326 Virg.
1719 3284 1736 3312 1
1749 3303 1761 3325 ‚
1785 3269 1890 3312 AEn.
1906 3269 2002 3321 410.

1215 3338 1308 3392 480.
1328 3339 1415 3379 Est
1425 3339 1593 3393 aliquid
1606 3338 1754 3379 valida
1769 3339 1934 3388 sceptra
1950 3337 2015 3373 le-

1158 3419 1254 3447 nerc
1272 3420 1411 3446 manu.
1433 3401 1550 3447 Vide
1579 3402 1768 3446 Homer.
1801 3396 1922 3443 Iliad.
1943 3402 1976 3443 A
1999 3428 2011 3450 ,

1165 3471 1239 3526 137
1258 3503 1270 3526 ,
1290 3486 1382 3527 sqq.
