2268 3776
601 296 993 353 AMORUM
1039 298 1165 352 111.
1208 277 1540 355 ELEG.1.

1862 304 1957 355 155

275 411 483 473 Obruit
508 413 907 491 exiguas'regia
934 426 1111 473 vestra
1137 413 1299 474 fores,
1631 419 1636 423 ’
1909 436 1963 489 40

193 506 327 567 Sum
356 506 522 580 levis3
561 504 615 567 et
643 531 857 568 mecum
886 506 1020 568 levis
1049 522 1156 582 est,
1187 532 1306 569 mea
1333 533 1487 582 cura,
1517 507 1752 592 Cupido.

273 604 403 665 Non
430 627 551 665 sum
579 604 805 665 materia
831 603 1032 666 fortior
1058 605 1340 688 ipsa'mea.

193 698 422 760 Rustica
451 698 514 759 fit
541 699 657 761 sine
683 722 769 760 mc
800 699 987 764 lascivi
1014 715 1188 762 mater
1211 701 1435 763 Amoris
1461 726 1473 774 ;

275 795 421 857 Huic
451 820 552 875 ego
582 798 812 880 proveni
840 796 987 871 lena,
1021 821 1311 881 comesque
1337 798 1481 859 Deae.

193 889 374 970 Quam
407 905 468 952 tu
497 917 612 954 non
639 894 849 977 poteris
880 895 1021 955 duro
1050 893 1600 956 reserare'cothurno
1621 940 1634 966 ,
1880 911 1963 966 ·45

270 988 404 1048 Haec
434 1003 518 1049 est
540 989 826 1051 blanditiis
852 992 1018 1073 janua
1046 989 1168 1051 laxa
1195 990 1348 1050 meis.

187 1083 261 1144 Et
286 1097 465 1145 tamen
492 1086 697 1147 emerui
724 1085 853 1170 plus
885 1110 1050 1170 quam
1082 1102 1142 1148 tu
1171 1109 1335 1170 posse
1354 1133 1368 1159 ‚
1399 1085 1625 1148 ferendo

266 1180 450 1243 Multa
478 1182 771 1267 supercilio
799 1208 918 1246 non
945 1183 1203 1268 patienda
1232 1198 1348 1245 tuo.

190 1278 297 1340 Per
323 1303 408 1342 me
438 1280 668 1366 decepto
701 1281 893 1344 didicit
923 1282 1152 1344 custode
1186 1282 1432 1343 Corinna

214 1406 222 1415 ·
266 1376 500 1439 Liminis
527 1379 775 1441 adstricti
805 1378 1098 1459 sollicitare
1127 1378 1326 1451 fidem;
1909 1397 1960 1438 50

184 1471 493 1558 Delabique
519 1491 644 1537 toro
677 1477 862 1538 tunica
884 1475 1059 1551 velata
1088 1474 1358 1546 recincta3

264 1570 451 1654 Atque
478 1572 848 1656 impercussos
871 1586 1034 1633 nocte
1058 1594 1276 1632 movere
1306 1569 1491 1653 pedes

104 1721 124 1738 ,
184 1664 288 1727 Vel
320 1666 538 1750 quoties
567 1666 783 1729 foribus
814 1667 966 1728 duris
988 1668 1161 1728 incisa
1188 1666 1460 1751 pependi,

183 1859 298 1895 mate
322 1850 439 1909 quod
459 1852 519 1897 sic
545 1852 791 1897 inscribitur
811 1885 823 1909 ,
857 1853 1026 1901 inducit

182 1916 282 1971 (103
313 1918 424 1974 sqq.)
457 1917 697 1961 infortunia
715 1934 803 1968 ,sua
833 1917 1025 1963 versibus

180 1981 375 2042 elegiacis
390 1985 719 2029 lamentantem.
824 2037 830 2043 ι

221 2050 297 2105 40.
327 2053 486 2095 Vestra.
507 2050 903 2107 Quemadmodum
923 2067 1024 2108 par-

174 2113 286 2170 vulae
298 2115 590 2174 sores‘ingenti
603 2116 761 2173 palatio
768 2116 997 2174 suppositae
1008 2148 1021 2170 ,

75 2174 81 2193 '
124 2239 126 2242 y
177 2179 296 2237 quasi
314 2183 540 2223 obruuntur
556 2180 609 2224 ab
628 2180 758 2238 ipsius
778 2181 907 2239 regiae
926 2197 1024 2224 ma·-

177 2243 428 2303 gnitudine:
448 2244 507 2288 ita
522 2245 555 2288 si
571 2245 740 2304 tragicis
759 2246 1023 2290 carminibus

179 2309 433 2352 amatoriam
443 2325 514 2353 ma
519 2311 671 2354 teriam
681 2310 995 2367 complecterer
1009 2344 1021 2367 ,

178 2373 381 2417 carminis
392 2373 700 2431 'magnitudine
719 2375 822 2418 levis
842 2375 1025 2418 materia

178 2437 451 2498 obrueretur.
473 2438 604 2481 Min.
635 2438 862 2483 Editiones
890 2439 1024 2482 etiam

179 2504 381 2562 quaedam
413 2505 560 2564 priscae
577 2539 589 2561 ,
621 2515 671 2550 ut
703 2515 747 2550 et
778 2506 946 2566 Gryph.
980 2515 1026 2550 et

178 2572 456 2629 Bersmanni,
473 2573 759 2617 etVaticanus
773 2574 923 2627 codex,
939 2575 1024 2617 Be-

175 2643 248 2696 ge‘a
266 2646 392 2683 vasta
412 2656 425 2683 .·
446 2639 668 2697 eleganter
684 2649 731 2683 ut
751 2647 1020 2697 opponatur,
1056 2643 1060 2647 “

118 2697 129 2708 ”
177 2706 341 2759 exigue&
357 2704 535 2748 foribus.
555 2704 719 2748 BURM.

219 2769 299 2825 43.
309 2773 562 2829 Busticafit.
577 2771 756 2829 Legitur
765 2770 896 2814 etiam
909 2804 920 2825 ‚
935 2773 998 2812 sit
1006 2803 1018 2822 ,

178 2849 258 2890 pro
276 2845 398 2880 esset.

230 2904 296 2958 44.
321 2905 436 2947 Huic
451 2921 527 2960 ego
540 2910 717 2960 proveni
728 2908 826 2949 Iena
837 2939 846 2956 ‚
863 2921 1022 2949 comes-
1044 2946 1050 2950 ,

177 2984 254 3024 que
266 2970 380 3013 Dee.
403 2969 526 3013 Dum
537 2971 658 3014 enim
672 2971 865 3015 labantes
880 2972 1023 3016 adhuc

178 3032 346 3076 animos
358 3033 510 3090 puellae
522 3067 534 3088 ,
549 3035 752 3079 carminis
765 3052 845 3092 ope
859 3036 1021 3080 sensim

178 3097 233 3141 ad
253 3098 490 3142 amandum
513 3101 696 3157 impellit
718 3101 852 3159 elegia
871 3110 896 3153 ;'
914 3102 1022 3145 dum

176 3164 335 3207 iratam
357 3166 519 3208 amanti
548 3175 688 3209 tentat
714 3167 906 3223 placare,
941 3184 1022 3210 re·-

178 3228 471 3273 luctantemve
486 3230 627 3273 verbis
642 3231 841 3274 conciliat
863 3241 1023 3275 amato-

179 3294 253 3338 riis
272 3327 284 3348 ,
321 3295 431 3338 lenae
464 3294 607 3344 officio
631 3328 643 3350 ,
676 3295 752 3338 sed
784 3295 1024 3341 honestiori

182 3358 361 3415 quidem
380 3359 563 3402 nomine
576 3392 588 3414 ,
611 3376 712 3403 vere
732 3361 942 3418 fungitur.

236 3425 301 3483 49.
315 3426 397 3468 Per
404 3441 467 3468 me
478 3427 645 3481 decepto
653 3433 733 3470 etc·
747 3424 897 3482 Quam
907 3435 1022 3485 apte,

1109 1869 1241 1911 quam
1259 1853 1483 1911 eleganter
1498 1852 1729 1910 depromta
1750 1852 1841 1898 hec
1858 1868 1959 1896 om-

1106 1919 1179 1962 nia
1203 1935 1225 1962 e
1250 1918 1448 1973 Tibullo,
1473 1932 1489 1961 1
1507 1950 1519 1973 ,
1546 1917 1668 1975 Eleg.
1688 1932 1725 1962 11
1740 1951 1753 1974 ,
1781 1922 1857 1971 15;
1885 1918 1960 1967 ubi

1105 1985 1166 2029 sic
1185 1984 1239 2028 ad
1261 1984 1436 2028 Deliam
1459 1998 1469 2026 ε

1105 2062 1160 2094 Tu
1172 2074 1303 2105 quoque
1317 2074 1356 2095 ne
1370 2063 1484 2094 timide
1497 2063 1647 2095 custodes
1658 2086 1668 2102 ,
1686 2062 1780 2096 Delia
1792 2087 1803 2102 ,
1817 2061 1915 2094 fauet

1145 2124 1346 2155 Audendum
1357 2130 1406 2155 eu
1424 2134 1433 2155 ε
1452 2124 1549 2155 sortes
1561 2124 1696 2164 adjuva
1711 2124 1781 2165 ipsa
1793 2124 1915 2153 Venus.

1105 2189 1168 2219 ΙΙΙ.
1183 2187 1268 2219 favet
1282 2212 1293 2228 ,
1307 2199 1365 2219 seu
1380 2189 1455 2230 quis
1469 2189 1600 2230 juvenis
1614 2199 1697 2220 non
1711 2187 1825 2218 limina
1835 2192 1935 2217 teni-t
1947 2210 1958 2226 ,

1145 2251 1208 2281 Seu
1223 2256 1341 2281 reserat
1355 2250 1418 2281 fixo
1435 2250 1529 2291 dente
1542 2251 1649 2291 puella
1662 2249 1759 2281 sores.

1106 2315 1168 2346 ΙΙΙ·
1180 2315 1271 2348 docet
1285 2315 1399 2347 furtim
1412 2316 1503 2347 molli
1516 2315 1710 2347 descendere
1723 2316 1806 2348 lecto
1818 2327 1827 2347 :

1146 2377 1207 2409 Illa
1221 2378 1334 2419 pedem
1346 2378 1437 2409 nullo
1452 2388 1568 2419 ponere
1581 2388 1673 2420 posse
1687 2388 1777 2409 sono.

1161 2446 1226 2487 50.
1239 2445 1420 2488 liminis
1437 2445 1952 2501 obstrtktt'sollete‘lareso-

1105 2524 1200 2552 rem.
1231 2510 1449 2552 Adstre'cti
1464 2508 1679 2552 meliores.
1713 2508 1887 2554 Deinde
1910 2519 1957 2553 et

1087 2576 1224 2632 fidem
1241 2607 1252 2625 ,
1277 2574 1530 2618 Puteaneus
1545 2607 1557 2628 ,
1579 2574 1771 2631 optimus
1792 2574 1956 2618 Palati-

1105 2654 1189 2682 nus
1208 2648 1252 2683 et
1266 2655 1338 2683 sex
1357 2639 1426 2682 alii
1442 2657 1453 2692 ;
1472 2639 1694 2683 verissime
1718 2644 1955 2694 :resignare

1087 2708 1223 2765 fidem
1251 2709 1508 2758 tabularum,
1536 2705 1694 2750 Cicero
1719 2722 1798 2762 pro
1823 2705 1956 2748 Arch.

1103 2782 1149 2816 et
1160 2779 1319 2816 mutare
1333 2774 1569 2815 tabularum
1574 2773 1707 2828 fidem
1727 2770 1953 2814 Fit-micus.

1105 2837 1229 2882 Vidit
1239 2847 1282 2881 et
1297 2836 1436 2882 Gron.
1450 2836 1636 2880 Observ.
1645 2836 1716 2879 lib.
1727 2849 1781 2890 11,
1792 2852 1881 2893 cap.
1893 2850 1955 2879 x1.

1105 2902 1319 2961 Adposite
1342 2905 1545 2959 Propert.
1567 2900 1620 2944 de
1643 2901 1831 2958 Tarpeia
1851 2915 1861 2941 :

1102 2976 1290 3008 Ptodiderut
1299 2983 1367 3017 port
1372 2974 1778 3016 oequefidem‚patriamque
1786 2975 1954 3015 jacentem.

1159 3040 1225 3080 51.
1256 3039 1493 3091 Delabique
1521 3040 1611 3077 toro
1643 3039 1791 3077 tunica
1818 3039 1961 3078 velata

1102 3108 1300 3147 recincta.
1335 3100 1409 3143 Sic
1441 3100 1487 3142 in
1517 3115 1609 3142 uno
1642 3099 1866 3143 Mass'eian.
1896 3101 1951 3144 In

1105 3168 1241 3211 altero
1254 3199 1266 3219 ,
1299 3169 1456 3209 soluta.

1159 3233 1225 3276 53.
1252 3234 1296 3275 V
1287 3234 1332 3278 el
1338 3235 1498 3286 quoties
1500 3231 1671 3287 foribus
1684 3233 1799 3275 duris
1813 3236 1951 3275 incisa

1097 3297 1299 3355 pependi!
1323 3299 1412 3341 Pro
1440 3303 1579 3341 incisa
1593 3333 1603 3349 ‚
1632 3299 1916 3342 Sarravianus
1934 3331 1949 3354 ‚

1105 3373 1149 3408 et
1168 3363 1255 3406 duo
1276 3363 1371 3418 alii,
1393 3367 1511 3407 illz‘sa
1538 3382 1550 3407 :
1571 3365 1761 3421 optimus
1788 3363 1951 3408 Palati-

1104 3443 1187 3471 nus
1199 3459 1211 3483 ,
1230 3427 1444 3483 Neapolit.
1460 3460 1472 3484 ‚
1487 3436 1530 3472 et
1545 3428 1614 3472 alii
1626 3436 1745 3483 tres,
1757 3431 1928 3473 concisa
1939 3461 1952 3481 ,
