2268 3776
714 293 1118 350 REMEDIA
1165 294 1534 351 AMORIS.

1903 297 2003 365 411

318 415 432 475 Nec
458 426 616 496 potes
633 457 647 482 ‚
679 425 734 471 et
761 409 926 471 velles
954 433 1116 493 posse
1137 457 1152 483 ‚
1181 410 1466 472 docendus
1497 411 1620 472 eris.

240 510 392 593 Saepe
418 507 558 570 refer
584 522 762 568 tecum
794 506 1064 568 sceleratae
1092 506 1236 568 sacta
1264 507 1494 589 puellae,

320 607 394 666 Et
421 627 568 688 pone
597 618 721 664 ante
751 602 942 665 oculos
970 603 1156 665 omnia
1185 603 1383 664 damna
1413 618 1555 664 tuos

238 698 386 760 Illud
415 714 471 760 et
498 698 638 759 illud
666 699 864 772 habet3
889 725 991 762 nec
1021 725 1084 762 ea
1113 713 1374 762 contenta
1402 700 1593 783 rapina
1611 747 1627 772 ‚

319 795 439 856 Sub
475 794 699 856 titulum
727 811 955 857 nostros
984 797 1137 858 misit
1165 820 1322 858 avara
1351 795 1508 857 lares.

237 891 328 957 Sic
355 892 492 952 mihi
518 893 754 975 juravit:
783 895 861 955 sic
892 919 978 956 me
1003 895 1183 976 jurata
1208 892 1420 955 fefellit.

316 990 463 1052 Ante
488 1014 641 1052 suam
673 992 890 1075 quoties
919 1015 1080 1075 passa
1106 992 1281 1072 jacere
1308 990 1485 1051 sorem
1508 993 1520 1049 ἱ

236 1085 438 1166 Diligit
466 1087 587 1172 ipsa
614 1088 786 1162 alios3
812 1113 843 1150 a
868 1113 953 1150 me
985 1089 1200 1150 fastidit
1230 1087 1415 1149 amari.
1576 1121 1577 1124 =
1933 1102 2015 1146 305.

315 1183 549 1243 Institor
569 1183 677 1244 heu
707 1199 900 1245 noctes
918 1229 934 1257 ,
965 1208 1104 1267 quas
1133 1185 1270 1246 mihi
1300 1208 1418 1245 non
1447 1182 1574 1254 dat,
1602 1183 1804 1244 habet!

236 1279 367 1340 Haec
396 1279 499 1340 tibi
525 1304 624 1363 per
653 1295 805 1342 totos
834 1283 1147 1343 inacescant
1176 1283 1363 1343 omnia
1394 1304 1591 1343 sensus
1617 1306 1628 1341 :

318 1379 448 1439 Haec
475 1379 652 1440 refer:
681 1379 812 1441 hinc
840 1380 955 1441 odii
985 1381 1194 1442 semina
1224 1404 1403 1464 quaere
1433 1379 1533 1440 tui.

234 1475 422 1557 Atque
449 1476 662 1536 utinam
695 1477 878 1559 possis
906 1477 1069 1538 etiam
1098 1477 1370 1538 facundus
1398 1477 1457 1536 in
1484 1475 1599 1536 illis

317 1573 485 1633 Esse!
519 1571 643 1632 dole
676 1587 921 1645 tantum;
947 1589 1147 1657 sponte
1178 1574 1418 1634 disertus
1448 1572 1572 1633 eris,
1940 1589 2019 1628 310

238 1668 482 1729 Haeserat
511 1668 569 1728 in
597 1669 832 1752 quadam
862 1695 1041 1754 nuper
1063 1695 1182 1732 mea
1213 1694 1343 1732 cura
1368 1668 1589 1753 puella:

320 1765 668 1827 Conveniens
698 1767 882 1828 animo
911 1792 1029 1829 non
1061 1783 1179 1829 erat
1207 1767 1303 1829 illa
1331 1791 1473 1829 meo.

239 1862 489 1923 Curabar
512 1863 756 1947 propriis
784 1888 925 1943 aeger
954 1864 1268 1926 Podalirius
1299 1863 1523 1934 herbis;

316 1962 416 2033 Et,
441 1959 645 2035 fateor,
669 1957 917 2023 medicus
945 1962 1184 2046 turpiter
1215 1986 1360 2042 aeger
1387 1984 1552 2022 eram.

287 2140 382 2184 299.
403 2124 621 2168 Scelerate
629 2125 760 2182 facta
774 2129 942 2182 puelloe.
967 2125 1081 2183 Alii,

234 2191 382 2240 verba,
413 2197 487 2232 aut
506 2191 634 2233 dicta.
665 2190 950 2234 Sarravianus
967 2225 979 2247 ‚
1008 2208 1084 2235 re-

231 2268 319 2309 gna
337 2269 350 2296 .·
373 2252 598 2311 eleganter
619 2254 906 2298 mehercules.
934 2256 1007 2300 Sic
1027 2256 1082 2300 de

234 2332 373 2376 regno
393 2319 607 2362 amatorio
632 2320 868 2376 Horatius,
901 2321 974 2365 lib.
997 2322 1081 2378 IV,

237 2383 325 2428 Od.
334 2397 366 2428 1.
376 2384 576 2442 Propert.
587 2385 756 2442 passim.
767 2386 920 2430 Posset
928 2394 973 2430 et
981 2386 1081 2443 legi,

230 2452 445 2493 scelerate
450 2448 578 2506 sarta
598 2453 749 2506 puella·
771 2466 784 2494 :
804 2450 859 2494 de
887 2451 938 2495 iis
961 2452 1084 2496 enim

235 2515 322 2573 agit
340 2515 387 2559 in
400 2515 683 2573 sequentibus
696 2533 708 2568 ς
725 2515 905 2571 etfacla
916 2524 959 2559 et
959 2515 1090 2572 furta

233 2597 347 2640 saepe
377 2580 494 2639 apud
522 2581 736 2626 Nostrum
764 2581 930 2626 librarii
953 2598 1087 2626 com-

235 2654 537 2694 mutaverunt.

289 2713 344 2756 30
351 2730 384 2756 1.
398 2715 489 2758 Nec
494 2729 546 2756 ea
559 2717 756 2756 contenta
767 2717 918 2768 rapina
929 2718 995 2756 est
1005 2721 1088 2757 etc.

235 2775 437 2821 Tollatur
457 2778 643 2821 verbum
662 2777 984 2822 substantivum
998 2810 1011 2833 ‚
1038 2785 1088 2821 ut

236 2843 393 2887 melius
412 2843 620 2901 procedat
640 2844 850 2888 orationis
870 2853 1000 2887 tenor
1018 2860 1028 2887 :

461 2939 500 2949 ...
524 2919 594 2950 Nec
604 2929 641 2950 ea
652 2926 802 2952 contenta
818 2919 930 2961 rupina
942 2941 954 2959 ,
1035 2946 1043 2951 „

277 2979 345 3011 Sub
359 2979 494 3010 titulum
507 2986 634 3011 nostros
646 2981 735 3012 misit
745 2991 841 3011 avara
855 2981 949 3011 lares.

236 3041 320 3084 &b
331 3042 495 3084 tilulum
507 3043 618 3082 lares
633 3044 793 3083 millere
807 3049 872 3084 est
885 3041 999 3085 aedes
1016 3056 1086 3085 ve·

236 3106 356 3150 nales
368 3106 651 3163 proscribere.
665 3106 769 3151 Non
782 3115 898 3150 recte
914 3107 1086 3152 codices

237 3172 423 3227 vetusti,
445 3187 603 3228 magna
624 3188 676 3214 ex
693 3180 815 3228 parte
829 3203 842 3225 ,
862 3175 939 3214 sub
953 3177 1086 3217 tilulo.

240 3237 405 3282 Tibulli
424 3237 544 3282 enim
565 3237 636 3280 illa
653 3238 906 3294 respiciebat
926 3237 1088 3283 Noster

238 3300 311 3345 lib.
330 3302 404 3356 11,
427 3315 498 3357 lv,
523 3304 604 3357 54:

238 3377 330 3419 Quin
342 3378 438 3408 etium
447 3401 457 3416 ,
474 3377 564 3408 sedes
578 3377 689 3419 jubeat
703 3377 731 3407 si
746 3376 882 3407 vendere
900 3376 1003 3407 avitas
1014 3399 1025 3415 ‚

279 3439 330 3469 Ite
344 3439 404 3469 sub
417 3439 589 3480 imperium
604 3438 661 3471 suh
678 3438 895 3480 titulumque,
918 3439 1010 3469 lare-³.

1167 2127 1260 2171 Per
1275 2129 1452 2177 tilulum,
1472 2122 1627 2168 tabella
1644 2121 1895 2178 designatur
1915 2119 2007 2163 aedi-

1165 2192 1245 2236 bus
1259 2190 1398 2234 adfixa
1412 2222 1424 2245 ,
1442 2204 1539 2246 quae
1554 2195 1830 2231 transeuntes
1842 2185 2017 2230 doceret

1166 2255 1351 2300 domum
1373 2270 1464 2299 esse
1486 2253 1701 2298 venalem.
1722 2253 1891 2296 Hmus.

1221 2323 1317 2368 306.
1333 2324 1522 2366 Institor.
1545 2320 1703 2364 Horat.
1726 2319 1796 2363 III
1810 2351 1823 2374 ‚
1848 2316 1938 2362 Od.
1957 2317 1985 2360 6
2012 2330 2019 2354 t

1165 2389 1246 2432 Seu
1258 2390 1572 2431 vocatinslitar.
1588 2385 1647 2428 Et
1661 2383 1801 2441 Εροᾶ.
1813 2395 1930 2436 xvu,
1943 2398 1996 2425 ao
2010 2399 2018 2423 :

1164 2453 1328 2497 Amata
1339 2455 1483 2495 nantel:
1498 2453 1672 2494 multum
1682 2455 1727 2493 el
1736 2450 2021 2497 animalum

1168 2519 1287 2563 unde
1309 2526 1491 2576 apparet
1508 2516 1594 2561 hoc
1613 2531 1752 2574 genus
1777 2523 2020 2571 contemp-

1168 2586 1386 2631 tissimum
1407 2585 1538 2630 fuisse
1560 2584 1815 2641 antiquitus.
1837 2582 2020 2627 DouzA.

1168 2675 1222 2684 —
1241 2653 1327 2695 Per
1345 2657 1456 2694 totos
1475 2654 1741 2693 marcescant
1759 2652 1904 2691 onmia
1921 2663 2021 2690 sea-

1167 2733 1252 2761 sus.
1280 2718 1412 2761 Unus
1453 2721 1687 2759 vanescant
1714 2731 1727 2757 :
1753 2714 1889 2767 alius,
1919 2730 2021 2756 ma—

1167 2790 1347 2828 nescant
1363 2800 1376 2827 .·
1397 2783 1519 2841 prior
1540 2780 1840 2826 Mentelianus
1855 2812 1867 2833 ,
1889 2795 2021 2823 aces·—

1166 2857 1281 2895 cant.
1299 2850 1465 2907 Regius
1482 2865 1586 2893 cum
1605 2847 1777 2891 duobus
1794 2846 1910 2899 aliis,
1927 2849 2023 2889 ina—

1166 2921 1341 2961 cescant
1355 2931 1368 2958 ,⁰
1388 2929 1491 2958 vere
1505 2945 1517 2967 ‚
1542 2922 1673 2968 atque
1693 2911 1753 2954 ita
1770 2942 1782 2964 ,
1804 2926 1942 2966 quem
1960 2910 2022 2952 ni-

1168 2980 1229 3023 hil
1250 2978 1442 3037 praeterit
1456 3011 1468 3032 ‚
1490 2974 1880 3034 perspicacissimus
1897 2973 2022 3017 Gro-

1169 3045 1323 3087 novius
1338 3074 1352 3093 ,
1377 3042 1562 3086 observ.
1587 3041 1659 3084 lib.
1692 3040 1738 3083 11
1756 3071 1767 3093 ,
1790 3055 1882 3095 cap.
1909 3051 1990 3081 xxl
2010 3070 2021 3089 ‚

1168 3109 1292 3166 plura
1314 3107 1370 3151 de
1392 3122 1447 3151 eo
1470 3106 1604 3149 verbo
1622 3104 1807 3162 collegit.
1826 3106 1920 3148 Non
1935 3119 2020 3146 ces-

1167 3181 1265 3219 ccnt
1289 3173 1427 3218 codex
1460 3172 1609 3216 Jureti
1632 3188 1642 3215 ε
1667 3172 1827 3214 frustra
1855 3175 2022 3214 inaces-

1168 3257 1269 3291 cere,
1288 3239 1542 3283 Scribonius
1560 3238 1725 3294 Largus
1741 3270 1753 3290 ‚
1778 3235 2020 3294 Composi—

1170 3305 1289 3347 tione
1315 3315 1394 3346 clv
1415 3319 1426 3346 z
1450 3311 1495 3346 et
1515 3302 1750 3346 Marcellus
1773 3301 2021 3358 Empiricus

1171 3385 1344 3426 quoque
1367 3368 1587 3412 dixerunt.

1225 3435 1316 3478 308.
1345 3435 1620 3478 Odiisemiaa
1632 3450 1764 3490 quam:
1777 3438 1851 3476 lui.
1870 3431 1992 3476 Malo
2009 3463 2023 3482 ‚

1933 622 2015 664 300
2083 664 2087 668 ,
