2268 3776
265 301 372 370 450
716 301 1144 356 P.0V1D11
1187 301 1586 360 NASONIS

262 419 377 477 Nec
409 437 628 475 cerussa
657 413 790 485 tibi,
816 438 918 475 nec
948 416 1082 486 nitri
1111 441 1309 500 spuma
1337 420 1590 481 rubentis

340 513 531 584 Desit,
562 525 617 572 et
643 511 862 594 Illyrica
890 537 1011 596 quae
1038 514 1189 575 venit
1215 513 1316 574 'iris
1345 516 1536 577 humo.

257 612 343 670 Da
370 608 564 669 validis
589 608 854 689 juvenum
879 610 1088 693 pariter
1116 611 1427 690 subigenda
1453 613 1704 675 lacertis:
1987 637 2040 693 75

340 707 448 767 Sed
473 707 687 788 justum
717 706 863 767 tritis
891 707 1052 767 uncia
1082 708 1305 790 pondus
1335 710 1455 770 erit.

255 804 463 865 Addita
490 802 556 863 de
589 801 820 885 querulo
851 803 1140 864 volucrum
1167 805 1530 868 medicamina
1553 807 1687 868 nido

339 902 452 961 Ore
479 900 676 978 fugant
702 899 943 960 maculas
970 925 982 960 ε
1010 900 1329 984 Halcyonea
1357 919 1572 964 vocant.

255 996 537 1069 Pondere,
571 995 618 1055 si
647 996 873 1078 quaeriS,
909 1021 1021 1079 quo
1054 998 1159 1057 sim
1187 1015 1485 1061 contentus
1509 1001 1571 1060 in
1598 999 1745 1073 illis;

335 1092 506 1174 Quod
533 1092 703 1154 trahit
731 1093 790 1153 in
819 1108 1004 1176 partes
1034 1095 1197 1156 uncia
1228 1111 1379 1157 sexta
1410 1097 1563 1158 duas.
1818 1129 1821 1132 >
1985 1119 2039 1159 ει»

255 1194 334 1251 Ut
356 1199 559 1251 'co'e’ant
577 1237 591 1262 ,
625 1205 860 1274 apteque
888 1189 990 1250 lini
1019 1215 1120 1274 per
1149 1217 1385 1277 corpora
1411 1194 1658 1277 possint,

333 1293 526 1375 Adjice
560 1292 626 1353 de
655 1292 808 1354 flavis
838 1293 1027 1354 Attica
1058 1294 1223 1355 mella
1250 1294 1406 1356 favis.

253 1396 522 1477 Quamvis
553 1410 675 1456 tura
704 1395 883 1469 DeOS,
909 1396 1157 1480 irataque
1189 1398 1416 1458 numina
1445 1397 1690 1481 placent;

332 1501 463 1559 Non
492 1513 671 1559 tamen
697 1499 941 1559 accensis
971 1499 1157 1561 omnia
1184 1499 1365 1561 danda
1392 1500 1548 1561 focis.

251 1605 368 1663 Tus
398 1603 500 1663 ubi
529 1603 814 1664 miscueris
840 1603 1057 1664 radenti
1087 1604 1282 1665 tubera
1306 1605 1456 1665 nitro
1477 1652 1492 1678 ,
1982 1626 2038 1668 85

333 1704 687 1767 Ponderibus
714 1706 879 1787 justis
908 1706 993 1766 fac
1023 1706 1098 1767 sit
1125 1707 1406 1791 utrimque
1434 1707 1622 1768 triens.

310 1877 374 1935 73.
390 1878 516 1920 M'tri.
543 1875 879 1922 Vitrieditiones
892 1879 1042 1934 priscae
1060 1888 1106 1923 et

253 1943 400 2000 scripti
414 1951 514 1986 octo
527 1957 537 1985 ε
550 1941 722 1985 nitrum
734 1943 820 1986 suci
836 1959 972 2000 genus
990 1943 1106 2000 apud

253 2009 541 2053 Theocritum
554 2040 565 2062 ,
576 2007 704 2050 initio
716 2006 1106 2065 Syracusanarum.

306 2079 371 2136 75.
400 2077 616 2119 Juvenum.
637 2073 924 2119 Ancillarum.
946 2074 1078 2117 Man.

308 2144 372 2201 78.
387 2145 636 2202 Halcyonea
648 2148 813 2185 vocant.
827 2141 898 2186 De
914 2141 1108 2199 Halcyo-

252 2210 346 2254 neis
354 2208 687 2253 medicamentis
696 2208 811 2252 Ptin.
824 2208 896 2252 lib.
907 2208 1105 2263 XXXII,

253 2291 345 2332 cap.
358 2287 458 2317 v111.
481 2273 578 2330 Ego
593 2270 769 2315 Ciofani
786 2271 1022 2316 lectionem
1037 2289 1108 2316 re-

253 2339 364 2396 cepi,
383 2340 532 2381 addita
545 2339 598 2379 de
609 2339 778 2392 querulo
795 2345 875 2380 etc.
893 2353 991 2394 quae
1006 2353 1108 2380 sen-

255 2404 440 2448 tentiam
461 2401 596 2447 efficit
614 2400 936 2445 rotundiorem.
969 2404 1108 2446 Nidus

254 2472 446 2526 querulus
458 2483 564 2511 vero
578 2466 718 2511 dictus
731 2482 812 2524 pro
825 2466 964 2524 pullis.
981 2466 1109 2510 Glos-

254 2550 312 2578 sae
342 2542 513 2578 veteres
527 2565 539 2587 ,
561 2536 726 2582 Νεοσσὶς
745 2548 756 2575 :
778 2534 925 2581 nidus,
946 2534 1106 2586 pullus.

260 2601 466 2654 Querulas
475 2600 620 2640 domos
632 2597 738 2640 dixit
749 2595 979 2640 Claudian.
988 2596 1108 2653 praef.

257 2664 312 2708 ad
333 2664 416 2708 III.
443 2661 577 2706 Cons.
595 2663 716 2704 Hon.
739 2667 775 2705 5.
797 2662 912 2705 Plin.
932 2677 1107 2717 quoque

259 2729 312 2773 de
339 2727 484 2771 liberis
509 2726 639 2780 dixit,
676 2726 865 2777 XXXV,
892 2727 918 2768 3
939 2743 949 2769 :
973 2743 996 2764 α
1013 2725 1110 2768 De-

257 2809 359 2838 cora
378 2809 448 2836 res
478 2791 631 2847 utique
647 2823 658 2845 ,
683 2790 719 2834 si
739 2790 980 2833 liberorum
1008 2806 1110 2846 par-

259 2860 368 2903 vulis
381 2857 659 2916 imaginibus,
668 2873 749 2901 ceu
761 2860 903 2899 nidum
919 2855 1111 2912 aliquem

262 2923 420 2968 sobolis
439 2922 602 2979 pariter
622 2920 836 2964 ostendat.
849 2938 871 2958 »

315 2992 382 3034 80.
407 2991 525 3043 Quas
541 2989 684 3030 trahil.
703 2985 962 3043 Legendum
982 2994 1044 3029 est
1061 3003 1113 3029 ex

260 3054 559 3099 vetustissimis
600 3052 916 3108 exemplaribus
959 3053 1084 3105 Quod
1099 3085 1110 3103 ,

260 3121 418 3164 scilicet
438 3118 623 3176 pondus.
652 3119 740 3161 Per
760 3121 927 3160 unciam
950 3123 1114 3159 sextam

266 3184 434 3228 Marius
480 3184 617 3240 Niger
657 3183 859 3226 selibram
901 3183 1115 3240 intelligit.

265 3250 415 3294 Scribe
437 3265 538 3292 cum
562 3248 806 3305 Scaliger-o,
827 3253 953 3291 uncia
967 3254 1095 3290 secla.

317 3316 383 3357 81.
412 3315 458 3356 U
452 3321 471 3357 t
487 3320 642 3357 coeant
659 3319 833 3368 apteque
847 3317 930 3356 lini
934 3330 1013 3368 pet
1022 3330 1116 3356 cor-

259 3397 366 3436 pora
387 3384 568 3434 possint.
601 3381 705 3421 Lz'm‘
719 3394 886 3434 expone
910 3394 989 3434 pro
1010 3378 1118 3421 illini

266 3454 309 3489 et
329 3445 511 3502 inungi,
533 3460 626 3487 non
646 3460 723 3499 per
745 3444 879 3487 lineas
899 3443 1060 3486 induci.

1241 1881 1308 1923 85.
1336 1882 1511 1924 Tubera.
1535 1878 1754 1936 Quaedam
1775 1881 2038 1938 exemplaria

1186 1945 1397 2002 scriptum
1429 1945 1593 1989 habent
1609 1978 1621 1999 ,
1648 1947 1842 2001 Cot-pom.
1874 1946 1962 1990 Sed
1993 1956 2039 1991 et

1196 2010 1361 2052 Tubera
1389 2009 1553 2065 optime
1586 2009 1756 2066 legetur
1782 2026 1793 2053 ε
1818 2009 1889 2053 hic
1915 2011 2037 2053 enim

1196 2075 1360 2117 Tubera
1379 2090 1471 2116 non
1493 2073 1752 2130 significabit
1771 2084 1899 2119 terrae
1918 2078 2039 2119 sruc-

1189 2146 1285 2181 tum
1300 2172 1312 2193 ,
1327 2138 1404 2182 sed
1418 2139 1562 2182 morbi
1583 2155 1719 2196 genus
1730 2173 1742 2194 ,
1759 2140 1842 2184 hoc
1862 2150 1950 2196 est,
1966 2151 2038 2186 tu·-

1189 2219 1336 2247 mores
1347 2203 1558 2260 quosdam
1572 2204 1619 2246 in
1629 2220 1811 2262 corpore
1825 2205 2037 2262 humano,

1188 2268 1236 2312 in
1245 2269 1351 2312 facie
1367 2270 1609 2326 praesertim
1621 2285 1631 2313 :
1643 2270 1788 2326 quales
1800 2280 1904 2315 sunt
1914 2273 2037 2327 clavi,

1189 2333 1358 2391 papulae
1374 2366 1386 2387 ,
1400 2333 1507 2377 ficus
1522 2367 1533 2389 ,
1546 2350 1739 2379 verrucae
1751 2368 1763 2390 ,
1779 2344 1823 2379 et
1839 2336 1882 2379 id
1903 2354 2039 2394 genus

1190 2399 1285 2443 alia.
1299 2399 1418 2442 Male
1439 2399 1567 2442 multi
1581 2416 1631 2443 ex
1648 2400 1816 2458 scriptis
1831 2405 2041 2446 radianti.-

1188 2463 1296 2507 illud
1316 2479 1422 2507 vero
1440 2473 1558 2508 recte
1574 2497 1586 2519 ,
1609 2464 1726 2521 quod
1748 2466 1943 2524 quinque
1964 2485 2040 2511 ex-

1186 2529 1341 2573 hibent
1353 2562 1364 2584 ,
1379 2533 1550 2573 radenti
1559 2533 1704 2574 tubera
1716 2535 1838 2575 nitro.
1854 2532 2038 2576 Metam.

1189 2595 1333 2651 VIII,
1357 2597 1438 2639 808
1459 2611 1469 2639 :
1488 2599 1712 2640 immodico
1722 2601 1953 2652 prodibant
1970 2606 2039 2642 lu-

1189 2663 1281 2704 bere
1307 2663 1399 2703 tali.
1425 2660 1495 2704 De
1519 2660 1600 2705 hac
1624 2662 1667 2705 vi
1694 2662 1798 2706 nitri
1817 2663 1915 2707 vide
1937 2664 2038 2708 Pli-

1189 2726 1332 2780 nium,
1349 2725 1421 2769 lib.
1442 2726 1597 2770 XXXI
1612 2759 1624 2780 ,
1644 2743 1734 2783 cap.
1749 2742 1790 2770 x.
1814 2728 1982 2772 HEINS.

1245 2792 1311 2834 86.
1326 2790 1808 2846 Pondenzusjustzzcsac
1817 2796 1879 2835 sil
1886 2799 2038 2836 utrum-

1190 2872 1268 2913 que
1284 2860 1427 2898 triens.
1450 2858 1639 2898 Trahens
1667 2872 1822 2901 omnes
1839 2859 1936 2901 libri
1956 2877 2040 2903 ex·-

1191 2921 1281 2965 cusi
1300 2936 1310 2963 z
1333 2936 1428 2976 quae
1446 2921 1809 2965 monstrosissima
1829 2924 1956 2981 plane
1978 2934 2043 2969 est

1191 2986 1332 3030 lectio.
1365 2985 1707 3030 Germanissima
1742 2990 1962 3045 reperitur
1995 2992 2043 3035 in

1193 3059 1381 3107 utroque
1394 3051 1653 3095 Maffeiano:
1671 3053 1897 3111 Utrumque
1904 3060 2043 3099 triens.

1196 3117 1275 3159 Est
1284 3117 1402 3159 enim
1418 3121 1557 3167 triens,
1573 3126 1621 3160 ut
1632 3118 1893 3175 Priscianus,
1906 3137 2046 3177 quum

1196 3182 1293 3224 alibi
1311 3215 1322 3237 ,
1337 3190 1433 3224 tum
1454 3182 1498 3224 in
1518 3182 1782 3228 carminibus
1804 3185 1858 3229 de
1881 3187 2044 3243 ponde-

1196 3248 1315 3290 ribus
1336 3256 1379 3290 et
1399 3249 1616 3292 mensuris
1633 3282 1645 3304 ,
1666 3248 1794 3293 docet
1809 3283 1820 3305 ‚
1840 3252 2046 3308 ponderis

1198 3328 1333 3369 genus
1355 3346 1366 3367 ,
1390 3313 1506 3369 quod
1529 3323 1718 3370 quatuor
1736 3316 1884 3360 uncias
1902 3317 2046 3359 conti-

1195 3386 1298 3420 net:
1313 3378 1421 3420 item
1440 3395 1658 3424 mensurae
1682 3395 1839 3438 genus,
1858 3391 1906 3426 ut
1924 3381 2042 3426 idem

1199 3444 1266 3486 ait.
1293 3443 1421 3488 C1or.

2264 85 2268 115 ...
2260 0 2268 68 ...Δ-ο..
