2268 3776
272 296 341 361 82
735 291 799 343 P.
855 291 1153 348 OVIDII
1193 291 1571 356 NASONIS

349 410 536 491 Atque
567 405 729 466 ambo
761 405 999 480 domini,
1033 409 1184 490 quod
1212 409 1418 491 probat
1447 435 1588 483 una,
1621 413 1880 495 probant.

270 507 462 587 Quum
492 504 632 564 bene
662 503 746 562 vir
776 504 941 564 traxit
969 504 1183 565 vultum
1201 553 1214 577 ,
1247 531 1522 590 rugasque
1553 507 1764 589 coegit,

330 601 525 682 ⁴Quod
554 599 734 660 voluit
759 600 878 661 fieri
906 601 1111 661 blanda
1139 601 1351 684 puella,
1381 604 1529 665 facit.
1669 594 1673 598 ¹

269 700 378 761 Sed
408 714 588 759 tamen
616 697 895 757 interdum
922 712 1100 758 tecum
1131 723 1354 781 quoque
1374 701 1552 781 jurgia
1573 717 1784 776 nectat;
1992 720 2045 762 35

348 799 422 856 Et
451 793 671 856 simulet
696 793 986 867 lacrimas,
1006 796 1423 879 carnificemque
1452 814 1627 859 vocet.

265 895 355 955 Tu
385 908 578 953 contra
607 891 900 971 objiciens,
937 916 1057 975 quae
1089 908 1212 953 tuto
1245 893 1421 953 diluat
1440 893 1574 968 illa,

349 993 416 1050 In
446 1013 632 1049 verum
663 987 800 1048 falso
833 989 1059 1050 crimine
1092 990 1248 1051 deme
1276 989 1458 1051 fidem.

268 1088 359 1147 Sic
386 1087 492 1146 tibi
519 1110 736 1169 semper
761 1086 974 1159 honOS‚
1010 1087 1087 1147 sic
1119 1087 1226 1148 alta
1255 1088 1490 1170 pecunia
1520 1101 1723 1148 crescet
1747 1112 1760 1147 ε

346 1186 480 1245 Haec
508 1182 648 1255 face,
682 1198 738 1243 et
762 1183 959 1262 exiguo
993 1199 1241 1266 tempore
1274 1184 1417 1244 liber
1444 1185 1568 1244 eris.
1995 1202 2052 1257 40

265 1281 525 1365 Adspicis
551 1280 833 1340 indicibus
864 1305 1030 1341 nexas
1057 1305 1158 1363 per
1186 1280 1329 1342 colla
1359 1296 1611 1342 catenas:

346 1376 648 1461 Squalidus
678 1377 817 1437 orba
837 1376 945 1437 fide
968 1392 1196 1459 pectora
1225 1402 1408 1439 carcer
1429 1379 1618 1440 habet.

320 1539 386 1582 33.
423 1538 564 1581 Ambo
591 1539 761 1580 domini.
792 1536 912 1580 Nihil
938 1535 1009 1579 hic
1038 1553 1118 1579 va-

266 1605 383 1648 riant
395 1603 575 1647 codices.
586 1602 756 1645 Marius
768 1601 964 1659 explicat,
978 1602 1120 1658 puella

215 1674 229 1686 ⁸
266 1680 311 1715 et
335 1677 478 1713 custos
498 1668 720 1720 conscius;
744 1666 818 1710 sed
843 1683 929 1723 qua
949 1667 1119 1710 ratione

266 1735 494 1779 eunuchus
528 1733 655 1777 titulo
695 1735 860 1775 domini
892 1732 1120 1775 communi

188 1839 190 1841 -
266 1819 370 1848 cum
392 1802 529 1846 amica
556 1800 705 1845 Ovidii
734 1799 934 1858 insigniri
959 1800 1117 1856 possit,

265 1884 359 1911 non
379 1866 520 1911 video.
543 1866 662 1923 Lego
684 1865 830 1921 itaque
848 1882 860 1918 ;

287 1940 401 1981 Atque
408 1937 503 1968 ambo
513 1936 750 1977 domino,qnod
758 1935 872 1976 probat
879 1947 957 1974 una,
968 1935 1119 1976 probunt.

272 1999 526 2056 Coniuncta
548 2013 682 2054 opera
710 2005 755 2040 et
784 2012 835 2040 ex
862 2004 1119 2053 compactO,

266 2067 428 2114 marito
463 2081 574 2108 uxor
609 2063 805 2107 adultera
844 2072 889 2107 et
925 2063 1121 2108 conscius

269 2132 497 2177 eunuchus
530 2130 796 2188 persuadent
833 2130 937 2173 illud
956 2164 968 2186 ,
1001 2130 1122 2187 quod

267 2201 411 2258 puella
431 2199 630 2242 voluerit.
659 2201 845 2242 Proban-
863 2201 1001 2241 alicui
1021 2197 1122 2241 ele-

272 2282 376 2323 gans
406 2264 580 2308 locutio.
606 2261 749 2306 Cicer.
779 2276 823 2318 1,
854 2261 1032 2305 Verrin.
1064 2262 1122 2304 ὃς

273 2348 294 2366 «
314 2329 472 2385 Quum
492 2328 563 2372 isti
584 2342 811 2371 sermones
838 2326 971 2383 hujus
1000 2325 1123 2369 modi

273 2393 549 2450 dissipassent
561 2427 572 2447 ,
596 2392 768 2436 tametsi
775 2395 1041 2449 probabatur
1053 2408 1123 2434 ne-

271 2465 380 2505 mini
394 2469 473 2505 etc.
495 2479 517 2499 »
540 2461 705 2504 BURM.

327 2525 393 2568 38.
423 2528 475 2567 In
504 2540 602 2568 vero
616 2558 627 2573 ‚
654 2525 778 2580 falso
804 2526 976 2567 crimine
1003 2525 1123 2566 deme

257 2596 406 2651 fidem.
436 2593 487 2635 In
505 2608 645 2634 vetum
671 2592 923 2634 Puteaneus
942 2606 951 2633 :
974 2599 1091 2633 recte
1109 2623 1121 2644 ,

272 2660 305 2703 si
321 2657 527 2714 objiciens
540 2655 754 2712 superiori
771 2671 899 2698 versu
920 2671 1122 2711 reponas,

274 2739 356 2781 pro
369 2723 566 2778 objicies,
584 2720 668 2764 levi
682 2720 940 2763 mutatione.
958 2722 1021 2761 Et
1037 2725 1130 2762 veri

275 2788 559 2833 San-avianus
572 2802 582 2830 :
594 2800 689 2828 non
701 2785 828 2827 male.
847 2785 999 2828 Posset
1013 2799 1126 2840 quo-

277 2871 361 2911 que
382 2851 542 2909 refingi
563 2866 574 2893 ε
767 2908 773 2915 ¹

275 2930 326 2961 Tu
343 2935 454 2960 contra
470 2927 627 2969 objiciens
636 2949 646 2965 ,
660 2935 734 2967 qun
745 2930 818 2955 tuto
831 2923 936 2955 diluat
950 2924 1005 2955 illa
1015 2949 1026 2963 ,

316 2991 334 3021 1
343 3014 354 3029 ‚
369 2991 455 3021 veris
467 2988 551 3020 falso
563 2988 699 3018 crimine
713 2986 807 3017 deme
822 2985 930 3016 fidem.

278 3050 391 3105 Vel,
414 3052 456 3098 Ι,
475 3065 631 3092 veram.
648 3048 815 3090 Hmns.
840 3046 956 3102 Quae
974 3047 1127 3091 ultima

281 3114 455 3159 Heinsii
475 3115 726 3168 conjectura
745 3121 889 3169 posset
909 3128 959 3155 ex
976 3114 1127 3156 Fran—

277 3180 433 3223 cosurt.
465 3178 611 3221 codice
640 3178 807 3220 firmari
824 3211 836 3232 ‚
865 3178 941 3234 qui
969 3178 1125 3229 habet,

279 3243 322 3293 I,
345 3258 500 3284 verum.

332 3307 399 3365 39.
429 3307 499 3349 Sic
523 3309 617 3349 alta
637 3311 821 3361 pecunia
851 3311 1022 3350 crescet.
1060 3308 1131 3349 Sic

273 3373 367 3412 alta
383 3374 555 3424 peculia
584 3378 797 3420 crescent,
827 3374 991 3429 optime
1026 3373 1127 3415 Pue-

278 3442 457 3479 teaneus
477 3468 488 3490 ,
519 3452 620 3479 cum
654 3437 853 3494 ejusdem
889 3437 1095 3493 excerptis
1111 3469 1124 3492 ‚

1198 1546 1243 1581 et
1264 1538 1459 1595 quinque
1488 1539 1557 1581 alii
1583 1538 1752 1583 codices
1774 1556 1785 1593 ς
1818 1539 1901 1583 nisi
1928 1541 2048 1596 quod

1197 1604 1228 1647 J
1232 1605 1342 1648 ureti
1376 1614 1576 1662 excerpta
1600 1638 1612 1660 ,
1653 1608 1719 1647 sic
1754 1609 1848 1648 otta
1875 1608 2051 1661 peculia

1199 1675 1400 1713 crescent.
1410 1670 1530 1727 Lego
1541 1674 1620 1713 :sic
1630 1676 1749 1713 curta
1756 1673 1927 1725 peculia
1940 1685 2047 1714 cres-

1199 1741 1322 1777 cent:
1344 1735 1568 1792 quomodo
1587 1741 1713 1779 curtoe
1730 1750 1799 1779 res
1818 1734 1933 1792 apud
1955 1735 2046 1778 Ho-

1198 1800 1359 1843 ratium
1383 1814 1462 1855 111,
1485 1800 1574 1845 Od.
1596 1803 1648 1856 24
1670 1817 1680 1845 ε

1240 1871 1346 1901 Cnrtae
1359 1870 1468 1901 nescio
1480 1870 1562 1912 quid
1574 1881 1701 1911 semper
1715 1869 1806 1901 abest
1821 1871 1886 1911 rei3

1199 1938 1244 1974 et
1275 1937 1438 1975 curtare
1469 1948 1553 1975 rem
1566 1966 1577 1983 ,
1608 1937 1728 1975 curta
1755 1934 1914 1974 tabella
1932 1965 1943 1983 ‚
1968 1947 2049 1988 pro

1199 2014 1353 2054 parva,
1373 1998 1421 2040 in
1444 1999 1558 2042 Fast.
1578 1997 1650 2040 lib.
1671 2011 1709 2040 11
1726 2030 1738 2052 ,
1752 1997 1842 2052 ’408
1862 2013 1872 2040 :

1241 2069 1318 2098 Heu
1330 2074 1490 2109 quantum
1502 2067 1560 2098 fati
1576 2074 1668 2098 curta
1680 2067 1798 2098 tabella
1814 2065 1897 2096 fuit!

1199 2131 1376 2173 Peculia
1388 2128 1562 2186 proprie
1572 2144 1800 2172 servorum
1809 2143 1888 2171 sun
1897 2137 1928 2182 t,
1940 2115 2057 2175 teste?

1201 2194 1332 2238 Festo
1360 2203 1548 2237 :notum
1567 2193 1674 2237 illud
1702 2193 1906 2251 principis
1934 2209 2050 2250 poe—

1201 2267 1347 2303 tarum
1368 2293 1380 2316 ,
1413 2260 1561 2316 Eclog.
1585 2272 1602 2302 1
1617 2293 1629 2314 ,
1653 2259 1735 2302 33:

1200 2330 1270 2363 Nec
1285 2341 1356 2372 spes
1373 2330 1530 2361 libertatis
1541 2336 1610 2361 erat
1619 2353 1630 2368 ‚
1646 2340 1703 2360 neo
1721 2340 1797 2360 cura
1811 2328 1930 2370 peculi.
1957 2328 2008 2360 H.

1202 2391 1269 2436 Ex
1280 2391 1467 2448 vestigiis
1481 2390 1695 2435 Puteanei
1710 2398 1754 2433 et
1765 2390 1795 2433 J
1799 2390 1910 2433 ureti
1921 2422 1932 2444 ,
1948 2405 2050 2433 cum

1202 2473 1290 2515 quo
1318 2458 1419 2501 facit
1450 2456 1828 2501 Francosurtensis
1850 2489 1862 2511 ‚
1894 2456 2050 2500 melius

1200 2522 1422 2581 legeretur
1439 2556 1452 2579 ,
1483 2528 1579 2566 arta
1592 2525 1763 2581 peculiq
1776 2555 1787 2574 ,
1810 2530 1860 2564 ut
1882 2530 2050 2564 veteres

1200 2589 1432 2646 scripsisse,
1450 2604 1543 2632 non
1558 2593 1692 2640 arcta,
1709 2586 1837 2630 docet
1853 2586 2047 2629 Broukh.

1203 2654 1258 2697 ad
1280 2654 1423 2697 Tibul.
1444 2654 1515 2697 lib.
1535 2667 1578 2708 1,
1601 2653 1722 2710 Eleg.
1743 2666 1773 2695 v
1787 2685 1798 2707 ,
1830 2652 1896 2694 53.
1918 2653 2050 2695 Altus

1203 2727 1352 2761 autem
1385 2727 1429 2760 et
1458 2723 1577 2760 attus
1605 2718 1763 2774 passim
1799 2733 1824 2759 a
1867 2716 2050 2759 librariis

1202 2784 1392 2828 confusa.
1412 2783 1576 2826 Bumu.

1259 2850 1325 2902 4ο.
1348 2847 1570 2903 Hoecface
1590 2856 1670 2892 etc.
1692 2847 1808 2891 Sana
1828 2847 1956 2890 lectio
1973 2855 2051 2890 est.

1205 2915 1318 2956 Face
1338 2913 1536 2969 prosae,
1558 2920 1608 2954 ut
1626 2920 1760 2955 staret
1777 2927 1924 2954 versus
1937 2944 1948 2966 ‚
1972 2927 2055 2967 po·-

1205 2979 1302 3021 suit.
1327 2977 1450 3020 Sicut
1469 2978 1515 3019 in
1538 2976 1730 3034 Epistola
1749 2975 1959 3033 Phyllidis
1979 2992 1989 3016 τ

1247 3047 1378 3090 Phylli,
1398 3047 1466 3077 sace
1481 3054 1647 3087 exspectes
1659 3046 1902 3087 Demophoonta
1916 3053 2020 3077 tunm.

1263 3110 1328 3163 41.
1346 3110 1550 3163 Adspicis
1565 3110 1775 3150 z‘ndt'ct'bus
1790 3115 1870 3151 etc.
1891 3107 2055 3150 Tentat

1209 3191 1329 3217 nunc
1340 3173 1564 3218 custodem
1575 3173 1751 3216 illorum
1766 3172 1964 3228 exemplo
1981 3172 2052 3214 de·

1209 3249 1374 3283 terrere
1388 3273 1399 3294 ,
1419 3241 1492 3296 qui
1512 3239 1772 3283 nonservati
1788 3237 1947 3281 silentii
1961 3253 2055 3293 poe-

1210 3322 1314 3360 nas,
1343 3314 1388 3347 et
1417 3304 1682 3362 gravissimas
1713 3302 1892 3360 quidem
1918 3301 2054 3344 dede-

1207 3380 1325 3413 runt.
1350 3370 1476 3426 Quos
1496 3370 1611 3412 inter
1630 3368 1868 3411 Tantalum
1889 3375 1934 3410 et
1955 3366 2051 3408 Ar-

1210 3452 1314 3492 gum
1332 3435 1569 3491 praecipuos
1590 3433 1776 3494 adducit.
