2268 3776
546 311 808 369 ARTIS
858 310 1332 366 AMATORIAE
1389 315 1548 368 LIB.
1600 315 1646 366 Ι.

295 424 454 484 Tunc
482 438 634 485 tener
659 445 907 506 aequorea
937 422 1207 500 mergitur
1236 424 1451 483 Hoedus
1482 446 1658 506 aqua:

1886 315 1983 368 261

1916 443 1996 497 suo

215 521 371 583 Tunc
400 522 540 581 bene
570 519 839 580 desinitur
863 543 875 579 ε
904 532 1065 590 tunc,
1099 518 1146 578 si
1178 518 1302 602 quis
1334 518 1578 579 creditur
1601 518 1741 590 alto,

295 618 402 678 Vix
433 616 612 678 tenuit
637 616 822 677 lacerae
851 615 1115 694 naufraga
1144 616 1389 678 membra
1418 616 1566 676 ratis.

213 721 299 779 Tu
328 718 456 780 licet
481 719 738 803 incipiaS,
774 744 882 802 qua
910 718 1111 780 flebilis
1137 716 1285 780 Allia
1313 717 1433 780 luce

289 820 633 884 Vulneribus
662 822 835 883 Latiis
864 821 1288 901 sanguinolenta
1313 820 1452 881 fuit:

212 924 446 1007 Quaque
478 924 566 985 die
593 924 858 998 redeunt,
891 925 1058 986 rebus
1087 925 1271 985 minus
1298 937 1428 1007 apta
1459 923 1713 1002 gerendis
1734 970 1750 996 ,

1908 942 1990 997 415

292 1025 458 1088 Culta
483 1025 775 1087 Palaestino
801 1027 1034 1110 septima
1055 1026 1195 1087 festa
1221 1026 1356 1086 viro.

210 1130 415 1209 Magna
443 1130 763 1213 superstitio
795 1129 900 1189 tibi
929 1129 1003 1189 sit
1030 1127 1230 1189 natalis
1258 1128 1440 1189 amicae
1466 1153 1479 1200 ;

289 1231 525 1315 Quaque
555 1231 765 1315 aliquid
795 1230 1038 1292 dandum
1067 1246 1178 1304 est,
1212 1229 1306 1292 illa
1332 1230 1405 1292 sit
1434 1244 1549 1291 atra
1578 1230 1712 1291 dies.

209 1333 401 1414 Quum
428 1334 572 1396 bene
601 1334 790 1395 vitaris
809 1382 824 1408 ,
856 1349 1038 1395 tamen
1068 1324 1313 1396 auferet:
1340 1334 1548 1395 invenit
1573 1348 1742 1395 artem

288 1437 538 1512 Femina,
573 1463 682 1521 qua
709 1437 896 1522 cupidi
926 1453 1115 1523 carpat
1143 1435 1377 1499 amantis
1409 1460 1562 1521 opes.
1907 1454 1989 1508 420

210 1623 322 1668 hanc
347 1624 612 1669 sententiam
641 1624 935 1682 metaphorice
973 1624 1056 1669 hoc

208 1689 304 1733 loco
325 1688 492 1733 adludit
506 1722 518 1744 ,
535 1689 683 1733 dicens
697 1705 805 1746 opus
824 1706 913 1734 esse
935 1689 1056 1734 diffe-

209 1755 401 1800 rendum
415 1789 427 1811 ‚
452 1757 552 1814 quia
572 1755 712 1800 hiems
730 1789 741 1812 ,
765 1765 810 1799 et
830 1755 1027 1799 Pleiades
1041 1789 1052 1807 ,

208 1829 253 1864 et
271 1819 388 1865 hoedi
408 1821 599 1866 instant:
623 1821 706 1865 hoc
729 1830 818 1876 est,
842 1837 933 1864 non
964 1837 1053 1865 esse

208 1884 470 1929 tentandum
499 1885 652 1944 puellae
684 1886 882 1929 animum
916 1894 1021 1929 tunc
1039 1917 1050 1938 ,

207 1949 307 2006 quia
320 1950 636 2007 periclitaturus
647 1951 702 1995 sit
711 1959 896 2005 amator,
908 1951 1053 2007 perin—

207 2014 260 2058 de
275 2024 323 2060 ut
344 2025 492 2071 nauta,
505 2016 667 2074 quisub
680 2027 830 2061 ortum
843 2026 918 2061 aut
929 2032 1056 2060 occa-

204 2096 303 2123 sum
323 2080 552 2126 Pleiadum
572 2090 616 2126 et
641 2081 891 2126 Hoedorum
919 2083 1054 2126 navi-

205 2146 427 2202 gationem
446 2147 647 2193 instituit.
669 2149 842 2192 Mlcn..
860 2173 916 2182 —
937 2151 1054 2192 Tunc

204 2214 379 2256 Pliades
393 2217 566 2258 zhstant.
596 2214 736 2258 Dicta}
755 2215 815 2258 sic
834 2217 1010 2258 Pliades
1028 2231 1053 2258 a

203 2275 405 2333 Pleione,
421 2295 511 2323 una
527 2296 577 2322 ex
593 2279 936 2335 oceanitidibus,
952 2296 1049 2337 quae

205 2357 258 2384 ex
279 2341 456 2386 Atlante
471 2375 484 2397 ‚
503 2343 780 2387 Mauritaniae
797 2360 899 2401 rege
914 2376 926 2398 ,
945 2344 1054 2388 filias

206 2407 391 2464 suscepit
405 2406 636 2452 duodecim
650 2441 661 2463 ,
678 2424 865 2465 quarum
882 2417 1053 2465 septem

206 2473 437 2524 Pleiadum,
453 2473 651 2531 Hyadum
663 2473 767 2529 quin
773 2489 856 2530 que
868 2474 1052 2518 nomine

205 2535 494 2580 celebrantur.
503 2537 651 2581 Dictas
658 2537 813 2582 volunt
825 2537 895 2581 alii
904 2555 927 2582 a
935 2542 1049 2594 πλέω,

204 2604 385 2656 nav1'go,·
405 2601 506 2658 quia
525 2602 758 2659 navigandi
781 2612 951 2660 tempus
970 2604 1051 2647 in—

208 2666 353 2712 dicant
366 2700 378 2722 ,
396 2684 534 2725 quum
555 2669 754 2712 oriantur
772 2670 884 2713 circa
904 2671 1050 2727 aequi-

206 2733 409 2784 noctium.
435 2749 622 2778 vernum
643 2753 654 2788 ς
677 2734 796 2779 unde
829 2752 853 2779 a
885 2736 1051 2780 Latinis

214 2799 404 2852 Vergilia
419 2797 703 2856 adpellantur.

262 2863 310 2915 41
322 2878 356 2905 ι.
389 2864 505 2907 Tunc
522 2868 623 2908 bene
640 2867 854 2909 desinitur.
879 2867 1050 2923 Differ-

208 2931 278 2968 ίαν
290 2923 495 2970 Cantabr.
515 2936 560 2972 et
579 2929 774 2974 Lincoln.
795 2933 939 2987 definit
953 2932 1047 2975 Pal.

209 2992 399 3046 dffluilm·
414 2990 519 3035 alius
535 3008 547 3036 z
566 2995 788 3048 dirpsi-Har
809 2995 991 3040 alius.—
1000 2997 1054 3040 Si

208 3056 302 3110 quet·-
319 3056 507 3099 credaut.
531 3058 638 3111 Qui,
666 3057 810 3102 Oxon.
830 3059 907 3103 sed
923 3060 1046 3103 valde

208 3118 431 3162 blanditur
449 3120 604 3165 codicis
625 3122 886 3167 Menteliani
902 3114 1048 3181 scrip-

210 3191 308 3227 tura
323 3216 335 3238 ,
359 3190 458 3227 tunc
476 3200 521 3226 se
545 3189 620 3241 qui
639 3188 817 3229 credidit
844 3191 932 3230 allo
947 3204 960 3230 .·
978 3189 1049 3232 cui

210 3248 404 3306 proxime
427 3248 589 3292 accedit
608 3249 769 3308 Regius
781 3283 793 3305 ,
809 3251 883 3308 qui
900 3251 1046 3308 habet,

209 3320 250 3356 te
262 3318 338 3370 ‘qui
343 3314 520 3357 credidit
530 3328 544 3367 ,·
558 3322 602 3357 et
616 3315 762 3358 Patav.
778 3331 788 3358 ε
801 3319 846 3358 si
858 3320 950 3372 qut}
961 3333 1050 3361 cre-

209 3380 328 3421 didit.
346 3378 413 3421 Ita
425 3394 470 3420 se
482 3381 642 3422 credere
653 3382 766 3432 celo,
781 3379 834 3423 de
849 3396 936 3436 quo
951 3381 1047 3425 vide

212 3441 266 3486 ad
288 3443 474 3501 Quintil.
498 3444 723 3489 Decl.x111
739 3478 751 3501 ,
778 3463 838 3503 ¹7·
860 3445 1020 3492 Bumu.

1193 1627 1219 1681 4
1227 1642 1241 1668 ι
1248 1625 1285 1668 3.
1294 1626 1551 1681 Quaflebilelr
1559 1624 1684 1666 Allia
1693 1625 1786 1666 luce
1795 1621 1923 1665 etc.U
1929 1638 1971 1663 m
1979 1645 1991 1653 ·

1136 1690 1242 1735 briae
1260 1689 1421 1733 fluvius
1438 1690 1565 1742 Allia,
1579 1689 1624 1731 in
1640 1687 1812 1731 Sabinis
1824 1721 1833 1737 ,
1851 1689 1990 1740 (nunc

1138 1756 1224 1798 Βία
1242 1752 1478 1811 diMosso)
1500 1754 1545 1797 in
1573 1762 1834 1810 perpetuum
1865 1752 1987 1795 insa-

1136 1821 1220 1865 mis
1236 1824 1400 1878 ,flebili
1417 1821 1725 1864 Romanorum
1744 1817 1865 1862 clade
1885 1851 1897 1871 ,
1912 1817 1988 1873 qui

1135 1887 1194 1931 ibi
1222 1904 1245 1931 a
1268 1886 1402 1932 Gallis
1422 1887 1751 1931 Senonensibus
1766 1918 1778 1939 ,
1803 1885 1987 1928 Brenno

1135 1952 1244 1997 duee
1260 1985 1273 2007 ,
1295 1954 1377 1998 susi
1397 1954 1619 2011 fugatique
1634 1953 1837 2003 suerunt,
1858 1948 1909 1992 Α.
1928 1949 1985 1991 U.

1135 2029 1351 2061 centvm.
1373 2018 1461 2061 Tit.
1479 2018 1570 2061 Liv.
1592 2030 1637 2072 v,
1651 2017 1717 2061 38.
1738 2015 1853 2059 Flor.
1870 2027 1902 2067 1,
1922 2014 1983 2056 13.

1133 2082 1355 2127 Plutarch.
1377 2084 1422 2127 in
1447 2082 1603 2127 Camil.

1189 2151 1215 2203 4
1224 2150 1284 2192 16.
1305 2150 1430 2192 Culta
1441 2151 1672 2192 Palaesle'no
1683 2144 1985 2202 seple'masesla

1133 2218 1234 2258 viro.
1252 2214 1386 2258 Hunc
1400 2214 1545 2258 locum
1563 2212 1737 2256 Merula
1753 2211 1806 2253 de
1822 2211 1982 2253 Satur-

1133 2279 1303 2322 nalibus
1321 2279 1647 2335 interpretatur.
1670 2275 1758 2321 Sed
1782 2275 1882 2332 quia
1903 2292 1977 2319 su-

1132 2360 1210 2401 pra
1221 2344 1395 2386 monuit
1409 2352 1552 2401 poeta,
1575 2358 1719 2399 neque
1739 2340 1872 2384 natali
1889 2339 1977 2393 die,

1131 2425 1275 2465 neque
1283 2408 1478 2452 kalendis
1486 2408 1676 2462 Martiis,
1688 2422 1832 2464 neque
1844 2404 1980 2449 Circo

1131 2474 1361 2532 speciosius
1380 2475 1507 2518 solito
1528 2482 1736 2518 exornato
1751 2505 1763 2526 ,
1787 2470 1979 2529 puellam

1132 2539 1390 2583 tentandam
1408 2556 1515 2594 esse,
1529 2538 1731 2586 videlicet
1741 2536 1859 2595 quod
1873 2546 1977 2580 tunc

1130 2605 1220 2648 aliis
1260 2621 1308 2648 ac
1345 2604 1529 2662 propriis
1569 2603 1733 2662 gaudiis
1772 2604 1978 2660 occupata

1128 2670 1207 2715 sit:
1221 2669 1297 2714 sed
1316 2669 1495 2714 Alliensi
1516 2669 1603 2723 die,
1621 2667 1979 2726 quumsssqualent

1127 2744 1282 2779 caetera
1303 2746 1454 2780 masta
1474 2754 1522 2780 ac
1553 2737 1758 2780 luctuosa.
1787 2734 1898 2776 Eam
1920 2734 1976 2777 ob

1126 2817 1224 2844 rem
1254 2801 1449 2845 adducor
1463 2834 1476 2856 ,
1507 2809 1556 2843 ut
1584 2800 1639 2842 de
1672 2798 1975 2842 Saturnalibus

1127 2866 1405 2910 hunclocum
1419 2866 1610 2922 accipere
1626 2862 1741 2906 haud
1754 2879 1974 2920 quaquam

1126 2932 1299 2989 possim.
1333 2933 1573 2987 Propterea
1603 2928 1719 2984 quod
1748 2929 1777 2971 ii
1801 2944 1975 2985 quoque

1126 2998 1242 3041 inter
1254 2997 1373 3040 laetos
1392 3012 1441 3038 ac
1453 2996 1583 3037 festos
1596 3027 1606 3044 ,
1624 3009 1716 3036 non
1730 2994 1847 3036 inter
1860 3003 1975 3038 atros

1127 3078 1175 3105 ac
1186 3062 1404 3105 luctuosos
1421 3059 1670 3102 reserantur
1685 3074 1873 3115 :expone
1890 3060 1974 3116 igi-

1127 3135 1199 3169 tur
1218 3126 1336 3169 diem
1348 3158 1359 3179 ,
1375 3140 1459 3180 qua
1472 3123 1656 3180 septima
1669 3123 1776 3167 sesta
1790 3125 1821 3166 J
1824 3124 1975 3167 udaeo-

1126 3207 1225 3234 rum
1259 3189 1475 3243 redeunt,
1497 3203 1577 3245 pro
1611 3188 1815 3232 sabbato:
1842 3199 1891 3232 ut
1919 3190 1975 3232 sit

1124 3256 1208 3300 καθ’
1221 3259 1434 3309 ὑπαλλαγὴν
1446 3253 1611 3297 dictum
1623 3286 1636 3309 ,
1646 3253 1830 3310 septima
1845 3254 1967 3307 festa,

1125 3336 1205 3378 pro
1221 3353 1238 3374 ,
1254 3321 1361 3362 festa
1380 3351 1390 3372 ,
1412 3334 1507 3374 quae
1527 3317 1597 3362 die
1617 3319 1803 3376 septimo
1823 3318 1968 3362 redire

1124 3385 1278 3429 solent.
1293 3384 1438 3440 Atque
1453 3384 1546 3428 haec
1559 3401 1663 3428 mea
1674 3384 1885 3442 expositio
1894 3394 1980 3439 est,

1125 3448 1269 3503 inquit
1288 3447 1502 3506 Micyllus.
