2268 3776
365 421 788 494 PUBLII
870 421 1276 491 OVIDII
1354 420 1884 495 NASONIS

755 600 1519 712 AMORUM

537 829 913 918 LIBER
988 827 1708 922 SECUNDUS.

715 1143 1117 1216 ELEGIA
1177 1146 1540 1218 PRIMA.

259 1385 385 1428 quon
413 1385 504 1418 ruo
533 1384 955 1430 emma-ommuni,
990 1386 1126 1429 Qum
1158 1386 1517 1430 meneutam,
1558 1386 1747 1422 amous
1774 1387 1983 1421 sema-r.

234 1491 416 1578 HOC
449 1537 675 1598 quoque
712 1515 1034 1599 composui,
1067 1515 1317 1595 Pelignis
1347 1530 1510 1576 natus
1540 1516 1798 1600 aquosiS‚

312 1611 416 1674 Ille
444 1636 548 1692 ego
581 1613 842 1696 nequitiae
870 1614 1021 1674 Naso
1049 1627 1214 1697 poeta
1244 1636 1395 1674 meae.

231 1711 358 1772 Hoc
375 1710 776 1795 quoquejussit
789 1712 967 1772 Amor
992 1735 1005 1771 ε
1032 1710 1231 1795 procul
1252 1710 1411 1783 hinc,
1436 1709 1635 1794 procul
1657 1715 1771 1772 este
1796 1732 2024 1772 severae:

310 1810 444 1870 Non
473 1808 605 1889 estis
635 1809 836 1870 teneris
866 1823 997 1893 apta
1027 1809 1239 1870 theatra
1268 1808 1468 1869 modis,

228 1906 324 1967 Me
351 1903 504 1985 legat
532 1906 592 1966 in
618 1907 814 1991 sponsi
841 1906 978 1968 facie
1005 1931 1123 1968 non
1149 1906 1354 1986 frigida
1381 1906 1540 1985 virgo
1568 1953 1585 1979 ,
2001 1922 2026 1962 f·

306 2003 385 2064 Et
411 2002 567 2065 rudis
597 2004 797 2083 ignoto
831 2019 1009 2066 tactus
1038 2028 1225 2066 amore
1246 2028 1403 2091 puer.

283 2162 319 2189 1.
347 2148 447 2191 Hoc
465 2164 635 2206 quoque.
669 2148 928 2194 Secundum
959 2150 1081 2195 hunc

225 2210 426 2256 Amomm
447 2213 610 2258 librum
635 2217 814 2274 proprio
840 2218 965 2276 signo
984 2233 1080 2261 no—

227 2275 413 2321 tandum
439 2288 591 2335 curat,
623 2297 682 2325 ne
717 2282 812 2338 quis
841 2282 966 2325 illum
999 2283 1080 2326 sibi

227 2339 431 2400 deinceps
440 2355 663 2403 arrogaret
673 2379 685 2402 ‚
710 2347 827 2404 quod
838 2364 930 2391 non
939 2347 1078 2391 inau—

229 2405 372 2451 ditum
391 2441 404 2463 ,
440 2426 529 2466 quo
559 2420 758 2469 tempore
779 2429 847 2457 ars
873 2412 1079 2457 nondum

228 2471 431 2518 existeret
450 2506 463 2528 ,
498 2491 594 2532 quae
615 2477 849 2521 innumera
878 2477 1078 2534 ejusdem

229 2538 372 2593 operis
393 2540 654 2598 exemplaria
673 2542 802 2586 simul
823 2542 975 2587 ederet
990 2576 1002 2598 ,
1035 2551 1082 2586 et

226 2601 274 2644 in
292 2613 556 2661 perpetuum
569 2616 713 2664 posset
725 2624 951 2652 renovare.
967 2608 1081 2652 Inde

227 2683 324 2711 mos
341 2669 423 2712 suit
443 2671 632 2729 antiquis
653 2672 933 2730 scriptoribus
947 2706 959 2728 ,
981 2682 1080 2716 tum

227 2732 391 2779 Graecis
407 2767 419 2789 ,
442 2743 538 2779 tum
551 2736 716 2781 Latinis
733 2770 745 2792 ,
769 2746 818 2781 ut
837 2738 882 2780 in
904 2739 994 2795 ipsa
1005 2756 1078 2782 cu-

225 2798 381 2856 jusque
403 2802 546 2859 operis
573 2804 718 2846 fronte
747 2813 901 2847 notam
922 2805 1079 2862 praefi-

227 2875 405 2922 gerent,
427 2882 524 2924 quoe
545 2869 774 2925 proprium
793 2869 893 2927 ipsis
923 2870 1079 2914 vindi—

225 2939 356 2974 caret.
373 2953 430 2964 —-
448 2935 639 2989 Pehgvmk
659 2939 799 2979 natus.
822 2935 963 2979 Medii
981 2937 1078 2987 Per

223 2994 332 3052 ligni
363 2997 534 3042 Marsos
563 2999 682 3044 inter
711 3009 757 3044 et
784 3002 1041 3046 Marucinos
1065 3020 1076 3054 ;

226 3076 251 3103 a
279 3062 549 3111 Samnitibus
570 3065 750 3122 quidem
771 3067 972 3123 oriundi,
1001 3067 1079 3112 sed

226 3127 395 3186 origine
412 3163 425 3185 ,
446 3139 496 3173 ut
523 3133 758 3189 putabant,
782 3134 967 3193 Illyrica.

281 3211 319 3236 2.
348 3197 430 3238 Ille
460 3212 536 3252 ego
569 3203 761 3255 nequitie.
796 3202 917 3243 Naso
946 3206 1080 3256 pocla

225 3275 338 3303 meoe.
366 3261 500 3304 Forte
532 3268 634 3313 luae,
669 3264 813 3321 inquit
840 3266 1077 3321 Heinsius,

225 3333 278 3368 ut
299 3325 511 3370 lectorem
531 3327 802 3384 adloquatur.
827 3329 964 3386 Quod
983 3347 1077 3374 non

224 3388 286 3433 ita
316 3399 484 3435 temere
519 3393 770 3449 conjectum
801 3396 1080 3452 putaverim:

227 3470 334 3499 nam
361 3457 491 3515 paulo
521 3466 645 3516 post,
680 3476 707 3520 9
739 3469 783 3505 et
816 3476 895 3516 10,
934 3461 1079 3519 ipsum

1161 2149 1376 2195 lectorem
1397 2148 1567 2194 inducit
1587 2156 1716 2207 poeta
1733 2154 2025 2205 querentem,

1511 2226 1587 2266 Quo
1599 2224 1641 2255 ab
1653 2224 1760 2255 indice
1772 2223 1890 2255 doctus

1201 2287 1394 2329 Composuit
1407 2297 1502 2318 enus
1517 2286 1578 2317 iste
1592 2292 1686 2327 poeta
1700 2296 1787 2316 meos
1802 2283 1820 2314 3

1215 2349 1255 2391 3.
1282 2350 1381 2391 Hoc
1394 2363 1554 2405 quoque
1562 2347 1705 2403 jussit
1722 2346 1867 2390 Amor.
1888 2344 2024 2389 Adla-

1161 2412 1271 2456 dens
1289 2412 1344 2456 ad
1365 2429 1416 2456 ea
1437 2429 1535 2470 quae
1560 2412 1702 2456 Amor
1720 2412 1830 2470 ipsi,
1866 2411 1939 2455 lib.
1970 2425 1990 2455 1
2004 2446 2017 2464 ,

1162 2477 1284 2536 Eleg.
1306 2493 1350 2533 1,
1371 2480 1427 2533 24
1442 2510 1455 2533 ‚
1476 2477 1721 2522 dictitarat:

1201 2547 1366 2590 Quodque
1379 2557 1475 2578 camis
1487 2570 1498 2586 ‚
1513 2553 1603 2578 vates
1617 2570 1628 2585 ,
1643 2546 1774 2587 accipe,
1796 2546 1881 2578 dixit
1899 2570 1910 2586 ‚
1926 2557 2022 2588 opus.

1162 2610 1378 2652 -ΡιυειιΙ
1383 2613 1475 2651 este
1484 2624 1649 2652 severe.
1664 2607 1734 2651 De
1749 2608 1902 2666 puellis
1916 2608 2003 2665 agit
2019 2620 2030 2647 τ

1161 2673 1315 2717 malim
1334 2674 1469 2717 etiam
1484 2706 1497 2728 ‚
1512 2676 1670 2730 pmcul
1680 2678 1762 2721 ite,
1786 2672 1905 2730 quod
1920 2677 2029 2717 estis-

1160 2747 1369 2796 sequatur
1382 2755 1511 2782 versu
1523 2739 1737 2796 proximo.
1755 2740 1923 2784 Hssms.
1944 2741 2021 2783 Sc-

1160 2821 1263 2850 ρεπι-
1281 2805 1415 2848 etiam
1430 2805 1632 2848 Francos.
1653 2804 1797 2848 habet.

1200 2872 1239 2926 4.
1252 2872 1348 2913 Non
1355 2875 1462 2913 estis
1470 2876 1629 2912 teneris
1636 2874 1744 2925 apta
1759 2871 1929 2912 theatra
1937 2886 2022 2914 mo-

1159 2938 1242 2978 dis.
1259 2935 1564 2994 Metonymice
1589 2937 1778 2984 theatra,
1797 2950 1879 2991 pro
1898 2951 2025 2992 spec-

1160 3002 1374 3045 tatoribus
1399 3001 1501 3058 ipsis
1521 2999 1676 3057 posuit.
1710 3000 1871 3043 Monet
1890 3000 2026 3058 igitur

1159 3067 1324 3124 puellas
1338 3083 1395 3110 ne
1410 3099 1422 3120 ‚
1447 3081 1556 3122 quos
1570 3065 1777 3109 describit
1789 3099 1802 3120 ‚
1825 3065 1939 3110 ludis
1959 3083 2021 3110 as-

1159 3131 1331 3176 sideant
1344 3131 1634 3189 spectatrices,
1646 3140 1799 3188 utpote
1816 3132 1891 3188 qui
1906 3131 2023 3174 mol-

1159 3195 1289 3239 liores
1310 3205 1354 3238 et
1378 3195 1621 3239 lasciviores
1643 3212 1654 3239 ε
1674 3196 1909 3253 simplicius
1923 3229 1936 3252 ,
1956 3212 2014 3239 ne

1163 3277 1313 3303 versus
1334 3260 1480 3317 legant
1501 3262 1748 3305 amatorios.

1216 3333 1254 3373 5.
1282 3332 1335 3373 In
1360 3336 1510 3386 sponsi
1518 3332 1658 3387 facie.
1691 3334 1863 3375 Faciem
1881 3364 1893 3386 ,
1929 3331 2020 3374 duo

1159 3396 1327 3440 Moreti
1349 3429 1361 3451 ,
1390 3406 1441 3440 ut
1471 3397 1639 3442 dictum
1676 3398 1757 3450 sit,
1791 3398 2017 3455 quomodo

1161 3461 1277 3519 apud
1297 3462 1479 3509 Terent.
1504 3462 1690 3521 Adelph.
1711 3478 1750 3507 11
1767 3497 1779 3518 ‚
1812 3463 1880 3509 Sc.
1904 3464 1954 3517 6,
1979 3466 2017 3507 5,
