2268 3776
585 307 979 364 AMORUM
1029 307 1156 362 111.
1206 310 1449 367 ELEG.
1504 312 1616 366 VI.

1880 314 1978 369 1823

196 424 322 498 Ilia,
346 447 492 508 pone
519 438 731 496 metus;
763 424 867 484 tibi
893 423 1044 503 regia
1070 438 1264 485 nostra
1290 426 1538 509 patebit:

276 522 464 604 Teque
495 519 680 582 colent
709 544 928 593 amnes;
954 519 1056 582 Ilia
1074 568 1089 593 ‚
1118 544 1265 605 pone
1295 537 1492 583 metus.

195 619 283 680 Tu
315 632 564 691 centum,
594 631 691 679 aut
715 617 936 701 plures,
965 618 1112 680 inter
1139 618 1494 680 dominabere
1519 620 1835 703 Nymphas:

275 716 417 776 Nam
439 728 660 777 centum
677 761 692 788 ‚
717 729 814 776 aut
838 714 1026 800 plures
1042 762 1057 789 ‚
1082 715 1309 777 flumina
1335 730 1529 778 nostra
1563 731 1766 778 tenent.

194 812 278 873 Ne
306 835 391 872 me
422 835 644 895 sperne,
674 836 898 896 precor,
926 827 1169 886 tantum,
1200 813 1442 896 Trojana
1467 837 1753 898 propago:
1928 833 1983 876 65

275 909 513 971 Munera
537 910 829 994 promissis
858 911 1119 972 uberiora
1147 910 1304 973 feres,
1341 938 1372 966 n

193 1004 460 1069 Dixerat:
485 1005 606 1081 illa,
634 1007 824 1069 oculos
852 1005 913 1068 in
942 1008 1174 1070 humum
1198 1007 1405 1091 dejecta
1431 1010 1745 1083 modestOS,

274 1102 587 1186 Spargebat
617 1106 838 1189 tepidos
866 1105 1070 1167 flebilis
1099 1105 1275 1167 imbre
1303 1105 1476 1167 sinus,

195 1198 306 1260 Ter
329 1200 524 1264 molita
552 1202 774 1282 fugam:
803 1218 888 1264 ter
915 1204 981 1265 ad
1014 1202 1150 1265 altas
1176 1203 1382 1265 restitit
1410 1203 1614 1276 undas,

276 1297 551 1360 Currendi
574 1300 717 1362 vires
744 1301 1012 1384 eripiente
1044 1316 1213 1362 metu.

194 1392 326 1455 Sera
357 1408 538 1457 tamen
569 1395 827 1459 scindens
857 1397 1083 1460 inimico
1109 1396 1311 1482 pollice
1339 1398 1577 1471 crinem,

276 1489 472 1551 Edidit
498 1491 764 1572 indignos
794 1517 889 1554 ore
921 1508 1184 1556 tremente
1213 1517 1420 1556 sonos:

197 1587 250 1649 Ο
273 1588 486 1663 utinam
514 1614 634 1652 mea
654 1589 794 1652 lecta
820 1590 1027 1665 forent,
1060 1591 1353 1675 patrioque
1384 1589 1639 1674 sepulcro

279 1692 547 1767 Condita,
575 1694 707 1756 dum
736 1710 996 1779 poterant
1024 1695 1255 1774 virginis
1286 1718 1412 1755 ossa
1441 1692 1581 1772 legi!

199 1795 316 1856 Cur
342 1796 510 1859 modo
543 1797 782 1859 Vestalis
815 1796 981 1859 taedas
1007 1796 1216 1859 invi'tor
1243 1797 1314 1858 ad
1340 1795 1483 1858 ullas
1933 1812 1987 1867 75

274 1899 508 1984 Turpis,
533 1914 588 1962 et
609 1900 791 1963 Iliacis
822 1901 1117 1964 inficianda
1144 1901 1330 1963 focis?

245 2085 604 2131 &Dominabem
614 2087 819 2132 Politiani
831 2087 944 2131 liber
955 2120 967 2142 ,
984 2105 1050 2132 ce-

193 2152 416 2194 lebrabere.
440 2149 556 2194 Vide
578 2151 691 2195 Met.
712 2151 783 2195 lib.
809 2165 874 2206 ιν,
895 2168 935 2194 v.
957 2152 1023 2206 46.

245 2214 313 2258 65.
337 2217 403 2261 Ne
425 2231 489 2268 me
509 2231 666 2270 sperne.
707 2218 797 2260 Nec
825 2232 889 2259 me
913 2214 1051 2260 editio

192 2278 356 2337 prima;
373 2279 637 2324 Bersmanni
651 2289 694 2324 et
711 2280 817 2324 aliae.
832 2279 1011 2324 Bernen
1019 2296 1052 2323 s.

193 2342 329 2388 codex
342 2353 386 2389 et
397 2358 473 2389 sex
483 2344 567 2388 alii.
580 2368 636 2378 --
658 2345 1045 2401 ijaaeapmpago.

195 2407 332 2451 Recte
346 2408 553 2463 Trojano,
575 2423 668 2452 non
680 2411 888 2452 Romana.
904 2409 1048 2466 Supra

194 2472 288 2526 jam
305 2468 434 2527 dixit,
457 2474 538 2528 54:

237 2540 300 2571 Ilia
312 2540 355 2571 ub
366 2542 464 2573 Jdoeo
481 2541 701 2574 laomedonte
718 2553 830 2584 genus.

197 2603 258 2648 Et
278 2620 415 2663 genus
431 2605 484 2649 ab
502 2605 648 2649 AEnea
665 2605 862 2662 Trojano
882 2604 1050 2650 duxisse

199 2678 415 2727 quantum
428 2671 620 2714 Romani
633 2670 926 2728 gloriarentur
937 2703 950 2726 ,
968 2686 1049 2715 ne-

198 2755 274 2784 mo
293 2740 479 2798 ignorat.
498 2740 620 2798 Virg.
640 2741 744 2784 AEn.
765 2755 781 2783 1
795 2773 807 2796 ‚
832 2757 913 2801 29⁰
933 2756 944 2784 :

196 2810 362 2844 Nascetur
370 2809 507 2853 pulchre
524 2811 688 2852 Trojanus
702 2811 825 2851 origine
837 2812 954 2843 Cesar.

254 2870 322 2914 66.
357 2872 570 2915 Uberior-a.
595 2873 804 2917 Ulteriora
825 2873 1051 2917 Francofi:

201 2933 288 2976 vid.
311 2933 365 2977 ad
383 2934 456 2978 lib.
472 2949 511 2979 11
523 2967 537 2990 ‚
564 2935 686 2994 Eleg.
701 2951 749 2981 lx
765 2970 778 2992 ,
810 2953 872 2981 ιο.

257 2998 325 3054 67.
336 3000 529 3054 Dejecta.
540 3003 696 3058 Dqfixa
708 3002 816 3046 alter
825 3003 1050 3047 Mentelii:

202 3061 290 3104 vid.
317 3061 454 3120 Epist.
486 3075 566 3107 xxr
582 3097 595 3119 ,
635 3082 651 3108 1
663 3066 724 3109 13.
749 3067 932 3122 Dejecta
955 3083 1051 3121 pa-

203 3143 385 3181 rumper,
418 3128 667 3173 Bernensis.

257 3193 326 3235 68.
349 3195 538 3236 Flebmzr.
563 3195 651 3237 Pro
670 3193 805 3238 flente
831 3205 875 3239 et
898 3205 1052 3240 moesta

205 3258 311 3314 poni
326 3256 500 3318 videtur
516 3273 526 3300 ε
547 3257 606 3300 ita
619 3258 731 3301 Hor.
741 3272 804 3312 lv,
821 3258 909 3303 Od.
924 3277 1000 3314 πμ
1010 3277 1025 3302 ι
1039 3276 1052 3303 z

203 3324 533 3377 Flebilisponsoe
535 3322 729 3378 juvenem
744 3329 932 3378 raptum5
954 3324 1053 3367 licet

206 3385 326 3428 idem
339 3387 500 3443 passive
516 3402 596 3443 pro
602 3389 772 3442 flendus
788 3387 964 3444 accipiat
974 3420 986 3440 ,
1008 3402 1026 3430 1
1038 3421 1050 3443 ‚

211 3449 324 3495 Od.2
330 3452 519 3507 41stlull125
525 3455 598 3496 ille
604 3455 723 3496 bonis
731 3451 1052 3499 flebilisoccide'l.

1186 2102 1252 2146 70.
1280 2087 1492 2130 Cur-rende:
1524 2083 1735 2128 Francius
1766 2082 1953 2125 malebat
1972 2116 1982 2135 ,

1130 2157 1319 2199 currenti.
1334 2155 1583 2207 Impedienle
1594 2156 1703 2193 metu
1713 2184 1722 2197 ‚
1747 2149 1878 2192 etiam
1897 2149 1983 2205 plu-

1131 2222 1234 2265 rimi
1253 2220 1399 2277 scripti
1419 2234 1521 2262 cum
1540 2219 1679 2275 prima
1701 2217 1908 2260 editione.

1189 2303 1254 2345 71.
1277 2287 1379 2328 Sera
1397 2291 1546 2328 lamen.
1561 2281 1707 2326 Tarda
1726 2282 1779 2325 ad
1800 2281 1985 2337 loquen-

1129 2352 1252 2405 dum,
1264 2353 1363 2408 quia
1372 2348 1768 2394 scilicetdiutacuit:
1780 2347 1981 2404 quaedam

1127 2427 1275 2461 tamen
1291 2414 1554 2472 exemplaria
1567 2413 1776 2470 scriptum
1794 2413 1955 2456 habent
1968 2445 1979 2464 ‚

1128 2498 1239 2525 seva
1260 2498 1272 2524 :
1292 2496 1388 2538 quae
1403 2479 1531 2522 lectio
1547 2477 1671 2521 valde
1693 2478 1858 2535 placet,
1881 2477 1981 2534 qnia

1127 2547 1325 2605 sequitur
1340 2548 1536 2589 scindens
1546 2544 1724 2588 inimico
1737 2547 1893 2599 pollice
1906 2548 1981 2587 cri-

1129 2627 1234 2655 nem.
1257 2611 1388 2654 MAR-

1188 2676 1252 2735 73.
1272 2676 1374 2719 Anca
1390 2680 1502 2718 tecta
1508 2674 1666 2730 [οι-επὶ.
1683 2671 1836 2716 Scribe
1854 2704 1866 2725 ,
1889 2688 1982 2713 mea

1127 2740 1404 2796 leclafoaent.
1425 2739 1541 2783 Nam
1566 2739 1756 2781 Putean.
1780 2735 1980 2791 sequenti

1128 2823 1258 2851 versu
1275 2807 1438 2864 optime
1455 2840 1466 2855 ,
1488 2808 1584 2847 dum
1597 2810 1792 2859 poterant
1808 2806 1982 2857 virginis·

1126 2875 1329 2927 ossalegi,
1352 2886 1445 2914 non
1465 2873 1559 2925 tegi.
1574 2869 1829 2923 Utrumque
1844 2875 1978 2916 recte;

1069 2952 1074 2954 “
1128 2937 1206 2981 sed
1231 2939 1408 2992 legenda
1429 2935 1574 2992 prius,
1616 2948 1750 2990 quam
1782 2932 1980 2989 sepulcro

1128 3002 1652 3053 condantur.—Palrioque
1663 3000 1861 3051 sepulcro.
1871 2999 1982 3039 Par-

1131 3082 1279 3121 vaque,
1303 3063 1627 3120 Neapolitanus.

1190 3133 1253 3187 75.
1278 3131 1364 3172 Cur
1381 3130 1501 3168 modo
1529 3128 1715 3169 Vestalis
1733 3134 1814 3169 etc.
1837 3125 1982 3167 Amu-

1130 3195 1212 3239 lius
1228 3227 1240 3248 ,
1278 3193 1351 3249 qui
1377 3192 1467 3235 Itiae
1491 3200 1669 3248 patruus
1688 3225 1700 3245 ,
1741 3207 1840 3234 eam
1862 3192 1981 3234 inter

1135 3259 1340 3316 Virgines
1362 3257 1556 3300 Vestales
1583 3256 1866 3312 adscripserat
1884 3289 1896 3309 ,
1933 3265 1983 3298 ut

1132 3339 1254 3380 spem
1287 3321 1347 3363 illi
1378 3329 1525 3377 partus
1557 3320 1837 3378 praeriperet,
1867 3320 1983 3362 veri-

1133 3398 1201 3431 tus
1211 3387 1367 3430 scilicet
1383 3420 1395 3441 ,
1410 3403 1466 3430 ne
1476 3395 1666 3443 paternae
1676 3385 1899 3442 quondam
1909 3385 1980 3427 in-

1132 3454 1257 3508 juriae
1271 3467 1491 3496 memores
1505 3451 1629 3496 liberi
1643 3483 1656 3506 ,
1677 3451 1819 3508 ipsum
1837 3468 1859 3495 e
1877 3451 1985 3495 solio
