2268 3776
575 292 843 349 ARTIS
885 291 1361 348 AMATORIAE
1401 294 1732 350 LIB.111.

1932 299 2039 376 387

345 412 441 471 Me
470 410 763 471 miserum!
789 406 970 489 jaculo
1000 406 1106 468 fixa
1136 406 1319 490 puella
1350 423 1446 469 tuo
1478 425 1579 471 est.

265 509 372 569 Hei
399 508 568 568 mihi!
600 505 935 577 conclamat,
962 504 1129 566 fixisti
1162 521 1355 589 pectus
1383 508 1635 569 amicum.

346 604 451 666 Hic
482 603 634 670 locus
662 625 695 664 a
725 601 974 686 Cephalo
1005 601 1230 663 vulnera
1259 627 1476 687 semper
1508 605 1690 667 habet.

264 704 410 766 Ante
439 703 580 764 diem
608 702 846 776 morior,
877 701 974 790 sed
1004 699 1157 762 nulla
1185 699 1381 784 pellice
1408 700 1534 763 laesa
1559 727 1571 763 :

345 802 468 862 Hoc
495 800 655 862 faciet
685 800 881 885 positae
911 814 964 860 te
990 799 1163 872 mihi,
1195 813 1369 870 terra,
1400 797 1589 860 le'vem.

1960 822 2042 879 740

261 899 495 960 Nomine
524 914 806 982 suspectas
834 898 943 978 jam
973 897 1203 980 spiritus
1226 896 1339 957 exit
1369 895 1427 956 iu
1461 922 1651 959 auras:

339 994 529 1055 Labor
557 994 645 1054 io!
673 1018 795 1055 cara
824 993 1034 1054 lumina
1062 992 1238 1054 conde
1260 1015 1443 1053 manu.

258 1089 357 1152 Ille
386 1091 511 1151 sinu
544 1091 776 1152 dominae
802 1090 1095 1151 morientia
1125 1113 1359 1173 corpora
1388 1104 1587 1150 moesto

340 1189 618 1261 Sustinet,
650 1204 704 1249 et
732 1188 971 1250 lacrimis
1002 1186 1230 1248 vulnera
1259 1210 1397 1268 saeva
1425 1185 1583 1247 lavat.

257 1286 420 1358 Exit,
448 1300 532 1357 et,
558 1286 779 1347 incauto
807 1284 1074 1370 paulatim
1103 1298 1325 1368 pectore
1357 1281 1572 1367 lapsus,

336 1383 629 1466 Excipitur
653 1382 838 1444 miseri
866 1382 1097 1466 spiritus
1128 1405 1220 1442 ore
1251 1379 1372 1440 viri.

259 1500 379 1561 SED
405 1515 719 1584 repetamus
749 1500 855 1560 iter
879 1525 892 1560 :
916 1499 1084 1560 nudis
1114 1498 1252 1559 mihi
1279 1497 1447 1559 rebus
1479 1498 1756 1577 agendum
1786 1517 1905 1575 est,

340 1600 420 1659 Ut
451 1613 640 1678 tangat
665 1612 863 1681 portus
891 1596 1034 1658 fessa
1063 1596 1247 1657 carina
1277 1603 1427 1656 suos.

260 1693 481 1755 Scilicet.
508 1707 822 1778 exspecteS‚
849 1692 981 1753 dum
1013 1707 1065 1753 te
1098 1692 1156 1752 in
1182 1691 1431 1752 convivia
1458 1691 1652 1752 ducam
1671 1740 1686 1763 ‚

339 1794 416 1852 Et
447 1815 655 1875 quaeras
685 1789 931 1850 monitus
960 1789 1062 1850 hac
1094 1811 1315 1871 quoque
1345 1802 1501 1870 parte
1532 1790 1732 1848 meos?
1960 1810 2041 1867 550

258 1889 390 1949 Sera
416 1887 571 1959 veni;
597 1886 888 1970 positaque
919 1886 1116 1947 decens
1147 1884 1336 1946 incede
1367 1883 1607 1945 lucerna.

340 1986 510 2047 Grata
530 2009 685 2046 mora
706 1998 791 2045 est
820 1983 1056 2045 Veneri:
1088 1982 1323 2044 maxima
1353 1980 1478 2043 lena
1505 2006 1658 2042 mora
1690 1997 1788 2042 est.

307 2140 399 2199 739.
413 2139 527 2184 Ante
541 2141 649 2182 diem
659 2142 819 2182 morior.
831 2137 1102 2181 Moriar-Lin-

251 2202 482 2247 colniensis
498 2235 511 2258 ,
545 2203 689 2246 Vossii
712 2210 757 2245 et
788 2210 976 2257 quatuor
998 2201 1067 2244 alii
1090 2217 1100 2245 :

251 2269 421 2310 sednon
430 2283 460 2310 a
463 2270 617 2322 pellice
630 2265 844 2323 Aprosian
849 2282 897 2308 us
910 2282 919 2309 ε
932 2269 1012 2309 sed
1019 2282 1101 2308 non

241 2333 340 2387 jam
345 2334 500 2386 pellice
508 2331 708 2376 Francos.
722 2330 856 2374 etiam
866 2330 1100 2388 eleganter.

310 2413 331 2454 7
337 2397 401 2450 40.
405 2397 501 2439 Hoc
499 2395 644 2450 saciet
646 2399 832 2450 positam
838 2400 877 2437 le
884 2397 1103 2438 mihiterra

253 2464 393 2504 levem.
409 2458 560 2503 Codex
573 2459 735 2516 Regius
752 2459 962 2502 mendose
976 2494 987 2515 ,
1006 2463 1103 2504 Hoc

242 2525 349 2580 face
359 2558 371 2576 ,
397 2527 592 2580 elposila
607 2529 674 2566 est
687 2529 727 2566 te
744 2526 852 2566 mihi
865 2530 974 2567 terra
990 2528 1100 2568 livet.

256 2589 343 2633 Sed
361 2587 642 2633 scribendum
657 2597 743 2643 est,
753 2593 903 2643 posiloe
919 2595 959 2632 te
972 2593 1100 2634 mihi.-

252 2663 297 2696 et
314 2653 374 2696 sic
398 2651 666 2710 Aprosianus
696 2668 706 2696 :
740 2653 857 2709 quod
891 2664 936 2698 et
959 2671 983 2698 e
1013 2655 1101 2699 suis

254 2719 476 2763 adnotavit
486 2719 741 2776 Naugerius.
754 2723 895 2765 Posili
902 2723 972 2765 vel
985 2739 1101 2766 com-

243 2791 400 2840 parili,
429 2785 608 2829 mortui.
627 2786 793 2831 Hssms.

308 2852 401 2909 743.
438 2851 664 2895 Mon'enll'a
705 2870 887 2909 corpora.
921 2858 1100 2901 Pectora

253 2917 357 2961 editi
377 2926 422 2961 et
439 2918 585 2975 scripti
606 2919 794 2976 plurimi.

308 2986 398 3043 745.
412 2986 556 3035 Bait,
573 2992 615 3028 el
627 2991 807 3032 incaulo.
822 2988 982 3047 Scripti
994 3007 1097 3034 cum

251 3047 401 3105 primis
421 3047 683 3093 editionibus
705 3050 806 3094 huic
824 3052 1008 3098 disticho
1028 3073 1099 3100 se-

252 3127 394 3167 quens
406 3128 646 3169 praeponun
653 3124 669 3157 t
682 3130 692 3156 :
709 3117 787 3157 Ille
796 3121 891 3159 sinu
900 3122 1073 3162 domina·
1085 3134 1098 3160 :

250 3183 293 3217 et
312 3184 452 3228 recte·‚
471 3176 605 3219 modo
621 3187 669 3220 tu
681 3211 692 3233 ‚
715 3196 793 3235 pro
812 3185 936 3237 dixit,
951 3185 1098 3227 rescri-

249 3241 323 3284 bas
353 3246 463 3294 exit,
491 3252 540 3286 ut
560 3245 614 3287 sit
642 3247 844 3302 repetitio
864 3250 1098 3293 verborum

252 3305 468 3350 Procridis
491 3324 500 3351 z
526 3324 630 3351 nam
659 3315 700 3354 τὸ
723 3314 834 3354 dixit
856 3312 925 3357 hic
952 3315 1097 3358 locum

252 3387 344 3415 non
363 3373 494 3417 habet
510 3408 522 3430 ,
544 3377 622 3419 etsi
636 3377 680 3419 in
696 3378 900 3422 omnibus
913 3382 1099 3438 antiquis

251 3437 366 3483 libris
388 3441 557 3498 legitur.
582 3443 717 3500 Quod
737 3461 875 3501 quum
898 3447 1097 3492 viderent

1183 2144 1453 2179 correctores
1468 2168 1480 2189 ,
1507 2135 1713 2179 ordinem
1736 2153 1943 2182 versuum
1966 2139 2037 2183 in-

1182 2209 1423 2243 verterunt.
1440 2200 1608 2244 Hnms.
1628 2201 1761 2244 Forte
1779 2201 2033 2261 legendum,

1182 2267 1318 2314 υιὶτιῖ,
1345 2272 1393 2306 ut
1414 2279 1527 2320 saepe
1550 2263 1795 2320 loquuntur
1813 2275 1993 2311 veteres.

1239 2327 1330 2384 747.
1344 2328 1483 2370 Nudis
1492 2330 1602 2370 mihi
1607 2331 1730 2371 rebus
1741 2335 1948 2385 agendum
1961 2338 2038 2375 est.

1184 2389 1359 2447 Apertis
1376 2391 1536 2436 scilicet
1554 2394 1697 2437 verbis
1710 2403 1755 2438 et
1772 2396 1994 2453 exemplis.

1240 2459 1332 2516 749.
1354 2460 1528 2502 Sce’l1cet
1538 2467 1736 2516 expeclas
1753 2468 1802 2505 ul
1813 2469 1854 2506 le
1872 2469 1917 2507 in
1938 2482 2037 2508 con·

1182 2526 1293 2567 vivia
1313 2527 1479 2569 ducam.
1497 2527 1687 2571 Sollicile
1700 2536 1911 2583 expectes,
1939 2535 2037 2575 dum

1179 2595 1222 2633 te
1241 2591 1387 2649 scripti
1410 2593 1605 2650 plerique
1623 2627 1635 2649 ,
1660 2611 1763 2638 cum
1783 2596 1922 2653 prima
1944 2598 2033 2642 edi·

1181 2657 1313 2701 tione.
1347 2659 1413 2702 lta
1445 2659 1603 2703 Cicero
1621 2660 1675 2704 ad
1700 2662 1892 2706 Brutum
1921 2681 1930 2708 :
1952 2669 2040 2722 legi

1179 2729 1388 2768 orationes
1412 2728 1521 2769 duas
1548 2733 1667 2778 tuas,
1712 2746 1824 2772 nunc
1854 2734 2037 2775 sollicite

1179 2791 1258 2833 hoc
1268 2797 1462 2847 exspecto
1479 2801 1561 2836 etc.
1583 2793 1670 2836 Sed
1690 2794 1799 2837 nihil
1817 2805 1951 2840 muta.
1972 2798 2033 2841 H.

1237 2861 1329 2916 752.
1361 2861 1501 2902 Grata
1525 2877 1642 2902 mora
1668 2865 1822 2904 venies.
1854 2866 2034 2909 Veniens

1180 2922 1342 2981 Regius
1357 2933 1401 2968 et
1416 2934 1605 2980 quatuor
1625 2925 1717 2969 alii:
1735 2944 1871 2984 unus,
1893 2933 2033 2975 Grata

1177 3005 1294 3031 mora
1311 2992 1452 3033 Venus
1464 2996 1551 3042 est,
1576 3005 1668 3033 non
1682 2992 1794 3035 male
1810 3011 1820 3045 ;
1841 2994 1917 3038 sed
1934 3013 2033 3041 rec-

1180 3055 1264 3098 tius
1296 3055 1609 3112 Neapolitanus
1642 3074 1743 3101 cum
1779 3058 2026 3105 Cavalcan-

1178 3121 1326 3175 tiano,
1371 3124 1510 3164 Grata
1539 3140 1656 3167 mora
1690 3131 1756 3167 est
1782 3129 1939 3171 Veneri.
1968 3130 2028 3172 H.

1178 3185 1332 3227 Mallet
1355 3185 1638 3231 Burmannus
1654 3188 1714 3232 sic
1734 3189 2000 3248 distinguere
2021 3210 2030 3236 ;

1177 3254 1275 3284 Grata
1287 3265 1377 3284 mora
1393 3262 1441 3285 est
1459 3266 1467 3287 ε
1486 3257 1605 3286 Veneri
1623 3260 1764 3289 maxima
1779 3261 1849 3289 lena
1864 3272 1954 3292 mora
1967 3270 2027 3292 est.

1178 3313 1249 3356 Ad
1291 3315 1608 3359 conciliandam
1650 3319 1876 3363 Venerem
1912 3339 2031 3365 mora

1179 3380 1395 3436 aptissima
1415 3382 1526 3444 lqna.
1541 3384 1696 3428 Amor.
1713 3385 1799 3440 111,
1817 3387 1883 3430 El.
1896 3401 1930 3443 1,
1952 3391 2003 3443 44
2020 3405 2029 3430 ;

1220 3457 1310 3485 fluxe
1332 3467 1390 3495 ego
1410 3458 1543 3498 proveni
1565 3457 1641 3490 Iena
1660 3471 1832 3504 comesfl-xe
1853 3465 1945 3495 Deoe.
