2268 3776
651 345 1048 402 AMORUM
1091 346 1140 400 Ι.
1187 344 1429 400 ELEG.
1486 345 1601 399 XI.
1942 340 2009 397 53

316 463 572 525 Carmina
601 486 763 546 quam
793 461 1070 533 tribuent,
1101 459 1244 522 fama
1272 461 1532 545 perennis
1563 460 1682 521 erit.

234 562 348 624 Nec
379 561 535 633 dare,
568 559 663 622 sed
692 560 931 644 pretium
962 559 1120 643 posci
1149 558 1423 638 dedignor
1451 573 1506 619 et
1536 557 1663 618 odi:

317 656 489 737 Quod
515 680 659 736 nego
690 656 977 741 poscenti,
1007 655 1195 717 desine
1224 654 1390 730 velle;
1420 655 1584 716 dabo.

288 820 355 866 62.
390 823 525 877 Quam
543 826 737 868 tn‘buent.
764 825 969 877 Facient,
993 822 1086 881 pri-

235 901 334 932 mus
354 886 532 932 Moreti.

1219 822 1286 867 63.
1301 824 1516 867 Necdare.
1528 822 1629 866 Non
1647 820 1747 864 ideo
1759 826 1899 876 negat,
1918 821 2018 878 quia

1168 904 1319 932 avarus
1331 920 1344 944 ,
1381 886 1456 932 sed
1482 886 1599 945 quod
1611 890 1740 944 posci
1753 885 2018 944 indignetur.

818 1153 1226 1223 ELEGIA
1284 1153 1421 1223 XI.

430 1456 462 1489 A
480 1456 714 1502 RAP13‚U·r
736 1457 963 1494 ‘rutum
984 1459 1046 1492 An
1067 1459 1319 1494 commun
1341 1459 1587 1493 nanum·
1603 1481 1616 1504 ,
1644 1461 1819 1495 POSCIT.

249 1580 692 1669 COLLIGERE
717 1608 987 1682 incertoS‚
1020 1623 1076 1670 et
1103 1609 1162 1668 in
1194 1607 1388 1670 ordine
1418 1631 1627 1691 ponere
1658 1607 1837 1670 crines

322 1702 530 1775 Docta,
562 1727 743 1786 neque
770 1703 995 1765 ancillas
1024 1704 1171 1765 inter
1196 1702 1483 1776 habenda,
1512 1705 1698 1787 Nape;

241 1797 419 1880 Inque
449 1797 770 1859 ministeriis
797 1798 1012 1860 furtivae
1042 1799 1263 1878 cognita
1292 1800 1474 1860 noctis

323 1891 519 1973 Utilis,
552 1908 608 1979 et
637 1894 832 1955 dandis
863 1895 1152 1974 ingeniosa
1180 1894 1361 1967 notis;

184 2020 185 2023 ¹
241 1987 396 2074 Saepe
424 1991 608 2053 venire
637 1991 706 2052 ad
735 2016 820 2053 me
853 1992 1202 2053 dubitantem
1233 1991 1454 2052 hortata
1486 1991 1787 2053 Corinnam
1813 2017 1828 2066 ;

320 2087 478 2173 Saepe
506 2086 784 2151 laboranti
812 2088 922 2151 fida
950 2105 1168 2174 reperta
1195 2088 1370 2161 mihi;

299 2268 396 2297 1-2.
428 2254 634 2310 Colligere
651 2258 940 2300 incertos...„...
956 2259 1094 2299 crines

183 2362 186 2363 γ
240 2317 370 2362 docfa
380 2325 461 2362 etc.
475 2319 639 2363 Notato
652 2321 899 2377 graecismo‚
921 2320 975 2363 ad
998 2336 1095 2363 ma-

241 2382 339 2440 jora
366 2384 699 2428 transeundum.
735 2385 801 2429 Ac
821 2384 965 2442 primo
986 2386 1094 2441 qui-

245 2446 350 2491 dem
367 2447 595 2492 sciendum
610 2481 622 2503 ,
645 2450 945 2507 gravissimum
965 2451 1097 2507 edifi—

243 2517 380 2558 candi
391 2519 548 2571 capitit
568 2531 732 2559 munus
750 2511 843 2559 non
865 2516 996 2558 unius
1016 2530 1099 2558 an·-

244 2579 351 2623 cilloe
365 2579 478 2637 apud
495 2580 717 2624 Romanas
731 2581 858 2624 fuisse
875 2598 886 2632 ;
905 2579 981 2624 sed
998 2580 1098 2637 plu-

243 2658 314 2687 res
335 2642 455 2701 (quae
480 2649 674 2687 cosmeta·
691 2653 735 2688 et
763 2649 994 2689 omatn‘ces
1020 2643 1099 2687 di-

243 2707 503 2767 cebantur),
522 2710 601 2754 sibi
617 2709 866 2754 vindicasse.
890 2709 1099 2766 Quarum

245 2773 326 2817 uni
369 2789 474 2818 cura
515 2775 711 2832 primum
751 2774 1101 2818 demandabatur

245 2838 463 2897 crispandi
479 2872 492 2896 ,
514 2849 560 2884 et
577 2839 778 2884 vibrandi
798 2841 971 2898 capillos
986 2873 998 2895 ‚
1026 2855 1102 2883 ca-

245 2903 336 2947 lido
355 2905 498 2960 ferro,
520 2905 639 2963 quod
659 2907 949 2950 calamistrum
969 2920 1101 2948 voca-

246 2968 355 3014 bant
375 2986 392 3026 ,·
434 2974 653 3028 cimflones
680 2988 786 3016 vero
799 3006 811 3023 ‚
849 2971 924 3028 qui
956 2979 1102 3028 partes

247 3033 363 3078 hanc
387 3035 528 3080 cultus
548 3036 771 3082 muliebris
791 3036 1101 3094 adimplebant.

250 3101 434 3146 Subibat
453 3111 556 3146 mox
569 3135 582 3158 ,
603 3116 700 3159 quae
720 3104 910 3149 vibratos
929 3104 1102 3161 capillos

247 3168 378 3226 largis
398 3169 614 3226 unguenti
635 3170 865 3226 cujuslibet
890 3169 1102 3214 imbribus

248 3234 479 3292 irrigarem
513 3242 559 3278 et
585 3234 639 3277 ab
658 3234 752 3291 ipso
774 3233 919 3278 officio
940 3237 1103 3279 Psecas

252 3304 296 3358 (a
319 3304 474 3360 ψεκάζω
490 3335 502 3357 ,
530 3305 671 3353 stillo,
699 3302 845 3358 irn'go)
866 3301 1102 3348 dicebatur.

252 3367 460 3411 Tandem
494 3366 723 3412 accedebat
755 3366 837 3425 (et
866 3367 951 3411 hoc
983 3369 1104 3425 quasi

255 3433 455 3489 quaedam
491 3441 584 3476 erat
622 3434 878 3491 praefectura
919 3434 1105 3490 capillo-

254 3499 373 3554 rum)
387 3504 577 3545 ornatrix
586 3533 597 3554 ,
621 3514 717 3557 quae
731 3498 912 3556 pectinis
926 3498 995 3545 vel
1013 3501 1107 3543 dir-

1175 2257 1383 2299 cemiculi
1394 2269 1493 2311 ope,
1516 2256 1720 2297 collectos
1730 2254 1872 2299 crines
1887 2258 1932 2298 in
1953 2271 2030 2298 or-

1176 2323 1274 2362 dine
1288 2328 1474 2377 poneret
1486 2352 1498 2374 ,
1514 2327 1559 2361 et
1573 2318 1721 2362 docilis
1733 2319 1785 2361 ad
1801 2320 2029 2364 arbitrium

1177 2384 1369 2428 dominae
1402 2383 1612 2427 flecteret.
1648 2385 1749 2427 Hoc
1782 2387 1927 2441 Napes
1941 2419 1951 2434 ‚
1985 2394 2034 2427 ut

1177 2450 1353 2494 videtur
1368 2484 1379 2505 ,
1396 2450 1593 2493 officium
1611 2467 1622 2501 ;
1646 2466 1730 2507 qua
1748 2459 1928 2508 propter
1943 2452 2032 2508 plu·

1179 2515 1343 2558 rimum
1373 2515 1432 2558 illi
1461 2514 1575 2572 apud
1607 2514 1834 2559 dominam
1859 2517 2005 2573 gratiae
2021 2550 2032 2569 ‚

1179 2597 1263 2624 nec
1276 2586 1391 2624 inter
1398 2584 1585 2623 ancillas
1598 2583 1806 2624 habenda.
1821 2580 1917 2625 Cur
1927 2597 2033 2625 vero

1181 2650 1306 2703 Nape
1333 2646 1446 2690 dicta
1473 2647 1609 2690 suerit
1626 2680 1638 2700 ,
1673 2663 1763 2690 non
1797 2647 1926 2690 video
1953 2647 2035 2690 nisi

1182 2711 1412 2756 deduxeris
1426 2728 1451 2755 a
1465 2714 1578 2761 νάκος
1588 2744 1600 2767 ,
1615 2713 1755 2756 -saltus
1769 2746 1782 2768 ‚
1797 2712 1917 2756 locus
1938 2713 2037 2767 qui-

1163 2776 1287 2821 'libet
1315 2778 1523 2820 arborum
1549 2777 1762 2821 densitate
1790 2778 2038 2820 subobscu-

1182 2859 1280 2895 rus;
1304 2842 1423 2886 unde
1445 2852 1605 2887 νακαῖαι
1619 2876 1631 2897 ,
1655 2842 1863 2900 nymphae
1880 2875 1892 2896 ‚
1918 2842 2037 2885 istius

1182 2907 1305 2952 modi
1330 2907 1530 2952 locorum
1559 2906 1775 2964 presides.
1812 2906 1950 2963 Quod
1985 2923 2039 2950 eo

1182 2975 1390 3018 libentius
1403 2974 1634 3017 admittam
1649 3005 1660 3028 ,
1678 2974 1796 3031 quod
1811 2975 1899 3032 ipsa
1915 2975 2039 3032 Nape

1183 3044 1355 3095 cognita
1373 3041 1419 3082 in
1440 3039 1692 3083 ministeriis
1694 3039 1870 3095 furtive
1889 3044 2038 3082 noctis.

1183 3128 1239 3137 —
1258 3107 1448 3148 lacertos
1473 3108 1611 3147 crines
1630 3117 1644 3144 .·
1676 3120 1811 3162 quem
1833 3105 1880 3147 in
1910 3104 2041 3147 ordi-

1184 3187 1292 3215 nem
1313 3178 1601 3227 ponerentur.

1241 3239 1280 3279 5.
1299 3237 1417 3291 Soepe
1426 3239 1571 3279 maim
1582 3237 1733 3278 adme.
1753 3234 1940 3278 Numeri
1955 3233 2042 3277 du·-

1184 3302 1334 3345 riores.
1355 3302 1472 3344 Puto
1491 3299 1775 3345 scribendum
1792 3332 1804 3353 ‚
1826 3315 1935 3354 sepe
1954 3316 2041 3341 ve-

1185 3372 1275 3410 m’re
1290 3369 1403 3410 mihi.
1426 3367 1594 3410 Hssms.
1609 3365 1730 3410 Nihil
1746 3374 1872 3425 muto
1884 3372 2039 3408 contra

1183 3432 1331 3476 libros.
1351 3431 1425 3475 Sic.
1444 3444 1483 3473 11
1501 3464 1511 3485 ,
1537 3431 1659 3488 Eleg.
1682 3444 1725 3484 1,
1749 3430 1804 3486 34
1823 3442 1834 3470 :

1229 3500 1286 3532 Ad
1300 3507 1422 3542 vatem,
1437 3501 1582 3544 pretium
1596 3499 1770 3538 cuminis,
1787 3499 1858 3543 ipsa
1872 3497 1975 3531 venit·
1995 3496 2038 3529 B.
