<?xml version="1.0" encoding="UTF-8"?>
<!DOCTYPE html PUBLIC "-//W3C//DTD XHTML 1.0 Transitional//EN"
    "http://www.w3.org/TR/xhtml1/DTD/xhtml1-transitional.dtd">
<html xmlns="http://www.w3.org/1999/xhtml" xml:lang="en" lang="en">
 <head>
  <title>
</title>
<meta http-equiv="Content-Type" content="text/html;charset=utf-8" />
  <meta name='ocr-system' content='tesseract 3.04.00' />
  <meta name='ocr-capabilities' content='ocr_page ocr_carea ocr_par ocr_line ocrx_word'/>
</head>
<body>
  <div class='ocr_page' id='page_1' title='image "./quaeextantomniao02oviduoft_0240.png"; bbox 0 0 2268 3776; ppageno 0'>
   <div class='ocr_carea' id='block_1_1' title="bbox 304 268 2041 328">
    <p class='ocr_par' dir='ltr' id='par_1_1' title="bbox 304 268 2041 328">
     <span class='ocr_line' id='line_1_1' title="bbox 304 268 2041 328; baseline 0.001 -5"><span class='ocrx_word' id='word_1_1' title='bbox 304 270 412 323; x_wconf 73' lang='lat' dir='ltr'>22ss</span> <span class='ocrx_word' id='word_1_2' title='bbox 523 272 585 323; x_wconf 90' lang='lat' dir='ltr'>P.</span> <span class='ocrx_word' id='word_1_3' title='bbox 616 270 868 325; x_wconf 85' lang='lat' dir='ltr'>OVIDII</span> <span class='ocrx_word' id='word_1_4' title='bbox 894 268 1219 323; x_wconf 82' lang='lat' dir='ltr'><strong>NASONIS</strong></span> <span class='ocrx_word' id='word_1_5' title='bbox 1247 269 1593 324; x_wconf 85' lang='lat' dir='ltr'><strong>AMORUM</strong></span> <span class='ocrx_word' id='word_1_6' title='bbox 1620 271 1728 324; x_wconf 88' lang='lat' dir='ltr'><strong>III.</strong></span> <span class='ocrx_word' id='word_1_7' title='bbox 1764 272 1878 325; x_wconf 87' lang='lat' dir='ltr'>EL.</span> <span class='ocrx_word' id='word_1_8' title='bbox 1915 274 2041 328; x_wconf 79' lang='lat' dir='ltr'>XV.</span> 
     </span>
    </p>
   </div>
   <div class='ocr_carea' id='block_1_2' title="bbox 229 384 2073 850">
    <p class='ocr_par' dir='ltr' id='par_1_2' title="bbox 229 384 2073 850">
     <span class='ocr_line' id='line_1_2' title="bbox 384 384 1446 468; baseline -0.001 -21"><span class='ocrx_word' id='word_1_9' title='bbox 384 388 567 447; x_wconf 83' lang='lat' dir='ltr'><strong>Aurea</strong></span> <span class='ocrx_word' id='word_1_10' title='bbox 591 387 655 446; x_wconf 85' lang='lat' dir='ltr'>de</span> <span class='ocrx_word' id='word_1_11' title='bbox 687 410 879 468; x_wconf 81' lang='lat' dir='ltr'>campo</span> <span class='ocrx_word' id='word_1_12' title='bbox 910 384 1092 446; x_wconf 83' lang='lat' dir='ltr'>vellite</span> <span class='ocrx_word' id='word_1_13' title='bbox 1120 386 1278 464; x_wconf 81' lang='lat' dir='ltr'>signa</span> <span class='ocrx_word' id='word_1_14' title='bbox 1303 409 1446 447; x_wconf 79' lang='lat' dir='ltr'><strong>meo,</strong></span> 
     </span>
     <span class='ocr_line' id='line_1_3' title="bbox 229 478 1675 564; baseline -0.002 -21"><span class='ocrx_word' id='word_1_15' title='bbox 229 478 232 482; x_wconf 31' lang='lat'>⁵</span> <span class='ocrx_word' id='word_1_16' title='bbox 304 483 574 561; x_wconf 79' lang='lat' dir='ltr'>Corniger</span> <span class='ocrx_word' id='word_1_17' title='bbox 602 481 876 564; x_wconf 84' lang='lat' dir='ltr'><strong>increpuit</strong></span> <span class='ocrx_word' id='word_1_18' title='bbox 900 481 1088 564; x_wconf 85' lang='lat' dir='ltr'>thyrso</span> <span class='ocrx_word' id='word_1_19' title='bbox 1120 483 1363 559; x_wconf 82' lang='lat' dir='ltr'>graviore</span> <span class='ocrx_word' id='word_1_20' title='bbox 1389 484 1581 564; x_wconf 85' lang='lat' dir='ltr'><strong>Lyaeus</strong></span> <span class='ocrx_word' id='word_1_21' title='bbox 1605 488 1632 540; x_wconf 50' lang='lat'>:⁶</span> <span class='ocrx_word' id='word_1_22' title='bbox 1669 485 1675 491; x_wconf 78' lang='grc'><strong>”</strong></span> 
     </span>
     <span class='ocr_line' id='line_1_4' title="bbox 382 577 1588 659; baseline -0.002 -20"><span class='ocrx_word' id='word_1_23' title='bbox 382 579 660 639; x_wconf 84' lang='lat' dir='ltr'>Pulsanda</span> <span class='ocrx_word' id='word_1_24' title='bbox 688 593 770 638; x_wconf 83' lang='lat' dir='ltr'>est</span> <span class='ocrx_word' id='word_1_25' title='bbox 791 578 1007 655; x_wconf 85' lang='lat' dir='ltr'>magnis</span> <span class='ocrx_word' id='word_1_26' title='bbox 1036 601 1156 637; x_wconf 85' lang='lat' dir='ltr'>area</span> <span class='ocrx_word' id='word_1_27' title='bbox 1184 577 1358 659; x_wconf 84' lang='lat' dir='ltr'>major</span> <span class='ocrx_word' id='word_1_28' title='bbox 1384 578 1558 659; x_wconf 87' lang='lat' dir='ltr'>equis.</span> <span class='ocrx_word' id='word_1_29' title='bbox 1586 608 1588 610; x_wconf 95' lang='lat'>·</span> 
     </span>
     <span class='ocr_line' id='line_1_5' title="bbox 298 671 1495 750; baseline -0.001 -17"><span class='ocrx_word' id='word_1_30' title='bbox 298 672 555 734; x_wconf 84' lang='lat' dir='ltr'><strong>Imbelles</strong></span> <span class='ocrx_word' id='word_1_31' title='bbox 587 671 775 750; x_wconf 83' lang='lat' dir='ltr'><strong>Elegi,</strong></span> <span class='ocrx_word' id='word_1_32' title='bbox 809 671 1036 750; x_wconf 81' lang='lat' dir='ltr'><strong>genialis</strong></span> <span class='ocrx_word' id='word_1_33' title='bbox 1062 673 1256 743; x_wconf 84' lang='lat' dir='ltr'>Musa,</span> <span class='ocrx_word' id='word_1_34' title='bbox 1286 671 1495 743; x_wconf 77' lang='lat' dir='ltr'>valete3</span> 
     </span>
     <span class='ocr_line' id='line_1_6' title="bbox 381 767 2073 850; baseline -0.001 -22"><span class='ocrx_word' id='word_1_35' title='bbox 381 771 518 829; x_wconf 87' lang='lat' dir='ltr'>Post</span> <span class='ocrx_word' id='word_1_36' title='bbox 545 793 664 828; x_wconf 87' lang='lat' dir='ltr'>mea</span> <span class='ocrx_word' id='word_1_37' title='bbox 685 792 1005 828; x_wconf 87' lang='lat' dir='ltr'><strong>mansurum</strong></span> <span class='ocrx_word' id='word_1_38' title='bbox 1030 767 1140 827; x_wconf 84' lang='lat' dir='ltr'>fata</span> <span class='ocrx_word' id='word_1_39' title='bbox 1168 783 1445 850; x_wconf 82' lang='lat' dir='ltr'>superstes</span> <span class='ocrx_word' id='word_1_40' title='bbox 1473 791 1633 850; x_wconf 89' lang='lat' dir='ltr'><strong>opus.</strong></span> <span class='ocrx_word' id='word_1_41' title='bbox 2023 803 2073 830; x_wconf 74' lang='lat'>20</span> 
     </span>
    </p>
   </div>
   <div class='ocr_carea' id='block_1_3' title="bbox 302 944 2078 1133">
    <p class='ocr_par' dir='ltr' id='par_1_3' title="bbox 302 944 2078 1133">
     <span class='ocr_line' id='line_1_7' title="bbox 304 944 2074 1002; baseline -0.001 -12"><span class='ocrx_word' id='word_1_42' title='bbox 304 946 510 991; x_wconf 83' lang='lat' dir='ltr'><strong>Plinium.</strong></span> <span class='ocrx_word' id='word_1_43' title='bbox 533 946 605 989; x_wconf 78' lang='lat' dir='ltr'>Sic.</span> <span class='ocrx_word' id='word_1_44' title='bbox 618 945 950 988; x_wconf 80' lang='lat' dir='ltr'><em>Amalbusiacas</em></span> <span class='ocrx_word' id='word_1_45' title='bbox 967 948 1149 988; x_wconf 74' lang='lat' dir='ltr'>bidentes</span> <span class='ocrx_word' id='word_1_46' title='bbox 1226 947 1413 998; x_wconf 70' lang='lat' dir='ltr'><em>graviore</em></span> <span class='ocrx_word' id='word_1_47' title='bbox 1440 947 1609 994; x_wconf 70' lang='lat' dir='ltr'><em>moveri,</em></span> <span class='ocrx_word' id='word_1_48' title='bbox 1644 959 1721 987; x_wconf 91' lang='lat' dir='ltr'>seu</span> <span class='ocrx_word' id='word_1_49' title='bbox 1750 944 1917 1002; x_wconf 82' lang='lat' dir='ltr'>tragicis</span> <span class='ocrx_word' id='word_1_50' title='bbox 1946 961 2074 1002; x_wconf 78' lang='lat' dir='ltr'>argu-</span> 
     </span>
     <span class='ocr_line' id='line_1_8' title="bbox 305 1008 2074 1067; baseline -0.001 -13"><span class='ocrx_word' id='word_1_51' title='bbox 305 1012 465 1056; x_wconf 81' lang='lat' dir='ltr'>Noster</span> <span class='ocrx_word' id='word_1_52' title='bbox 485 1009 590 1052; x_wconf 86' lang='lat' dir='ltr'>dixit</span> <span class='ocrx_word' id='word_1_53' title='bbox 608 1009 678 1051; x_wconf 85' lang='lat' dir='ltr'>lib.</span> <span class='ocrx_word' id='word_1_54' title='bbox 697 1023 725 1051; x_wconf 83' lang='lat' dir='ltr'><strong>x</strong></span> <span class='ocrx_word' id='word_1_55' title='bbox 741 1041 753 1063; x_wconf 87' lang='lat'>,</span> <span class='ocrx_word' id='word_1_56' title='bbox 774 1009 884 1052; x_wconf 85' lang='lat' dir='ltr'>Met.</span> <span class='ocrx_word' id='word_1_57' title='bbox 905 1027 996 1066; x_wconf 85' lang='lat'>227.</span> <span class='ocrx_word' id='word_1_58' title='bbox 1016 1009 1151 1052; x_wconf 82' lang='lat' dir='ltr'>Ama-</span> <span class='ocrx_word' id='word_1_59' title='bbox 1230 1008 1391 1052; x_wconf 84' lang='lat' dir='ltr'>mentis</span> <span class='ocrx_word' id='word_1_60' title='bbox 1413 1024 1578 1052; x_wconf 79' lang='lat' dir='ltr'>vacare.</span> <span class='ocrx_word' id='word_1_61' title='bbox 1601 1008 1810 1053; x_wconf 84' lang='lat' dir='ltr'>Monenti</span> <span class='ocrx_word' id='word_1_62' title='bbox 1826 1010 1960 1067; x_wconf 82' lang='lat' dir='ltr'>igitur</span> <span class='ocrx_word' id='word_1_63' title='bbox 1975 1027 2074 1052; x_wconf 91' lang='lat' dir='ltr'>mo-</span> 
     </span>
     <span class='ocr_line' id='line_1_9' title="bbox 302 1072 2078 1133; baseline 0.001 -16"><span class='ocrx_word' id='word_1_64' title='bbox 302 1074 509 1117; x_wconf 84' lang='lat' dir='ltr'>thuntem</span> <span class='ocrx_word' id='word_1_65' title='bbox 533 1074 653 1116; x_wconf 90' lang='lat' dir='ltr'>enim</span> <span class='ocrx_word' id='word_1_66' title='bbox 674 1073 725 1115; x_wconf 84' lang='lat' dir='ltr'>ab</span> <span class='ocrx_word' id='word_1_67' title='bbox 747 1072 990 1116; x_wconf 83' lang='lat' dir='ltr'>Amathusa</span> <span class='ocrx_word' id='word_1_68' title='bbox 1010 1072 1149 1133; x_wconf 75' lang='lat' dir='ltr'>Ciny-</span> <span class='ocrx_word' id='word_1_69' title='bbox 1231 1089 1328 1116; x_wconf 86' lang='lat' dir='ltr'>rem</span> <span class='ocrx_word' id='word_1_70' title='bbox 1342 1073 1467 1130; x_wconf 83' lang='lat' dir='ltr'>gerit,</span> <span class='ocrx_word' id='word_1_71' title='bbox 1480 1073 1624 1129; x_wconf 84' lang='lat' dir='ltr'>etipso</span> <span class='ocrx_word' id='word_1_72' title='bbox 1635 1072 1843 1130; x_wconf 84' lang='lat' dir='ltr'>impulsus</span> <span class='ocrx_word' id='word_1_73' title='bbox 1854 1074 1999 1133; x_wconf 87' lang='lat' dir='ltr'>Lyaeo,</span> <span class='ocrx_word' id='word_1_74' title='bbox 2012 1076 2078 1118; x_wconf 86' lang='lat' dir='ltr'>in-</span> 
     </span>
    </p>
   </div>
   <div class='ocr_carea' id='block_1_4' title="bbox 302 1139 2084 1458">
    <p class='ocr_par' dir='ltr' id='par_1_4' title="bbox 303 1139 2078 1197">
     <span class='ocr_line' id='line_1_10' title="bbox 303 1139 2078 1197; baseline 0 -15"><span class='ocrx_word' id='word_1_75' title='bbox 303 1155 362 1183; x_wconf 86' lang='lat' dir='ltr'>rae</span> <span class='ocrx_word' id='word_1_76' title='bbox 385 1149 523 1183; x_wconf 84' lang='lat' dir='ltr'>matre</span> <span class='ocrx_word' id='word_1_77' title='bbox 550 1139 806 1196; x_wconf 81' lang='lat' dir='ltr'>adpellatam</span> <span class='ocrx_word' id='word_1_78' title='bbox 828 1139 982 1182; x_wconf 89' lang='lat' dir='ltr'>volunt</span> <span class='ocrx_word' id='word_1_79' title='bbox 1002 1152 1011 1179; x_wconf 73' lang='grc' dir='ltr'><em>τ</em></span> <span class='ocrx_word' id='word_1_80' title='bbox 1035 1154 1148 1196; x_wconf 91' lang='lat' dir='ltr'>quo-</span> <span class='ocrx_word' id='word_1_81' title='bbox 1232 1140 1474 1184; x_wconf 82' lang='lat' dir='ltr'>termissam</span> <span class='ocrx_word' id='word_1_82' title='bbox 1494 1139 1642 1183; x_wconf 86' lang='lat' dir='ltr'><strong>statuit</strong></span> <span class='ocrx_word' id='word_1_83' title='bbox 1660 1141 1852 1183; x_wconf 84' lang='lat' dir='ltr'><em>Medeam</em></span> <span class='ocrx_word' id='word_1_84' title='bbox 1869 1149 2078 1197; x_wconf 82' lang='lat' dir='ltr'>repetere.</span> 
     </span>
    </p>

    <p class='ocr_par' dir='ltr' id='par_1_5' title="bbox 303 1205 2081 1263">
     <span class='ocr_line' id='line_1_11' title="bbox 303 1205 2081 1263; baseline -0.001 -14"><span class='ocrx_word' id='word_1_85' title='bbox 303 1206 437 1249; x_wconf 90' lang='lat' dir='ltr'>modo</span> <span class='ocrx_word' id='word_1_86' title='bbox 454 1206 621 1263; x_wconf 87' lang='lat' dir='ltr'>etapud</span> <span class='ocrx_word' id='word_1_87' title='bbox 636 1205 856 1249; x_wconf 84' lang='lat' dir='ltr'>Catullum</span> <span class='ocrx_word' id='word_1_88' title='bbox 871 1220 880 1247; x_wconf 75' lang='grc' dir='ltr'>ε</span> <span class='ocrx_word' id='word_1_89' title='bbox 895 1208 1006 1250; x_wconf 84' lang='lat' dir='ltr'>Nam</span> <span class='ocrx_word' id='word_1_90' title='bbox 1018 1241 1027 1257; x_wconf 91' lang='lat'><em>‚</em></span> <span class='ocrx_word' id='word_1_91' title='bbox 1051 1209 1157 1251; x_wconf 79' lang='lat' dir='ltr'><em>mibi</em></span> <span class='ocrx_word' id='word_1_92' title='bbox 1288 1222 1354 1247; x_wconf 83' lang='lat'>20.</span> <span class='ocrx_word' id='word_1_93' title='bbox 1378 1206 1483 1247; x_wconf 79' lang='lat' dir='ltr'>Post</span> <span class='ocrx_word' id='word_1_94' title='bbox 1501 1220 1593 1247; x_wconf 86' lang='lat' dir='ltr'>mea</span> <span class='ocrx_word' id='word_1_95' title='bbox 1607 1221 1855 1247; x_wconf 85' lang='lat' dir='ltr'><em>mansurum.</em></span> <span class='ocrx_word' id='word_1_96' title='bbox 1878 1205 1931 1247; x_wconf 91' lang='lat' dir='ltr'>In</span> <span class='ocrx_word' id='word_1_97' title='bbox 1954 1205 2081 1247; x_wconf 83' lang='lat' dir='ltr'>Pala-</span> 
     </span>
    </p>

    <p class='ocr_par' dir='ltr' id='par_1_6' title="bbox 302 1269 2084 1327">
     <span class='ocr_line' id='line_1_12' title="bbox 302 1269 2084 1327; baseline -0.001 -16"><span class='ocrx_word' id='word_1_98' title='bbox 302 1286 423 1325; x_wconf 77' lang='lat' dir='ltr'><em>quam</em></span> <span class='ocrx_word' id='word_1_99' title='bbox 453 1273 610 1312; x_wconf 80' lang='lat' dir='ltr'><em>dederit</em></span> <span class='ocrx_word' id='word_1_100' title='bbox 632 1273 783 1325; x_wconf 72' lang='lat' dir='ltr'><em>duplex</em></span> <span class='ocrx_word' id='word_1_101' title='bbox 802 1270 1058 1314; x_wconf 78' lang='lat' dir='ltr'><em>Amathusia</em></span> <span class='ocrx_word' id='word_1_102' title='bbox 1075 1288 1151 1315; x_wconf 83' lang='lat' dir='ltr'>cu-</span> <span class='ocrx_word' id='word_1_103' title='bbox 1235 1269 1328 1313; x_wconf 83' lang='lat' dir='ltr'>tino</span> <span class='ocrx_word' id='word_1_104' title='bbox 1345 1269 1538 1313; x_wconf 86' lang='lat' dir='ltr'><strong>secundo</strong></span> <span class='ocrx_word' id='word_1_105' title='bbox 1551 1269 1832 1327; x_wconf 81' lang='lat' dir='ltr'><strong>adjiciebatur</strong></span> <span class='ocrx_word' id='word_1_106' title='bbox 1844 1270 2053 1314; x_wconf 82' lang='lat' dir='ltr'><strong>distichon</strong></span> <span class='ocrx_word' id='word_1_107' title='bbox 2072 1283 2084 1310; x_wconf 72' lang='grc' dir='ltr'>ε</span> 
     </span>
    </p>

    <p class='ocr_par' dir='ltr' id='par_1_7' title="bbox 305 1335 2078 1458">
     <span class='ocr_line' id='line_1_13' title="bbox 305 1335 2078 1390; baseline 0 -11"><span class='ocrx_word' id='word_1_108' title='bbox 305 1354 392 1379; x_wconf 78' lang='lat' dir='ltr'>ram</span> <span class='ocrx_word' id='word_1_109' title='bbox 410 1371 419 1388; x_wconf 93' lang='lat'><strong><em>,</em></strong></span> <span class='ocrx_word' id='word_1_110' title='bbox 448 1338 588 1380; x_wconf 47' lang='lat' dir='ltr'>Sel&#39;llzs.</span> <span class='ocrx_word' id='word_1_111' title='bbox 613 1335 760 1379; x_wconf 78' lang='lat' dir='ltr'>Carm-</span> <span class='ocrx_word' id='word_1_112' title='bbox 783 1351 928 1380; x_wconf 82' lang='lat' dir='ltr'>LXVIII</span> <span class='ocrx_word' id='word_1_113' title='bbox 943 1372 953 1388; x_wconf 88' lang='lat'><em>‚</em></span> <span class='ocrx_word' id='word_1_114' title='bbox 976 1340 1039 1380; x_wconf 83' lang='lat'>51.</span> <span class='ocrx_word' id='word_1_115' title='bbox 1234 1349 1300 1379; x_wconf 82' lang='lat' dir='ltr'>Hic</span> <span class='ocrx_word' id='word_1_116' title='bbox 1313 1359 1390 1388; x_wconf 82' lang='lat' dir='ltr'><strong>ego,</strong></span> <span class='ocrx_word' id='word_1_117' title='bbox 1407 1349 1463 1390; x_wconf 80' lang='lat' dir='ltr'>qui</span> <span class='ocrx_word' id='word_1_118' title='bbox 1475 1349 1565 1390; x_wconf 79' lang='lat' dir='ltr'><strong>jaceo</strong></span> <span class='ocrx_word' id='word_1_119' title='bbox 1578 1371 1588 1387; x_wconf 91' lang='lat'>,</span> <span class='ocrx_word' id='word_1_120' title='bbox 1609 1355 1791 1382; x_wconf 80' lang='lat' dir='ltr'>tenerorum</span> <span class='ocrx_word' id='word_1_121' title='bbox 1803 1350 1894 1380; x_wconf 82' lang='lat' dir='ltr'><strong>lusor</strong></span> <span class='ocrx_word' id='word_1_122' title='bbox 1910 1360 2055 1380; x_wconf 86' lang='lat' dir='ltr'><strong>amorum</strong></span> <span class='ocrx_word' id='word_1_123' title='bbox 2068 1373 2078 1387; x_wconf 88' lang='lat'><em>,</em></span> 
     </span>
     <span class='ocr_line' id='line_1_14' title="bbox 367 1402 1813 1458; baseline 0.001 -16"><span class='ocrx_word' id='word_1_124' title='bbox 367 1418 382 1442; x_wconf 94' lang='lat'>1</span> <span class='ocrx_word' id='word_1_125' title='bbox 393 1419 428 1458; x_wconf 88' lang='lat'>7.</span> <span class='ocrx_word' id='word_1_126' title='bbox 451 1402 646 1456; x_wconf 53' lang='grc' dir='ltr'>θοι-πήξει·</span> <span class='ocrx_word' id='word_1_127' title='bbox 656 1405 858 1455; x_wconf 77' lang='lat' dir='ltr'><em>increpuit</em></span> <span class='ocrx_word' id='word_1_128' title='bbox 872 1410 952 1444; x_wconf 88' lang='lat' dir='ltr'>etc.</span> <span class='ocrx_word' id='word_1_129' title='bbox 966 1402 1153 1445; x_wconf 88' lang='lat' dir='ltr'>Monue-</span> <span class='ocrx_word' id='word_1_130' title='bbox 1274 1408 1407 1449; x_wconf 79' lang='lat' dir='ltr'>Ingenio</span> <span class='ocrx_word' id='word_1_131' title='bbox 1422 1410 1502 1450; x_wconf 83' lang='lat' dir='ltr'>perii</span> <span class='ocrx_word' id='word_1_132' title='bbox 1517 1409 1607 1441; x_wconf 86' lang='lat' dir='ltr'>Naso</span> <span class='ocrx_word' id='word_1_133' title='bbox 1623 1416 1716 1451; x_wconf 75' lang='lat' dir='ltr'>poeta</span> <span class='ocrx_word' id='word_1_134' title='bbox 1731 1422 1813 1441; x_wconf 82' lang='lat' dir='ltr'><strong>meo.</strong></span> 
     </span>
    </p>
   </div>
   <div class='ocr_carea' id='block_1_5' title="bbox 306 1467 2080 1598">
    <p class='ocr_par' dir='ltr' id='par_1_8' title="bbox 306 1467 2080 1598">
     <span class='ocr_line' id='line_1_15' title="bbox 306 1467 2080 1528; baseline 0.003 -17"><span class='ocrx_word' id='word_1_135' title='bbox 306 1468 571 1525; x_wconf 81' lang='lat' dir='ltr'>ratipsajam</span> <span class='ocrx_word' id='word_1_136' title='bbox 585 1467 829 1525; x_wconf 78' lang='lat' dir='ltr'>Tragoedia,</span> <span class='ocrx_word' id='word_1_137' title='bbox 844 1468 1007 1526; x_wconf 85' lang='lat' dir='ltr'>Eleg.1‚</span> <span class='ocrx_word' id='word_1_138' title='bbox 1023 1468 1154 1525; x_wconf 79' lang='lat' dir='ltr'><strong>hujus</strong></span> <span class='ocrx_word' id='word_1_139' title='bbox 1235 1469 1324 1513; x_wconf 87' lang='lat' dir='ltr'>Sed</span> <span class='ocrx_word' id='word_1_140' title='bbox 1346 1469 1458 1513; x_wconf 84' lang='lat' dir='ltr'><strong>male</strong></span> <span class='ocrx_word' id='word_1_141' title='bbox 1482 1469 1569 1514; x_wconf 88' lang='lat' dir='ltr'>huc</span> <span class='ocrx_word' id='word_1_142' title='bbox 1591 1471 1877 1528; x_wconf 83' lang='lat' dir='ltr'>importatum</span> <span class='ocrx_word' id='word_1_143' title='bbox 1901 1489 1924 1516; x_wconf 90' lang='lat' dir='ltr'>e</span> <span class='ocrx_word' id='word_1_144' title='bbox 1949 1473 2080 1516; x_wconf 81' lang='lat' dir='ltr'>Trist.</span> 
     </span>
     <span class='ocr_line' id='line_1_16' title="bbox 306 1532 1890 1598; baseline 0.005 -23"><span class='ocrx_word' id='word_1_145' title='bbox 306 1532 546 1587; x_wconf 79' lang='lat' dir='ltr'>lib1·i,v&#39;.23,</span> <span class='ocrx_word' id='word_1_146' title='bbox 561 1541 732 1590; x_wconf 81' lang='lat' dir='ltr'>tempus</span> <span class='ocrx_word' id='word_1_147' title='bbox 745 1549 833 1577; x_wconf 88' lang='lat' dir='ltr'><strong>esse</strong></span> <span class='ocrx_word' id='word_1_148' title='bbox 845 1536 1153 1591; x_wconf 79' lang='lat' dir='ltr'>thyrsopulsum</span> <span class='ocrx_word' id='word_1_149' title='bbox 1234 1538 1307 1581; x_wconf 79' lang='lat' dir='ltr'><strong>lib.</strong></span> <span class='ocrx_word' id='word_1_150' title='bbox 1328 1551 1385 1581; x_wconf 88' lang='lat'>111</span> <span class='ocrx_word' id='word_1_151' title='bbox 1402 1571 1413 1592; x_wconf 89' lang='lat'>,</span> <span class='ocrx_word' id='word_1_152' title='bbox 1439 1537 1559 1596; x_wconf 83' lang='lat' dir='ltr'><strong>Eleg.</strong></span> <span class='ocrx_word' id='word_1_153' title='bbox 1582 1552 1639 1581; x_wconf 90' lang='lat'>111</span> <span class='ocrx_word' id='word_1_154' title='bbox 1657 1572 1669 1593; x_wconf 87' lang='lat'>,</span> <span class='ocrx_word' id='word_1_155' title='bbox 1700 1557 1737 1583; x_wconf 89' lang='lat' dir='ltr'>v.</span> <span class='ocrx_word' id='word_1_156' title='bbox 1761 1541 1822 1598; x_wconf 82' lang='lat'>73.</span> <span class='ocrx_word' id='word_1_157' title='bbox 1886 1586 1890 1588; x_wconf 10' lang='grc' dir='ltr'>μ</span> 
     </span>
    </p>
   </div>
  </div>
 </body>
</html>
