2268 3776
596 289 993 346 AMORUM
1037 290 1085 343 1.
1141 286 1388 343 ELEG.
1440 286 1630 341 vm.
1937 288 2009 364 39

231 410 455 481 Forma,
494 406 603 467 nisi
632 404 916 476 admittas,
948 402 1106 464 nullo
1137 416 1419 463 exercente
1438 448 1454 479 ,
1494 402 1763 463 senescit:

311 506 426 566 Nec
455 503 586 564 satis
616 501 843 563 effectus
873 523 1019 561 unus
1050 514 1107 561 et
1133 498 1271 560 alter
1295 499 1523 559 habent.

233 600 449 662 Certior
478 623 508 661 e
536 597 750 671 multis,
782 621 882 658 nec
914 612 1024 658 tam
1053 595 1326 656 invidiosa
1354 595 1548 678 rapina
1578 609 1663 655 est
1691 618 1704 654 :
1952 612 2005 654 55·

253 695 260 698 ’
311 694 482 757 Plena
503 695 654 756 venit
682 694 831 756 canis
856 694 922 755 de
955 717 1118 773 grege
1142 691 1323 776 praeda
1354 690 1520 774 lupis.

229 792 398 864 Ecce,
433 790 569 875 quid
597 792 700 852 iste
729 805 858 852 tuus
876 838 890 864 ,
923 804 1125 874 praeter
1153 812 1296 849 nova
1325 787 1592 860 carmina,
1623 800 1771 847 vates

311 885 537 949 Donat?
567 887 827 948 amatoris
854 885 1028 947 millia
1055 884 1229 946 multa
1260 884 1425 962 legeS.

227 982 354 1065 Ipse
385 982 539 1044 Deus
568 996 777 1051 vatum,
810 980 957 1066 palla
987 978 1307 1065 spectabilis
1340 1001 1529 1051 aurea,

240 1068 243 1071 ¹
277 1126 284 1133 .
307 1079 532 1140 Tractat
560 1079 821 1140 inauratae
847 1101 1094 1139 consona
1123 1075 1216 1138 fila
1245 1075 1389 1159 lyrae.
1728 1079 1738 1088 “
1957 1093 2011 1134 60

229 1174 345 1256 Qui
374 1174 561 1250 dabit,
592 1175 685 1237 ille
713 1175 819 1236 tibi
847 1198 1050 1255 magno
1082 1174 1157 1235 sit
1185 1172 1362 1255 major
1389 1173 1653 1234 Homero.

189 1272 193 1273 ⁷
311 1277 485 1339 Crede
514 1278 651 1339 mihi
677 1301 803 1338 :res
833 1291 917 1337 est
944 1275 1258 1355 ingeniosa,
1297 1273 1440 1334 dare.

228 1379 342 1441 Nec
375 1393 459 1454 tu,
489 1379 537 1440 si
564 1379 690 1462 quis
719 1379 823 1440 erit
851 1377 1048 1461 capitis
1073 1375 1322 1438 mercede
1352 1375 1660 1447 redemtuS‚

310 1481 575 1566 Despice‚
608 1480 824 1564 gypsati
853 1480 1061 1541 crimen
1090 1480 1251 1541 inane
1282 1476 1456 1562 pedis.

285 1658 353 1705 53.
379 1660 510 1707 Nullo
527 1667 758 1707 exercente.
788 1661 990 1708 Imitatus
1017 1669 1083 1708 est

234 1725 344 1771 Stat.
363 1740 407 1782 1,
431 1725 535 1771 Silv.
555 1739 618 1782 11,
647 1727 722 1771 165
744 1738 755 1766 τ

518 1823 558 1834 ...
576 1802 691 1834 veniet
709 1802 776 1844 jam
790 1802 915 1834 tri-tior
929 1807 1003 1833 ειιι
1019 1813 1029 1842 ;

230 1860 362 1892 Exere·
374 1859 512 1893 sormam
523 1883 534 1900 ‚
551 1867 582 1892 οι
593 1860 792 1902 fngientibus
813 1868 902 1893 utere
918 1861 1023 1893 donis.

231 1919 292 1965 Et
310 1929 494 1980 uterque
513 1922 682 1967 celebre
705 1921 871 1968 dictum
898 1921 1080 1967 Catonis

230 1994 332 2030 ante
364 1987 511 2032 oculos
532 1986 683 2031 habuit
701 2020 713 2043 ,
750 1988 868 2045 quod
896 1984 1082 2032 servavit

229 2050 394 2097 Gellius
418 2067 491 2111 xx,
517 2070 608 2112 cap.
632 2072 653 2098 a
676 2071 687 2099 :
710 2071 732 2092 «
755 2055 858 2099 Vita
886 2054 1080 2098 humana

228 2131 365 2175 prope
385 2119 450 2163 uti
479 2119 648 2164 serrum
671 2129 756 2173 est;
781 2121 815 2165 si
843 2136 1041 2166 exerceas
1063 2152 1075 2174 ,

227 2182 472 2228 conteritur
491 2185 552 2229 :si
571 2201 664 2229 non
685 2201 905 2240 exerceas,
930 2194 1079 2228 tamen

227 2247 383 2305 rubigo
391 2249 620 2295 interficit:
629 2251 734 2296 item
742 2251 945 2296 homines
954 2267 1081 2295 exer-

227 2310 370 2354 cendo
405 2313 605 2359 videmus
643 2316 847 2369 conteri;
878 2317 927 2360 si
970 2315 1080 2358 nihil

148 2380 150 2382 ’
229 2390 441 2433 exerceas,
457 2378 615 2423 inertia
637 2389 765 2438 atque
784 2381 970 2438 torpedo
986 2380 1082 2437 plus

230 2437 486 2486 detrimenti
504 2444 605 2488 facit
620 2477 632 2500 ,
659 2462 793 2502 quam
815 2446 1032 2490 exercitio.

285 2506 351 2563 57.
392 2509 482 2550 Iste
516 2513 624 2553 tuus.
659 2511 747 2554 Per
772 2519 1081 2555 contemtum:

228 2569 317 2613 vid.
347 2571 401 2614 ad
436 2573 615 2618 Patron.
637 2592 726 2632 cap.
747 2589 809 2619 lx.
847 2575 1002 2619 Claud.
1030 2594 1047 2620 1
1065 2610 1077 2633 ,

229 2643 383 2680 contra
404 2637 505 2681 Rus.
526 2638 604 2696 37¹
625 2655 636 2682 :

227 2704 302 2736 snm
314 2715 423 2747 poenas
437 2713 510 2738 tuus
523 2708 585 2740 iste
598 2708 700 2741 dabit.

284 2764 350 2807 58.
379 2766 599 2811 Amatoris
624 2771 762 2812 millia
790 2774 925 2813 multa
950 2774 1078 2827 leges.

226 2827 330 2873 Non
341 2830 464 2888 capio
471 2847 651 2876 sensum
658 2832 821 2878 horum
828 2835 1081 2880 verborum:

228 2909 334 2936 nam
354 2894 518 2940 durum
538 2906 603 2942 est
622 2905 851 2945 carminum
866 2901 1082 2945 subintel-

227 2956 378 3014 ligere,
399 2969 449 3004 ut
467 2961 640 3007 Marius
659 2964 759 3008 facit
776 2958 789 3008 :¹
802 2966 1077 3019 Amatormn,

229 3020 390 3067 Juuius
408 3042 419 3076 ς
442 3033 488 3069 et
505 3026 565 3070 ita
583 3028 832 3084 coniecerat
853 3030 1077 3075 Francius.

231 3088 430 3132 Carmina
445 3095 579 3135 mulla
594 3094 736 3150 prima
752 3096 884 3139 editio
899 3130 910 3147 ,
933 3107 978 3141 et
994 3099 1081 3142 Pa-

231 3152 390 3198 latinus
402 3156 459 3199 :si
473 3157 623 3203 liceret
636 3193 648 3214 ,
668 3161 826 3222 vellem
839 3163 1058 3221 refmgere
1071 3176 1083 3204 ι

395 3248 434 3258 ...
450 3226 622 3259 Amatores
636 3229 739 3260 millia
753 3231 857 3262 multa
867 3231 982 3263 serant.

232 3286 357 3343 Quid
372 3319 384 3342 ‚
401 3303 548 3344 quaeso
560 3319 572 3342 ,
594 3290 679 3332 iste
697 3295 792 3333 tuus
809 3297 933 3334 vates
946 3292 1082 3337 donat

228 3360 389 3407 praeter
402 3352 596 3395 carmina
613 3351 633 3395 ἓ
653 3352 742 3396 Sed
763 3353 866 3409 quid
888 3355 990 3407 inde
1003 3357 1082 3400 tibi

230 3415 339 3458 lucri
354 3415 373 3459 Ρ
390 3416 623 3461 Amatores
649 3433 738 3461 non
755 3418 900 3463 serent
922 3421 1083 3464 carmi-

867 2711 992 2743 Βυιιιι.

1165 1676 1240 1717 na,
1257 1659 1331 1706 sed
1345 1659 1484 1703 multa
1499 1659 1632 1703 millia
1647 1674 1950 1703 nummorum.
1968 1660 2019 1702 Β.

1217 1727 1282 1786 59.
1310 1726 1410 1781 Ipse
1429 1726 1551 1767 Deus
1564 1729 1720 1767 valum.
1747 1725 1797 1767 ln
1821 1724 2020 1768 Palatino

1160 1798 1280 1844 erat,
1311 1792 1434 1833 Dens
1460 1796 1585 1833 vates
1607 1802 1620 1829 .·
1651 1805 1732 1834 nec
1756 1790 1985 1833 invenuste
2005 1808 2015 1841 ;

1160 1856 1317 1913 passim
1348 1854 1469 1899 enim
1500 1860 1623 1898 vates
1653 1855 1812 1898 dicitur
1846 1854 2015 1912 Apollo.
2055 1856 2060 1861 '

1159 1921 1316 1963 Delius
1334 1925 1482 1972 vates,
1510 1920 1697 1976 Virgilio
1733 1919 1910 1964 AEneid.
1937 1933 1987 1962 vx
2005 1954 2016 1970 ‚

1166 1999 1239 2027 12:
1267 1986 1458 2044 tia-affirm
1481 1982 1657 2028 Graecis.
1678 1985 1841 2028 BURH.

1215 2047 1281 2092 δι.
1319 2052 1407 2103 Qui
1428 2051 1560 2092 dabit.
1594 2049 1643 2092 Ιιι
1669 2048 1801 2105 hujus
1820 2050 2016 2106 pessime

1160 2114 1271 2158 lene
1291 2113 1556 2157 sententiam
1583 2113 1721 2158 multa
1741 2114 1888 2157 scribit
1911 2112 2020 2156 Phi-

1160 2177 1389 2223 lematium
1431 2178 1630 2223 Eumuso
1676 2180 1861 2224 amatori
1898 2195 1978 2224 suo
2002 2213 2015 2234 ,

1158 2243 1276 2301 apud
1299 2244 1638 2299 Aristaenetum,
1660 2258 1702 2296 1,
1726 2244 1809 2302 Ep.
1830 2258 1923 2287 xlv.

1214 2308 1281 2351 63.
1313 2311 1405 2352 Nec
1429 2314 1500 2360 lu,
1542 2314 1587 2352 si
1609 2314 1702 2366 quis
1728 2314 1812 2353 en't
1829 2313 2019 2353 mercede

1161 2377 1371 2417 redemtus
1384 2383 1465 2419 etc.
1484 2375 1684 2432 Propert.
1708 2374 1883 2481 ΕΙεες...ι
1849 2376 1921 2419 cit.
1886 2378 2012 2482 49.

1160 2451 1230 2482 Nee.
1249 2450 1308 2481 tibi
1322 2450 1373 2482 dis
1347 2451 1439 2492 ιιίορΙ
1422 2450 1685 2481 cie-tunlesnon
1707 2449 1815 2482 suetus

1202 2510 1254 2542 Na
1258 2517 1389 2542 uetanc
1425 2510 1537 2543 attrita
1552 2510 1752 2543 iesu-atam
1733 2522 1879 2544 amu.

1161 2595 1216 2605 —
1244 2574 1413 2627 Capita
1443 2573 1643 2615 mette-de.
1676 2572 1886 2630 Intelligit
1913 2590 2018 2617 sane

1160 2652 1335 2680 servum
1351 2671 1363 2692 ‚
1394 2637 1469 2694 qui
1487 2638 1575 2681 suis
1594 2638 1856 2682 nummis'se
1882 2638 1928 2681 in
1949 2639 2013 2681 li-

1159 2702 1377 2746 bertatem
1414 2701 1650 2746 vindicavit
1671 2736 1684 2757 ,
1735 2711 1779 2746 et
1833 2702 2017 2746 domino

1159 2767 1286 2811 solvit
1307 2775 1481 2812 tantum
1502 2767 1695 2825 pretium
1713 2801 1725 2821 ,
1758 2768 1910 2823 quanti
1943 2768 2013 2812 ille

1161 2832 1325 2877 valeret
1338 2866 1351 2888 ,
1370 2833 1405 2877 si
1419 2832 1622 2876 venditus
1637 2833 1799 2876 suisset.
1821 2833 1985 2876 Bunm.

1217 2899 1284 2953 64.
1303 2897 1748 2957 Gypsat12Venalium
1763 2897 1883 2941 enim
1896 2906 2018 2943 tram

1161 2980 1283 3008 mare
1299 2963 1583 3007 advectorum
1598 2961 1730 3019 pedes
1747 2971 1865 3006 creta
1885 2973 2015 3007 nota-

1161 3031 1270 3074 bant
1284 3061 1295 3082 ,
1327 3045 1404 3072 seu
1424 3043 1570 3087 gypso.
1594 3026 1707 3070 Plin.
1727 3041 1850 3071 xxxv
1865 3061 1877 3083 ,
1906 3045 1953 3085 ¹7
1972 3039 2018 3073 et

1167 3095 1230 3138 18.
1262 3093 1407 3137 Tibul.
1427 3106 1465 3134 11
1478 3125 1491 3147 ,
1513 3091 1636 3149 Eleg.
1655 3105 1706 3135 vl
1720 3124 1733 3147 ‚
1753 3094 1805 3147 42
1827 3108 1839 3136 ι

1217 3191 1256 3201 ...
1276 3169 1429 3208 Regnum
1442 3167 1511 3208 ipse
1527 3173 1639 3205 tenet,
1661 3177 1760 3208 quem
1777 3178 1860 3209 sepe
1872 3171 1976 3210 coegit

1203 3235 1262 3266 Ba·
1233 3233 1552 3276 ινςοὶιειιιῶφςαω
1499 3231 1737 3263 sesasrreeatat
1751 3233 1859 3273 pedes.

1164 3291 1328 3336 Sensus
1353 3300 1531 3335 autem:
1559 3308 1617 3335 ne
1638 3292 1866 3349 respicias,
1886 3293 1921 3336 si
1947 3295 2020 3338 vel

1163 3373 1311 3401 servus
1330 3356 1484 3411 suerit,
1507 3357 1583 3413 qui
1603 3365 1645 3400 te
1667 3357 1852 3415 ambiat,
1875 3358 2011 3401 modo

1164 3422 1309 3478 dives,
1333 3430 1375 3468 et
1396 3421 1490 3467 aeris
1506 3437 1600 3467 non
1619 3438 1785 3479 parcus
