2268 3776
474 295 856 354 AMORUM
899 296 988 350 11.
1035 295 1287 350 ELEG.
1340 298 1598 354 xvm.
1806 302 1904 371 145

137 416 278 488 Aut,
313 413 464 499 quod
493 411 799 496 Penelopes
827 409 1011 472 verbis
1038 408 1301 471 reddatur
1327 410 1514 486 Ulixi,

219 510 551 582 Scribimus;
585 523 681 570 aut
708 506 983 580 lacrimaS,
1018 504 1201 591 Phylli
1229 506 1444 582 relicta,
1477 523 1615 571 tuas.

141 606 313 686 Quod
342 605 524 675 Paris,
556 620 611 666 et
637 606 949 676 Macareus,
982 618 1036 665 et
1067 602 1219 688 quod
1248 603 1388 666 male
1425 621 1613 684 gratus
1643 611 1835 685 Iason,

222 701 625 786 Hippolytique
656 725 883 785 parenS,
915 700 1368 786 Hippolytusque
1399 701 1582 781 legant
1607 731 1620 765 ε

143 798 423 882 Quodque
457 814 648 860 tenens
680 799 930 859 strictum
963 798 1113 859 Dido
1143 797 1473 860 miserabilis
1500 825 1684 863 ensem
1859 826 1912 866 95

222 896 414 969 Dicat,
446 910 500 956 et
530 894 726 956 AEoliae
754 895 1146 971 Lesbis-amica
1173 894 1316 980 lyrae.

141 992 326 1072 Quam
353 992 496 1054 celer
525 1017 553 1054 e
586 1007 702 1053 toto
733 993 899 1054 rediit
927 1016 1082 1053 meus
1111 992 1247 1054 orbe
1279 993 1549 1068 SabinuS,

221 1090 546 1175 Scriptaque
578 1090 804 1151 diversis
833 1088 1047 1150 rettulit
1076 1089 1167 1151 ille
1196 1089 1335 1151 locis
1360 1094 1373 1150 !

143 1186 390 1249 Candida
416 1186 694 1272 Penelope
724 1187 943 1266 signum
973 1186 1238 1265 cognovit
1270 1185 1450 1248 Ulixis
1475 1212 1490 1248 ε

221 1283 383 1362 Legit
411 1283 480 1345 ab
512 1282 823 1367 Hippolyto
856 1282 1059 1366 scripta
1090 1305 1323 1347 noverca
1351 1306 1472 1346 suo.
1869 1306 1923 1346 3..

142 1380 266 1441 Jam
293 1379 420 1463 pius
449 1381 652 1442 AEneas
681 1381 889 1441 miserae
917 1379 1198 1462 rescripsit
1227 1378 1453 1440 Elissae:

225 1477 506 1562 Quodque
532 1477 679 1557 legat
700 1476 943 1560 Phyllis,
976 1477 1022 1536 si
1051 1475 1217 1536 modo
1245 1476 1403 1550 vivit,
1434 1475 1621 1540 habet.

147 1578 348 1640 Tristis
377 1579 446 1640 ad
477 1579 823 1665 Hypsipylen
855 1579 924 1640 ab
954 1581 1147 1639 Iasone
1175 1578 1357 1640 littera
1386 1581 1536 1641 venit
1562 1606 1576 1641 t

228 1682 342 1743 Det
369 1697 553 1745 votam
586 1682 800 1744 Phoebo
828 1681 1024 1743 Lesbis
1051 1695 1226 1743 amata
1246 1680 1434 1765 lyram.

147 1785 262 1846 Nec
291 1784 420 1858 tibi,
455 1808 563 1869 qua
595 1799 773 1845 tutum
794 1831 808 1855 ,
834 1783 971 1857 vati,
1005 1785 1220 1855 Macer,
1253 1807 1400 1845 arma
1427 1785 1676 1858 canenti,
1872 1805 1928 1848 35

227 1886 448 1962 Aureus
476 1887 535 1948 in
559 1885 740 1948 medio
772 1887 952 1948 Marte
984 1900 1194 1948 tacetur
1221 1887 1410 1948 Amor.

202 2086 267 2113 αι.
293 2068 391 2113 Aut
404 2069 519 2126 quod
529 2069 754 2123 Penelopes
774 2075 854 2110 etc.
875 2066 991 2110 Insi-

147 2135 320 2194 gniores
358 2134 475 2179 inter
509 2133 758 2178 Heroidum
793 2132 990 2190 epistolas

149 2207 345 2245 recenset
362 2218 372 2252 ;
398 2208 442 2244 et
461 2215 532 2243 eas
547 2232 559 2254 ,
581 2197 842 2243 crediderim
859 2231 871 2252 ‚
895 2213 991 2254 quae

148 2266 304 2323 majori
326 2264 439 2323 apud
463 2280 566 2308 eum
587 2265 633 2307 in
653 2263 807 2320 pretio.

205 2331 272 2374 26.
291 2333 436 2373 Dicat.
455 2331 610 2373 Dictat
622 2329 726 2372 olim
747 2328 852 2372 editi
882 2344 891 2371 :
919 2327 995 2371 sed

153 2395 277 2439 Junii
292 2427 303 2449 ,
326 2393 510 2438 Palatin.
531 2393 731 2437 Francos.
761 2402 806 2436 et
826 2401 996 2450 septem

152 2460 252 2515 alii,
282 2462 401 2503 dicat
426 2476 439 2502 .·
469 2475 583 2505 unus
611 2475 715 2502 vero
732 2491 743 2512 ,
774 2464 924 2502 mittat.
943 2481 998 2490 —

153 2525 197 2567 A
198 2528 304 2567 om'ae
313 2526 462 2567 Lesb&
473 2528 614 2567 amica
625 2526 734 2581 lyroe.
747 2522 844 2568 Alii.
858 2523 1000 2565 Aonio

154 2592 304 2634 Lesbis
320 2594 464 2632 amata
481 2592 581 2631 viro.
603 2588 854 2631 Puteaneus
865 2619 875 2639 ‚
892 2588 977 2629 AEo
992 2613 1001 2619 -

152 2656 393 2699 liae'Lesbis
419 2659 565 2696 amala
591 2656 718 2711 lyrae:
748 2661 791 2695 et
815 2668 837 2693 a
862 2667 999 2693 manu

150 2718 341 2766 secunda
356 2751 367 2772 ,
391 2722 530 2761 amica
545 2734 557 2760 :
575 2726 706 2760 recte.
728 2717 800 2760 Sic
822 2715 998 2773 Sappho

155 2787 242 2843 ipsa
257 2783 369 2841 apud
389 2783 604 2835 Nostrum
619 2800 627 2826 :
641 2784 842 2825 lesbides
854 2784 1000 2825 AEolia

154 2854 322 2893 nomina
348 2851 464 2892 dicta
495 2851 599 2907 lyra.
641 2847 749 2891 Inde
785 2857 827 2891 et
853 2850 1000 2891 AEolm

147 2917 293 2969 puella
311 2913 499 2957 Horatio
519 2927 584 2966 IV,
602 2913 702 2957 Ode
723 2930 749 2973 9
765 2945 777 2966 ,
800 2912 913 2956 dicta
929 2927 938 2953 :
955 2921 999 2956 et

155 2978 270 3037 apud
290 2978 506 3022 eumdem
526 2992 591 3034 11,
616 2977 705 3022 Od.
732 2979 778 3021 13
793 3011 805 3032 ,
835 2978 966 3023 habes
983 3011 995 3033 ,

156 3046 483 3100 AEolie‘sfidibus
497 3049 723 3100 querentem
744 3045 920 3099 Sappho.
936 3044 998 3088 H.

210 3126 276 3169 ²9·
308 3110 503 3151 Candida
521 3111 726 3163 Penelope
744 3117 823 3152 etc.
845 3108 999 3152 Nullus

71 3218 75 3223 ,
155 3189 258 3218 sane
271 3171 502 3216 dubitandi
514 3172 631 3216 locus
643 3205 655 3226 ,
669 3173 774 3228 quin
788 3173 1001 3230 Epistolas

158 3240 346 3285 Sabinus
359 3239 661 3296 conscripserit
674 3273 686 3294 ,
707 3256 812 3296 quas
829 3240 900 3283 hic,
915 3257 1001 3284 no-

157 3314 220 3350 tat
239 3304 436 3350 Ovidius.
454 3303 542 3348 Sed
559 3305 675 3352 nulla
696 3304 746 3347 sit
763 3305 931 3349 mentio
946 3306 999 3350 de

160 3370 438 3428 responsione
482 3371 652 3412 Panum
686 3373 749 3412 ad
782 3371 971 3413 OEnonen
985 3406 997 3423 ,

160 3449 256 3491 quae
277 3434 418 3478 adhuc
439 3434 589 3479 sabini
614 3434 893 3479 subnomine
914 3435 1002 3479 cir-

318 3517 410 3571 II,

1071 2066 1338 2117 cumsertur;
1353 2065 1462 2109 dum
1476 2075 1630 2110 contra
1646 2076 1835 2125 quatuor
1853 2085 1927 2112 re-

1073 2139 1308 2174 censentur
1321 2164 1332 2186 ,
1350 2147 1445 2188 quae
1466 2132 1651 2175 omnino
1668 2133 1924 2189 perierunt,

1074 2211 1166 2238 non
1188 2195 1246 2238 ita
1266 2211 1440 2252 prorsus
1461 2195 1779 2246 desiderandae,
1797 2199 1830 2241 si
1853 2215 1929 2242 su-

1074 2259 1326 2316 perstitibus
1346 2276 1437 2303 non
1461 2261 1666 2318 potiores.
1687 2262 1803 2318 Quis
1822 2279 1928 2306 vero

1077 2324 1225 2368 credat
1239 2334 1412 2382 poetam
1434 2327 1637 2369 omnium
1656 2327 1931 2385 elegantissi-

1078 2406 1203 2433 mum
1226 2390 1272 2433 in
1294 2390 1431 2435 laudis
1452 2401 1495 2435 et
1513 2394 1640 2435 samae
1661 2401 1830 2449 partem
1853 2410 1929 2436 ve-

1078 2455 1174 2499 nire
1195 2456 1403 2511 voluisse,
1426 2473 1527 2501 cum
1550 2467 1725 2501 auctore
1750 2457 1929 2515 Epistol.

1082 2537 1186 2578 quas
1202 2521 1373 2565 lectoris
1387 2522 1548 2577 judicio
1562 2523 1862 2579 permisimus?
1876 2548 1932 2556 —

1082 2585 1184 2636 Sed,
1203 2586 1306 2643 quid
1323 2603 1372 2630 ea
1395 2586 1449 2630 de
1466 2604 1512 2630 re
1529 2588 1781 2638 sentiamus,
1800 2589 1930 2633 habet

1080 2655 1172 2710 jam
1194 2653 1331 2697 lector
1349 2686 1361 2708 ,
1384 2661 1489 2697 tom.
1512 2667 1527 2696 1
1543 2688 1554 2709 ,
1577 2671 1671 2711 pag.
1699 2673 1785 2699 121.

1135 2719 1160 2761 3
1168 2736 1182 2761 1
1192 2752 1202 2761 .
1214 2721 1316 2761 Jam
1321 2723 1422 2774 pius
1432 2722 1601 2762 AEneas.
1616 2723 1775 2775 Impius
1786 2738 1829 2763 m
1836 2722 1931 2773 ulti;

1081 2799 1195 2826 unus
1209 2783 1374 2826 Moreti
1386 2816 1398 2837 ‚
1414 2786 1601 2839 Elpias:
1615 2785 1707 2841 lege
1720 2818 1731 2839 ,
1745 2788 1931 2840 Eapius.

1135 2849 1201 2891 32.
1230 2850 1282 2891 Se·
1295 2852 1418 2892 modo
1439 2854 1552 2892 viril.
1590 2853 1716 2892 Vivat
1734 2851 1859 2894 Junii
1888 2862 1931 2896 et

1069 2913 1236 2969 &decem
1258 2914 1326 2956 alii
1349 2929 1359 2956 :
1380 2913 1441 2956 nil
1463 2922 1603 2956 muto.
1626 2914 1763 2971 Epist.
1779 2931 1829 2969 x,
1856 2918 1931 2975 75:

1080 2981 1133 3025 Si
1146 2983 1268 3024 modo
1288 2984 1394 3023 vivis
1407 3014 1415 3027 ‚
1428 2981 1608 3035 semina.

1135 3045 1200 3087 35.
1231 3047 1321 3087 Nec
1339 3047 1441 3097 tibi,
1468 3060 1550 3099 qua
1577 3050 1708 3087 lulum
1727 3050 1828 3089 vati
1848 3054 1929 3090 etc.

1081 3109 1150 3153 De
1165 3109 1319 3152 Macro
1330 3109 1419 3165 jam
1429 3109 1588 3152 Tibull.
1603 3123 1655 3165 11,
1669 3110 1789 3168 Eleg.
1805 3125 1867 3161 vl,
1886 3129 1902 3154 1
1922 3128 1932 3155 :

1081 3183 1191 3214 Castra
1205 3181 1318 3213 Macer
1332 3180 1480 3221 sequitur
1494 3191 1503 3211 :
1518 3187 1627 3211 tenero
1641 3182 1722 3222 quid
1736 3182 1787 3212 flet
1801 3182 1905 3212 amori
1917 3181 1936 3212 ?

1082 3241 1216 3286 Unde
1238 3250 1356 3299 patet
1372 3256 1463 3284 non
1481 3242 1532 3285 ab
1547 3243 1719 3286 eroticis
1737 3243 1930 3286 alienum

1083 3307 1209 3352 fuisse
1224 3324 1233 3359 3
1252 3305 1369 3363 quod
1384 3315 1428 3350 et
1443 3307 1602 3351 Noster
1622 3307 1706 3350 hoc
1724 3308 1818 3364 ipso
1833 3308 1929 3352 loco

1081 3372 1314 3417 confirmat
1328 3404 1339 3426 ‚
1365 3388 1502 3428 quum
1524 3371 1643 3415 addit
1661 3402 1673 3424 ,
1695 3388 1733 3416 v,
1758 3375 1812 3427 4ο
1833 3390 1843 3416 ;

1269 3440 1302 3471 Α
1319 3442 1434 3472 vestris
1452 3442 1487 3472 in
1502 3453 1574 3474 mea
1589 3449 1693 3473 castra
1708 3443 1804 3474 redis.

1565 3540 1629 3576 10
