2268 3776
219 262 291 332 24

679 264 743 316 P.
796 264 1098 319 OVIDII
1139 259 1523 323 NASONIS

296 381 411 438 Nec
441 377 545 437 tibi
572 392 842 460 perpetuo
873 401 1025 439 serva
1049 379 1280 439 bibatur
1305 403 1463 462 aqua.

215 476 445 535 Ferreus
475 488 721 535 orantem
749 475 1146 558 nequicquam,
1175 475 1408 557 janitor,
1437 477 1624 538 audis:

298 570 621 630 Roboribus
650 570 802 631 duris
829 572 993 654 janua
1021 571 1163 632 fulta
1189 573 1352 651 riget.

217 666 469 727 Urbibus
499 666 740 727 obsessis
770 667 964 730 clausae
993 668 1298 729 munimina
1326 684 1502 752 portae

299 763 554 836 Prosint3
592 763 652 824 in
676 764 856 826 media
884 790 1016 848 pace
1045 765 1181 848 quid
1211 789 1360 825 arma
1388 765 1592 827 times?
1940 786 1961 809 ³·

221 859 376 938 Quid
403 859 568 921 facias
595 860 776 935 hosti,
808 862 904 945 qui
935 862 1013 923 sic
1043 861 1288 923 excludis
1318 864 1633 925 amantem?

297 957 574 1039 Tempora
602 957 786 1019 noctis
815 974 974 1032 eunt;
1004 968 1196 1021 excute
1225 973 1385 1043 poste
1417 983 1608 1020 seram.

215 1053 344 1112 Non
374 1077 477 1132 ego
507 1054 779 1116 militibus
808 1057 969 1117 venio
998 1057 1291 1118 comitatus
1323 1072 1378 1118 et
1405 1056 1571 1118 armis
1597 1081 1611 1117 :

303 1148 469 1210 Solus
499 1175 644 1211 eram
664 1199 679 1225 ‚
712 1153 760 1213 si
783 1178 899 1214 non
930 1179 1103 1215 saevus
1126 1154 1342 1215 adesset
1368 1154 1561 1214 Amor.

222 1247 388 1307 Hunc
415 1270 544 1326 eg0‚
578 1249 626 1309 si
654 1250 900 1334 cupiam,
931 1275 1208 1335 nusquam
1238 1250 1515 1311 dimittere
1544 1249 1782 1334 possim:
1946 1265 2001 1311 35

305 1342 451 1404 Ante
480 1344 566 1405 vel
597 1370 628 1406 a
655 1346 919 1408 membris
952 1348 1164 1409 dividar
1192 1349 1312 1431 ipse
1343 1347 1497 1408 meis.

226 1439 378 1519 Ergo
406 1442 605 1517 Amor,
637 1458 693 1504 et
721 1444 1000 1505 modicum
1031 1445 1173 1506 circa
1201 1468 1322 1505 mea
1352 1459 1602 1527 tempora
1624 1443 1816 1503 vinum

308 1538 532 1599 Mecum
560 1554 670 1613 est,
700 1554 755 1601 et
781 1541 1016 1602 madidis
1045 1540 1200 1626 lapsa
1228 1565 1437 1603 corona
1466 1539 1654 1602 comis.

231 1708 343 1753 fican
349 1709 505 1754 tiorem
517 1710 607 1754 vim
615 1711 764 1766 habet,
779 1727 912 1768 quam
925 1712 1079 1770 vulgus

231 1773 530 1819 existimat.Sic
537 1780 685 1832 longus
693 1780 831 1819 luctus
840 1776 1081 1834 apudVirg.

233 1851 309 1892 xl,
334 1842 440 1894 214;
471 1841 530 1884 ita
560 1842 681 1884 enim
708 1858 810 1886 cum
842 1842 1080 1885 veterrimo

235 1920 422 1948 romano
455 1906 602 1951 codice
618 1941 630 1963 ,
660 1907 729 1951 vel
749 1916 901 1951 contra
923 1910 1083 1950 aucto-

233 1970 408 2014 ritatem
429 1972 570 2015 Servii
589 1973 699 2032 lego.
721 1975 893 2030 ,longus
903 1978 1081 2029 pontus,

236 2036 384 2079 Valer.
401 2036 538 2081 Flacc.
550 2052 567 2081 1
585 2072 597 2093 ,
618 2055 692 2095 127
712 2055 723 2091 ;
747 2055 799 2082 ex
815 2038 953 2083 MSS.
968 2038 1085 2081 Vul-

237 2111 334 2159 gata
353 2102 480 2146 lectio
499 2112 591 2147 tota
611 2114 774 2161 quanta
792 2114 856 2149 est
875 2106 1085 2149 consarci—

237 2178 340 2213 nata
353 2170 434 2212 suit
450 2171 502 2214 ab
517 2171 735 2216 audaculis
746 2172 929 2215 librariis
946 2204 958 2226 ,
981 2172 1083 2227 qui,

239 2236 340 2292 quia
358 2238 555 2294 superius
580 2238 829 2296 legebatur,
865 2240 970 2280 dura
988 2241 1089 2280 reli-

235 2306 336 2356 gnte
355 2308 531 2354 catena,
555 2304 677 2347 nefas
697 2302 998 2347 existimarunt
1013 2335 1026 2356 ‚
1054 2301 1090 2345 si

240 2365 284 2408 id
301 2366 360 2408 ibi
375 2374 548 2409 tantum
562 2367 784 2425 legeretur
798 2401 810 2423 ,
832 2376 883 2411 ut
895 2376 940 2411 et
950 2368 1063 2410 infra
1076 2399 1088 2421 ,

242 2432 357 2473 duroe
377 2434 554 2474 transite
571 2437 748 2475 catenoe.
766 2433 932 2476 HEINS.
958 2432 1092 2488 Egre-

243 2495 312 2552 gia
331 2495 548 2538 restitutio
564 2528 577 2551 ,
607 2504 651 2539 et
668 2512 824 2539 verum
846 2505 912 2539 est
928 2529 941 2551 ,
974 2495 1093 2553 quod

245 2560 300 2603 de
328 2575 434 2604 voce
455 2563 606 2616 longus
629 2560 830 2604 observat
852 2561 1062 2603 Heinsius
1084 2572 1095 2599 :

242 2624 364 2668 idem
391 2627 511 2669 enim
530 2641 641 2683 saepe
658 2659 671 2681 ‚
706 2625 824 2683 quod
845 2630 1092 2681 perpetuus,

248 2699 386 2735 notat.
406 2691 478 2735 Sic
498 2692 657 2734 Horat.
682 2704 721 2733 11
739 2723 751 2746 ,
784 2689 874 2734 od.
894 2704 963 2732 vn
978 2722 991 2744 ,
1017 2706 1064 2746 ¹7
1084 2704 1095 2730 z

329 2771 422 2811 Ergo
439 2770 614 2811 obligatam
628 2769 725 2800 redde
742 2768 819 2800 Jovi
834 2767 951 2810 dapem
966 2790 977 2805 ‚

333 2831 513 2874 Longaque
526 2830 650 2862 fessum
664 2829 781 2861 militia
792 2828 880 2859 latus

409 2895 544 2933 Depone
558 2891 619 2923 sub
631 2892 728 2922 lam-u
742 2901 856 2921 mea...

252 2956 311 2998 Et
324 2954 444 2997 idem
457 2955 569 2998 libro
584 2954 768 3008 eodem,
793 2952 882 2997 Od.
902 2965 1006 3004 x1v;
1028 2954 1103 3011 19³

514 3033 762 3072 Damnatusque
776 3028 869 3071 longi

335 3091 495 3134 Sisyphus
511 3093 655 3124 AEolides
666 3091 798 3124 laboris.
815 3093 939 3124 Bmut.

307 3153 371 3195 26.
393 3154 530 3195 Serva.
544 3154 680 3195 serm
687 3167 917 3209 congruens
928 3157 975 3195 et
985 3157 1102 3207 apta.

255 3219 379 3262 Servi
389 3218 508 3261 enirn
519 3218 634 3275 apud
644 3219 835 3275 majores
846 3234 1004 3275 aquam
1013 3226 1106 3260 tan-

255 3293 353 3327 tum
369 3284 587 3327 bibebant.
604 3283 719 3327 Vide
735 3283 787 3326 ad
811 3284 991 3326 Petron.
1014 3298 1105 3338 cap.

255 3362 374 3392 LXXI.
395 3352 489 3392 Cito
504 3366 653 3405 aquam
674 3352 847 3392 liberam
864 3350 1107 3402 gustabunt.

309 3432 374 3473 ²7·
397 3417 596 3458 Orantem
609 3419 879 3471 nequicquam
894 3447 904 3464 ,.
911 3414 1103 3469 janitor,

1158 1715 1296 1757 audis.
1315 1711 1609 1757 scribendum
1624 1709 1783 1768 opinor
1796 1741 1809 1764 ,
1824 1710 2010 1753 audient

1160 1778 1215 1822 sit
1246 1777 1548 1830 vociferantis3
1580 1791 1686 1819 nam
1717 1776 1842 1818 audit
1870 1782 1935 1817 est
1960 1773 2009 1816 in

1160 1859 1254 1887 uno
1276 1842 1455 1886 Moreti.
1486 1842 1545 1885 H.
1585 1839 1705 1885 Nihil
1731 1837 2011 1882 mutandum.

1162 1912 1337 1953 Ferreus
1346 1910 1471 1951 audis
1485 1939 1497 1962 ,
1511 1906 1630 1950 idest
1641 1905 1852 1948 immotus
1867 1935 1880 1958 ,
1902 1901 2013 1945 nihil

1162 1990 1319 2018 curans
1336 1989 1488 2031 preces
1507 1987 1647 2024 meas;
1671 1969 1792 2014 audis
1806 1967 1986 2026 quidem
1998 2000 2010 2021 ,

1164 2042 1240 2086 sed
1254 2041 1373 2099 quasi
1383 2058 1406 2084 e
1419 2039 1538 2083 ferro
1550 2054 1662 2082 esses
1673 2071 1685 2093 ,
1705 2053 1797 2081 non
1813 2033 2016 2078 moveris,
2074 2042 2080 2048 '

1220 2109 1289 2151 31.
1322 2108 1439 2162 Quid
1441 2106 1594 2164 facias
1612 2107 1737 2147 hosti.
1758 2105 1917 2145 Facias
1935 2114 2016 2157 pro

1155 2173 1305 2229 facies
1328 2205 1340 2227 ‚
1382 2172 1496 2215 bene
1535 2169 1728 2226 optimus
1767 2165 1992 2211 Palatinus
2009 2178 2018 2203 :

1168 2247 1256 2282 tres
1276 2237 1345 2282 alii
1357 2269 1369 2292 ‚
1379 2236 1555 2293 faceres
1575 2247 1588 2274 .·
1608 2236 1746 2277 hostis
1763 2231 1898 2276 etiam
1917 2230 2020 2273 Pu-

1168 2312 1362 2347 teaneus.
1389 2301 1586 2346 Catullus
1601 2333 1614 2356 ,
1634 2312 1733 2343 an
1749 2331 1763 2353 ,
1785 2297 1867 2341 23:

1170 2372 1263 2413 Quid
1265 2371 1404 2416 faciant
1412 2371 1521 2404 hostes
1533 2376 1628 2412 capta
1640 2368 1807 2399 crudelius
1819 2363 1923 2397 urbe?

1227 2433 1294 2475 35.
1338 2434 1561 2488 Nunquam
1593 2432 1805 2474 dimittere
1837 2441 2022 2482 possum.

1174 2499 1389 2554 Nusquam
1409 2499 1620 2539 dimittere
1631 2509 1806 2551 possum
1817 2526 1828 2544 ‚
1858 2491 2025 2536 melio-

1174 2578 1258 2605 res.
1278 2562 1396 2617 Lege
1417 2593 1429 2615 ,
1454 2564 1630 2615 possim.
1652 2559 1821 2601 lems.
1853 2558 2026 2598 Demit-

1178 2633 1263 2670 tere
1282 2626 1415 2668 etiam
1435 2623 1651 2667 nonnulli.

1227 2691 1300 2748 37.
1331 2691 1546 2732 Modicum
1575 2691 1690 2731 circa
1719 2702 1816 2730 mea
1843 2691 2028 2741 tempora

1179 2753 1479 2810 vinum.Quasi
1491 2751 1604 2796 dicat
1615 2769 1628 2805 ς
1641 2754 1802 2795 modice
1809 2751 1912 2794 vino
1928 2766 2029 2795 sum

1180 2835 1283 2863 usus
1304 2835 1315 2862 ε
1333 2835 1391 2862 ne
1414 2834 1486 2861 me
1510 2817 1642 2874 igitur
1661 2815 1867 2873 repellas,
1888 2823 1939 2858 ut
1957 2815 2033 2871 qui

1182 2884 1402 2928 ebrietatis
1420 2892 1546 2926 notas
1554 2882 1703 2938 fronte
1721 2881 1959 2938 praeserret.
1978 2903 2033 2912 —

1188 2951 1350 2991 Circum
1368 2963 1462 2990 mea
1490 2952 1676 3002 tempora
1696 2950 1851 2989 vinum.
1884 2946 2030 2994 Circa,

1183 3015 1450 3058 Puteaneus.
1481 3012 1641 3056 Tibull.
1675 3025 1723 3067 Ι,
1755 3010 1879 3068 Eleg.
1904 3023 1966 3064 Π,
1995 3009 2034 3052 3.

1185 3078 1323 3120 Multo
1339 3076 1539 3132 perfusus
1558 3080 1742 3130 tempora
1761 3074 1950 3117 Baccho.
1975 3071 2034 3113 H.

1241 3142 1307 3185 38.
1336 3142 1502 3184 Mecum
1522 3146 1600 3183 est.
1622 3141 1689 3183 lta
1705 3138 1852 3181 Livius
1868 3136 1940 3179 lib.
1960 3149 2034 3190 1v,

1187 3209 1239 3251 32
1261 3224 1272 3251 ε
1293 3209 1438 3251 Secum
1459 3208 1699 3262 tn‘umphos‚
1712 3218 1851 3247 secum
1869 3203 2008 3257 spolia
2021 3231 2033 3250 ,

1187 3291 1330 3318 secum
1346 3277 1567 3318 victoriam
1586 3287 1678 3315 esse
1693 3285 1710 3324 ,·
1734 3285 1827 3314 cum
1846 3269 2037 3310 hostibus

1188 3344 1328 3385 scelus
1342 3349 1422 3383 etc.
1438 3373 1447 3390 ‚
1472 3348 1517 3382 et
1531 3338 1602 3381 lib.
1617 3350 1724 3389 XXX,
1744 3335 1796 3377 33
1818 3349 1829 3376 :
1850 3334 2036 3376 Victoria

1188 3414 1258 3451 cst
1273 3424 1365 3451 cum
1382 3410 1536 3450 Paenis.
1555 3427 1610 3437 --
1629 3405 1693 3447 Et
1708 3401 1890 3444 madidis
1909 3401 2035 3453 lapsa
