<?xml version="1.0" encoding="UTF-8"?>
<!DOCTYPE html PUBLIC "-//W3C//DTD XHTML 1.0 Transitional//EN"
    "http://www.w3.org/TR/xhtml1/DTD/xhtml1-transitional.dtd">
<html xmlns="http://www.w3.org/1999/xhtml" xml:lang="en" lang="en">
 <head>
  <title>
</title>
<meta http-equiv="Content-Type" content="text/html;charset=utf-8" />
  <meta name='ocr-system' content='tesseract 3.04.00' />
  <meta name='ocr-capabilities' content='ocr_page ocr_carea ocr_par ocr_line ocrx_word'/>
</head>
<body>
  <div class='ocr_page' id='page_1' title='image "./quaeextantomniao02oviduoft_0227.png"; bbox 0 0 2268 3776; ppageno 0'>
   <div class='ocr_carea' id='block_1_1' title="bbox 558 289 1603 347">
    <p class='ocr_par' dir='ltr' id='par_1_1' title="bbox 558 289 1603 347">
     <span class='ocr_line' id='line_1_1' title="bbox 558 289 1603 347; baseline 0.001 -1"><span class='ocrx_word' id='word_1_1' title='bbox 558 289 955 346; x_wconf 89' lang='lat' dir='ltr'>AMORUM</span> <span class='ocrx_word' id='word_1_2' title='bbox 1011 291 1138 344; x_wconf 90' lang='lat'><em>111.</em></span> <span class='ocrx_word' id='word_1_3' title='bbox 1191 291 1430 347; x_wconf 87' lang='lat' dir='ltr'><strong>ELEG.</strong></span> <span class='ocrx_word' id='word_1_4' title='bbox 1486 293 1603 347; x_wconf 88' lang='lat' dir='ltr'><strong>XI.</strong></span> 
     </span>
    </p>
   </div>
   <div class='ocr_carea' id='block_1_2' title="bbox 1878 294 1985 348">
    <p class='ocr_par' dir='ltr' id='par_1_2' title="bbox 1878 294 1985 348">
     <span class='ocr_line' id='line_1_2' title="bbox 1878 294 1985 348; baseline 0.009 -2"><span class='ocrx_word' id='word_1_5' title='bbox 1878 294 1985 348; x_wconf 80' lang='lat'><strong>213</strong></span> 
     </span>
    </p>
   </div>
   <div class='ocr_carea' id='block_1_3' title="bbox 202 407 1988 784">
    <p class='ocr_par' dir='ltr' id='par_1_3' title="bbox 202 407 1988 784">
     <span class='ocr_line' id='line_1_3' title="bbox 206 407 1988 492; baseline -0.001 -20"><span class='ocrx_word' id='word_1_6' title='bbox 206 409 420 481; x_wconf 79' lang='lat' dir='ltr'><strong>Odern,</strong></span> <span class='ocrx_word' id='word_1_7' title='bbox 449 407 496 470; x_wconf 88' lang='lat' dir='ltr'><strong>si</strong></span> <span class='ocrx_word' id='word_1_8' title='bbox 523 422 745 492; x_wconf 91' lang='lat' dir='ltr'><strong>potero;</strong></span> <span class='ocrx_word' id='word_1_9' title='bbox 772 407 819 468; x_wconf 87' lang='lat' dir='ltr'><strong>si</strong></span> <span class='ocrx_word' id='word_1_10' title='bbox 847 430 991 480; x_wconf 86' lang='lat' dir='ltr'><strong>non,</strong></span> <span class='ocrx_word' id='word_1_11' title='bbox 1016 407 1224 468; x_wconf 81' lang='lat' dir='ltr'><strong>invitus</strong></span> <span class='ocrx_word' id='word_1_12' title='bbox 1251 410 1480 470; x_wconf 89' lang='lat' dir='ltr'><strong>amabo:</strong></span> <span class='ocrx_word' id='word_1_13' title='bbox 1933 430 1988 470; x_wconf 78' lang='grc'><strong>35</strong></span> 
     </span>
     <span class='ocr_line' id='line_1_4' title="bbox 283 505 1724 588; baseline -0.001 -21"><span class='ocrx_word' id='word_1_14' title='bbox 283 508 398 567; x_wconf 90' lang='lat' dir='ltr'><strong>Nec</strong></span> <span class='ocrx_word' id='word_1_15' title='bbox 423 505 555 587; x_wconf 87' lang='lat' dir='ltr'><strong>juga</strong></span> <span class='ocrx_word' id='word_1_16' title='bbox 584 518 772 565; x_wconf 91' lang='lat' dir='ltr'><strong>taurus</strong></span> <span class='ocrx_word' id='word_1_17' title='bbox 801 518 981 577; x_wconf 88' lang='lat' dir='ltr'><strong>amat;</strong></span> <span class='ocrx_word' id='word_1_18' title='bbox 1008 527 1130 588; x_wconf 80' lang='lat' dir='ltr'><strong>quae</strong></span> <span class='ocrx_word' id='word_1_19' title='bbox 1159 519 1339 565; x_wconf 88' lang='lat' dir='ltr'><strong>tamen</strong></span> <span class='ocrx_word' id='word_1_20' title='bbox 1370 506 1515 578; x_wconf 86' lang='lat' dir='ltr'><strong>odit,</strong></span> <span class='ocrx_word' id='word_1_21' title='bbox 1541 506 1724 567; x_wconf 89' lang='lat' dir='ltr'><strong>habet.</strong></span> 
     </span>
     <span class='ocr_line' id='line_1_5' title="bbox 202 600 1539 686; baseline -0.001 -23"><span class='ocrx_word' id='word_1_22' title='bbox 202 602 519 686; x_wconf 78' lang='lat' dir='ltr'><strong>Nequitiam</strong></span> <span class='ocrx_word' id='word_1_23' title='bbox 548 600 706 680; x_wconf 82' lang='lat' dir='ltr'><strong>fugio</strong></span> <span class='ocrx_word' id='word_1_24' title='bbox 732 625 744 662; x_wconf 91' lang='lat'><strong>:</strong></span> <span class='ocrx_word' id='word_1_25' title='bbox 770 601 1074 680; x_wconf 85' lang='lat' dir='ltr'><strong>fugientem</strong></span> <span class='ocrx_word' id='word_1_26' title='bbox 1102 602 1281 663; x_wconf 87' lang='lat' dir='ltr'><strong>forma</strong></span> <span class='ocrx_word' id='word_1_27' title='bbox 1309 603 1539 664; x_wconf 85' lang='lat' dir='ltr'><strong>reducit.</strong></span> 
     </span>
     <span class='ocr_line' id='line_1_6' title="bbox 282 698 1456 784; baseline -0.001 -24"><span class='ocrx_word' id='word_1_28' title='bbox 282 698 523 760; x_wconf 86' lang='lat' dir='ltr'><strong>Aversor</strong></span> <span class='ocrx_word' id='word_1_29' title='bbox 541 721 761 759; x_wconf 90' lang='lat' dir='ltr'><strong>morum</strong></span> <span class='ocrx_word' id='word_1_30' title='bbox 791 699 1019 762; x_wconf 88' lang='lat' dir='ltr'><strong>crimina</strong></span> <span class='ocrx_word' id='word_1_31' title='bbox 1042 724 1054 773; x_wconf 92' lang='lat'>;</span> <span class='ocrx_word' id='word_1_32' title='bbox 1081 722 1286 784; x_wconf 83' lang='lat' dir='ltr'><strong>corpus</strong></span> <span class='ocrx_word' id='word_1_33' title='bbox 1316 724 1456 760; x_wconf 87' lang='lat' dir='ltr'><strong>amo.</strong></span> 
     </span>
    </p>
   </div>
   <div class='ocr_carea' id='block_1_4' title="bbox 204 794 1992 968">
    <p class='ocr_par' dir='ltr' id='par_1_4' title="bbox 204 794 1992 968">
     <span class='ocr_line' id='line_1_7' title="bbox 204 794 1667 882; baseline 0.003 -28"><span class='ocrx_word' id='word_1_34' title='bbox 204 794 295 855; x_wconf 88' lang='lat' dir='ltr'><strong>Sic</strong></span> <span class='ocrx_word' id='word_1_35' title='bbox 323 818 428 874; x_wconf 87' lang='lat' dir='ltr'><strong>ego</strong></span> <span class='ocrx_word' id='word_1_36' title='bbox 455 819 556 856; x_wconf 90' lang='lat' dir='ltr'><strong>nec</strong></span> <span class='ocrx_word' id='word_1_37' title='bbox 590 796 708 858; x_wconf 89' lang='lat' dir='ltr'><strong>sine</strong></span> <span class='ocrx_word' id='word_1_38' title='bbox 740 811 820 870; x_wconf 87' lang='lat' dir='ltr'><strong>te,</strong></span> <span class='ocrx_word' id='word_1_39' title='bbox 852 822 954 860; x_wconf 90' lang='lat' dir='ltr'><strong>nec</strong></span> <span class='ocrx_word' id='word_1_40' title='bbox 983 813 1163 860; x_wconf 89' lang='lat' dir='ltr'><strong>tecum</strong></span> <span class='ocrx_word' id='word_1_41' title='bbox 1191 798 1368 859; x_wconf 86' lang='lat' dir='ltr'><strong>vivere</strong></span> <span class='ocrx_word' id='word_1_42' title='bbox 1399 821 1629 882; x_wconf 89' lang='lat' dir='ltr'><strong>possum</strong></span> <span class='ocrx_word' id='word_1_43' title='bbox 1653 823 1667 870; x_wconf 88' lang='lat'>;</span> 
     </span>
     <span class='ocr_line' id='line_1_8' title="bbox 283 891 1992 968; baseline 0.01 -17"><span class='ocrx_word' id='word_1_44' title='bbox 283 892 358 951; x_wconf 90' lang='lat' dir='ltr'><strong>Et</strong></span> <span class='ocrx_word' id='word_1_45' title='bbox 386 891 576 953; x_wconf 90' lang='lat' dir='ltr'><strong>videor</strong></span> <span class='ocrx_word' id='word_1_46' title='bbox 604 893 721 954; x_wconf 84' lang='lat' dir='ltr'><strong>voti</strong></span> <span class='ocrx_word' id='word_1_47' title='bbox 750 896 969 957; x_wconf 87' lang='lat' dir='ltr'><strong>nescius</strong></span> <span class='ocrx_word' id='word_1_48' title='bbox 996 919 1115 958; x_wconf 86' lang='lat' dir='ltr'><strong>esse</strong></span> <span class='ocrx_word' id='word_1_49' title='bbox 1144 896 1267 957; x_wconf 88' lang='lat' dir='ltr'><strong>mei.</strong></span> <span class='ocrx_word' id='word_1_50' title='bbox 1939 913 1992 968; x_wconf 73' lang='lat'><strong>40</strong></span> 
     </span>
    </p>
   </div>
   <div class='ocr_carea' id='block_1_5' title="bbox 202 986 1995 1575">
    <p class='ocr_par' dir='ltr' id='par_1_5' title="bbox 206 986 1901 1154">
     <span class='ocr_line' id='line_1_9' title="bbox 206 986 1901 1077; baseline 0.002 -30"><span class='ocrx_word' id='word_1_51' title='bbox 206 986 319 1048; x_wconf 89' lang='lat' dir='ltr'><strong>Aut</strong></span> <span class='ocrx_word' id='word_1_52' title='bbox 347 986 590 1051; x_wconf 87' lang='lat' dir='ltr'><strong>formosa</strong></span> <span class='ocrx_word' id='word_1_53' title='bbox 618 990 765 1053; x_wconf 91' lang='lat' dir='ltr'><strong>fores</strong></span> <span class='ocrx_word' id='word_1_54' title='bbox 794 994 1008 1067; x_wconf 90' lang='lat' dir='ltr'><strong>minus,</strong></span> <span class='ocrx_word' id='word_1_55' title='bbox 1033 1008 1130 1055; x_wconf 88' lang='lat' dir='ltr'><strong>aut</strong></span> <span class='ocrx_word' id='word_1_56' title='bbox 1157 994 1341 1055; x_wconf 89' lang='lat' dir='ltr'><strong>minus</strong></span> <span class='ocrx_word' id='word_1_57' title='bbox 1372 993 1659 1077; x_wconf 86' lang='lat' dir='ltr'><strong>improba,</strong></span> <span class='ocrx_word' id='word_1_58' title='bbox 1693 990 1901 1075; x_wconf 64' lang='lat' dir='ltr'><strong>yellem.</strong></span> 
     </span>
     <span class='ocr_line' id='line_1_10' title="bbox 281 1084 1630 1154; baseline 0.003 -8"><span class='ocrx_word' id='word_1_59' title='bbox 281 1084 414 1147; x_wconf 88' lang='lat' dir='ltr'><strong>Non</strong></span> <span class='ocrx_word' id='word_1_60' title='bbox 443 1086 574 1149; x_wconf 88' lang='lat' dir='ltr'><strong>facit</strong></span> <span class='ocrx_word' id='word_1_61' title='bbox 602 1087 670 1150; x_wconf 89' lang='lat' dir='ltr'><strong>ad</strong></span> <span class='ocrx_word' id='word_1_62' title='bbox 701 1114 882 1154; x_wconf 87' lang='lat' dir='ltr'><strong>mores</strong></span> <span class='ocrx_word' id='word_1_63' title='bbox 914 1106 1025 1153; x_wconf 85' lang='lat' dir='ltr'><strong>tam</strong></span> <span class='ocrx_word' id='word_1_64' title='bbox 1051 1092 1205 1153; x_wconf 90' lang='lat' dir='ltr'><strong>bona</strong></span> <span class='ocrx_word' id='word_1_65' title='bbox 1232 1091 1411 1153; x_wconf 86' lang='lat' dir='ltr'><strong>forma</strong></span> <span class='ocrx_word' id='word_1_66' title='bbox 1438 1090 1630 1152; x_wconf 91' lang='lat' dir='ltr'><strong>malos.</strong></span> 
     </span>
    </p>

    <p class='ocr_par' dir='ltr' id='par_1_6' title="bbox 202 1181 1583 1370">
     <span class='ocr_line' id='line_1_11' title="bbox 202 1181 1583 1251; baseline 0.005 -9"><span class='ocrx_word' id='word_1_67' title='bbox 202 1181 368 1245; x_wconf 88' lang='lat' dir='ltr'><strong>Facta</strong></span> <span class='ocrx_word' id='word_1_68' title='bbox 394 1200 619 1247; x_wconf 86' lang='lat' dir='ltr'><strong>movent</strong></span> <span class='ocrx_word' id='word_1_69' title='bbox 648 1185 837 1249; x_wconf 85' lang='lat' dir='ltr'><strong>odium</strong></span> <span class='ocrx_word' id='word_1_70' title='bbox 866 1214 878 1250; x_wconf 89' lang='lat'><strong>:</strong></span> <span class='ocrx_word' id='word_1_71' title='bbox 911 1188 1077 1251; x_wconf 87' lang='lat' dir='ltr'><strong>facies</strong></span> <span class='ocrx_word' id='word_1_72' title='bbox 1106 1203 1297 1251; x_wconf 82' lang='lat' dir='ltr'><strong>exorat</strong></span> <span class='ocrx_word' id='word_1_73' title='bbox 1325 1212 1583 1251; x_wconf 88' lang='lat' dir='ltr'><strong>amorem.</strong></span> 
     </span>
     <span class='ocr_line' id='line_1_12' title="bbox 282 1280 1492 1370; baseline 0.004 -29"><span class='ocrx_word' id='word_1_74' title='bbox 282 1280 380 1343; x_wconf 89' lang='lat' dir='ltr'><strong>Me</strong></span> <span class='ocrx_word' id='word_1_75' title='bbox 408 1282 696 1347; x_wconf 81' lang='lat' dir='ltr'><strong>miserum!</strong></span> <span class='ocrx_word' id='word_1_76' title='bbox 725 1285 874 1348; x_wconf 86' lang='lat' dir='ltr'><strong>vitiis</strong></span> <span class='ocrx_word' id='word_1_77' title='bbox 901 1286 1031 1370; x_wconf 89' lang='lat' dir='ltr'><strong>plus</strong></span> <span class='ocrx_word' id='word_1_78' title='bbox 1062 1286 1206 1349; x_wconf 89' lang='lat' dir='ltr'><strong>valet</strong></span> <span class='ocrx_word' id='word_1_79' title='bbox 1236 1284 1331 1348; x_wconf 84' lang='lat' dir='ltr'><strong>illa</strong></span> <span class='ocrx_word' id='word_1_80' title='bbox 1357 1285 1492 1347; x_wconf 86' lang='lat' dir='ltr'><strong>suis.</strong></span> 
     </span>
    </p>

    <p class='ocr_par' dir='ltr' id='par_1_7' title="bbox 202 1380 1995 1575">
     <span class='ocr_line' id='line_1_13' title="bbox 202 1380 1995 1473; baseline 0.008 -32"><span class='ocrx_word' id='word_1_81' title='bbox 202 1380 401 1458; x_wconf 87' lang='lat' dir='ltr'><strong>Parce,</strong></span> <span class='ocrx_word' id='word_1_82' title='bbox 426 1409 526 1469; x_wconf 92' lang='lat' dir='ltr'><strong>per</strong></span> <span class='ocrx_word' id='word_1_83' title='bbox 556 1411 589 1447; x_wconf 94' lang='lat' dir='ltr'><strong>o</strong></span> <span class='ocrx_word' id='word_1_84' title='bbox 621 1386 747 1448; x_wconf 90' lang='lat' dir='ltr'><strong>lecti</strong></span> <span class='ocrx_word' id='word_1_85' title='bbox 774 1387 998 1450; x_wconf 87' lang='lat' dir='ltr'><strong>socialia</strong></span> <span class='ocrx_word' id='word_1_86' title='bbox 1026 1389 1181 1471; x_wconf 89' lang='lat' dir='ltr'><strong>jura,</strong></span> <span class='ocrx_word' id='word_1_87' title='bbox 1212 1413 1313 1473; x_wconf 90' lang='lat' dir='ltr'><strong>per</strong></span> <span class='ocrx_word' id='word_1_88' title='bbox 1342 1412 1560 1461; x_wconf 59' lang='lat' dir='ltr'><strong>omnm,</strong></span> <span class='ocrx_word' id='word_1_89' title='bbox 1941 1401 1995 1455; x_wconf 69' lang='lat'><strong>(05</strong></span> 
     </span>
     <span class='ocr_line' id='line_1_14' title="bbox 286 1485 1498 1575; baseline 0.004 -28"><span class='ocrx_word' id='word_1_90' title='bbox 286 1485 406 1566; x_wconf 80' lang='lat' dir='ltr'><strong>Qui</strong></span> <span class='ocrx_word' id='word_1_91' title='bbox 435 1487 569 1550; x_wconf 89' lang='lat' dir='ltr'><strong>dent</strong></span> <span class='ocrx_word' id='word_1_92' title='bbox 595 1489 869 1551; x_wconf 86' lang='lat' dir='ltr'><strong>fallendos</strong></span> <span class='ocrx_word' id='word_1_93' title='bbox 900 1515 957 1553; x_wconf 92' lang='lat' dir='ltr'><strong>se</strong></span> <span class='ocrx_word' id='word_1_94' title='bbox 982 1492 1087 1553; x_wconf 89' lang='lat' dir='ltr'><strong>tibi</strong></span> <span class='ocrx_word' id='word_1_95' title='bbox 1115 1515 1286 1575; x_wconf 85' lang='lat' dir='ltr'><strong>saepe,</strong></span> <span class='ocrx_word' id='word_1_96' title='bbox 1318 1493 1498 1563; x_wconf 80' lang='lat' dir='ltr'><strong>Deos,</strong></span> 
     </span>
    </p>
   </div>
   <div class='ocr_carea' id='block_1_6' title="bbox 205 1664 1063 2855">
    <p class='ocr_par' dir='ltr' id='par_1_8' title="bbox 205 1664 1063 2855">
     <span class='ocr_line' id='line_1_15' title="bbox 206 1664 1057 1714; baseline 0.004 -5"><span class='ocrx_word' id='word_1_97' title='bbox 206 1664 337 1710; x_wconf 80' lang='lat' dir='ltr'><strong>vitate</strong></span> <span class='ocrx_word' id='word_1_98' title='bbox 355 1666 408 1710; x_wconf 88' lang='lat' dir='ltr'><strong>ab</strong></span> <span class='ocrx_word' id='word_1_99' title='bbox 422 1665 524 1711; x_wconf 89' lang='lat' dir='ltr'><strong>odio</strong></span> <span class='ocrx_word' id='word_1_100' title='bbox 544 1667 598 1711; x_wconf 88' lang='lat' dir='ltr'><strong>ad</strong></span> <span class='ocrx_word' id='word_1_101' title='bbox 617 1683 814 1712; x_wconf 87' lang='lat' dir='ltr'><strong>amorem</strong></span> <span class='ocrx_word' id='word_1_102' title='bbox 834 1670 879 1712; x_wconf 89' lang='lat' dir='ltr'><strong>in</strong></span> <span class='ocrx_word' id='word_1_103' title='bbox 897 1669 1057 1714; x_wconf 89' lang='lat' dir='ltr'><strong>eodem</strong></span> 
     </span>
     <span class='ocr_line' id='line_1_16' title="bbox 206 1734 1058 1792; baseline 0.004 -16"><span class='ocrx_word' id='word_1_104' title='bbox 206 1734 398 1777; x_wconf 84' lang='lat' dir='ltr'><strong>carmine</strong></span> <span class='ocrx_word' id='word_1_105' title='bbox 416 1736 783 1779; x_wconf 79' lang='lat' dir='ltr'><strong>transcurrebant.</strong></span> <span class='ocrx_word' id='word_1_106' title='bbox 804 1735 922 1792; x_wconf 86' lang='lat' dir='ltr'><strong>Quia</strong></span> <span class='ocrx_word' id='word_1_107' title='bbox 938 1751 1058 1779; x_wconf 88' lang='lat' dir='ltr'><strong>nem·</strong></span> 
     </span>
     <span class='ocr_line' id='line_1_17' title="bbox 206 1801 1059 1860; baseline 0 -15"><span class='ocrx_word' id='word_1_108' title='bbox 206 1817 260 1858; x_wconf 86' lang='lat' dir='ltr'><strong>pe</strong></span> <span class='ocrx_word' id='word_1_109' title='bbox 275 1817 325 1845; x_wconf 88' lang='lat' dir='ltr'><strong>ex</strong></span> <span class='ocrx_word' id='word_1_110' title='bbox 339 1801 487 1846; x_wconf 90' lang='lat' dir='ltr'><strong>animo</strong></span> <span class='ocrx_word' id='word_1_111' title='bbox 505 1812 689 1860; x_wconf 87' lang='lat' dir='ltr'><strong>uterque</strong></span> <span class='ocrx_word' id='word_1_112' title='bbox 710 1803 895 1848; x_wconf 79' lang='lat' dir='ltr'><strong>amicam</strong></span> <span class='ocrx_word' id='word_1_113' title='bbox 909 1802 1059 1859; x_wconf 81' lang='lat' dir='ltr'><strong>dilige·</strong></span> 
     </span>
     <span class='ocr_line' id='line_1_18' title="bbox 206 1865 1059 1924; baseline 0.002 -17"><span class='ocrx_word' id='word_1_114' title='bbox 206 1865 291 1910; x_wconf 84' lang='lat' dir='ltr'><strong>bat.</strong></span> <span class='ocrx_word' id='word_1_115' title='bbox 309 1882 329 1903; x_wconf 87' lang='lat'>«</span> <span class='ocrx_word' id='word_1_116' title='bbox 349 1868 481 1910; x_wconf 85' lang='lat' dir='ltr'><strong>Nulla</strong></span> <span class='ocrx_word' id='word_1_117' title='bbox 493 1900 504 1919; x_wconf 90' lang='lat'>‚</span> <span class='ocrx_word' id='word_1_118' title='bbox 521 1867 664 1924; x_wconf 88' lang='lat' dir='ltr'><strong>inquit</strong></span> <span class='ocrx_word' id='word_1_119' title='bbox 676 1865 834 1911; x_wconf 83' lang='lat' dir='ltr'><strong>Catull.</strong></span> <span class='ocrx_word' id='word_1_120' title='bbox 847 1876 891 1911; x_wconf 89' lang='lat' dir='ltr'><strong>et</strong></span> <span class='ocrx_word' id='word_1_121' title='bbox 900 1865 1059 1911; x_wconf 87' lang='lat' dir='ltr'><strong>merito</strong></span> 
     </span>
     <span class='ocr_line' id='line_1_19' title="bbox 207 1931 827 1989; baseline 0.005 -14"><span class='ocrx_word' id='word_1_122' title='bbox 207 1931 387 1989; x_wconf 87' lang='lat' dir='ltr'><strong>quidem</strong></span> <span class='ocrx_word' id='word_1_123' title='bbox 404 1965 416 1988; x_wconf 94' lang='lat'>,</span> <span class='ocrx_word' id='word_1_124' title='bbox 439 1949 571 1978; x_wconf 89' lang='lat' dir='ltr'><strong>carm.</strong></span> <span class='ocrx_word' id='word_1_125' title='bbox 595 1947 713 1978; x_wconf 75' lang='lat' dir='ltr'>Lxxv</span> <span class='ocrx_word' id='word_1_126' title='bbox 730 1967 742 1989; x_wconf 91' lang='lat'>,</span> <span class='ocrx_word' id='word_1_127' title='bbox 774 1952 790 1978; x_wconf 87' lang='lat'>1</span> <span class='ocrx_word' id='word_1_128' title='bbox 816 1950 827 1977; x_wconf 89' lang='lat'>:</span> 
     </span>
     <span class='ocr_line' id='line_1_20' title="bbox 206 2008 1018 2052; baseline 0.001 -10"><span class='ocrx_word' id='word_1_129' title='bbox 206 2008 309 2042; x_wconf 73' lang='lat' dir='ltr'><strong>Nun·</strong></span> <span class='ocrx_word' id='word_1_130' title='bbox 321 2016 426 2052; x_wconf 75' lang='lat' dir='ltr'><strong>poten</strong></span> <span class='ocrx_word' id='word_1_131' title='bbox 439 2009 559 2042; x_wconf 74' lang='lat' dir='ltr'><strong>mulier</strong></span> <span class='ocrx_word' id='word_1_132' title='bbox 570 2017 698 2043; x_wconf 65' lang='lat' dir='ltr'><strong>tuntum</strong></span> <span class='ocrx_word' id='word_1_133' title='bbox 713 2022 747 2042; x_wconf 73' lang='lat' dir='ltr'><strong>se</strong></span> <span class='ocrx_word' id='word_1_134' title='bbox 759 2011 867 2043; x_wconf 74' lang='lat' dir='ltr'><strong>dicere</strong></span> <span class='ocrx_word' id='word_1_135' title='bbox 879 2017 1018 2043; x_wconf 69' lang='lat' dir='ltr'><strong>emtum</strong></span> 
     </span>
     <span class='ocr_line' id='line_1_21' title="bbox 245 2070 1057 2113; baseline 0.002 -12"><span class='ocrx_word' id='word_1_136' title='bbox 245 2070 344 2110; x_wconf 68' lang='lat' dir='ltr'><strong>Vere,</strong></span> <span class='ocrx_word' id='word_1_137' title='bbox 355 2076 514 2113; x_wconf 69' lang='lat' dir='ltr'><strong>quantum</strong></span> <span class='ocrx_word' id='word_1_138' title='bbox 527 2082 546 2102; x_wconf 75' lang='grc' dir='ltr'>ι</span> <span class='ocrx_word' id='word_1_139' title='bbox 559 2083 624 2112; x_wconf 81' lang='lat' dir='ltr'><strong>me,</strong></span> <span class='ocrx_word' id='word_1_140' title='bbox 636 2071 770 2110; x_wconf 70' lang='lat' dir='ltr'><strong>Lesbia,</strong></span> <span class='ocrx_word' id='word_1_141' title='bbox 784 2079 905 2112; x_wconf 66' lang='lat' dir='ltr'><strong>amota,</strong></span> <span class='ocrx_word' id='word_1_142' title='bbox 914 2084 998 2112; x_wconf 71' lang='lat' dir='ltr'><strong>mee,</strong></span> <span class='ocrx_word' id='word_1_143' title='bbox 1010 2083 1057 2104; x_wconf 74' lang='lat' dir='ltr'><strong>es.</strong></span> 
     </span>
     <span class='ocr_line' id='line_1_22' title="bbox 207 2131 1057 2193; baseline 0 -15"><span class='ocrx_word' id='word_1_144' title='bbox 207 2131 463 2189; x_wconf 79' lang='lat' dir='ltr'><strong>Propertius</strong></span> <span class='ocrx_word' id='word_1_145' title='bbox 495 2148 668 2191; x_wconf 89' lang='lat' dir='ltr'><strong>quoque</strong></span> <span class='ocrx_word' id='word_1_146' title='bbox 701 2132 756 2178; x_wconf 88' lang='lat' dir='ltr'><strong>ad</strong></span> <span class='ocrx_word' id='word_1_147' title='bbox 788 2131 1029 2193; x_wconf 72' lang='lat' dir='ltr'><strong>Cynthium</strong></span> <span class='ocrx_word' id='word_1_148' title='bbox 1045 2166 1057 2188; x_wconf 90' lang='lat'><strong><em>‚</em></strong></span> 
     </span>
     <span class='ocr_line' id='line_1_23' title="bbox 206 2195 753 2255; baseline 0.002 -15"><span class='ocrx_word' id='word_1_149' title='bbox 206 2195 320 2251; x_wconf 89' lang='lat' dir='ltr'><strong>l.11,</strong></span> <span class='ocrx_word' id='word_1_150' title='bbox 347 2195 470 2255; x_wconf 77' lang='lat' dir='ltr'><strong>Eleg.</strong></span> <span class='ocrx_word' id='word_1_151' title='bbox 493 2210 603 2254; x_wconf 64' lang='lat' dir='ltr'><strong>aux,</strong></span> <span class='ocrx_word' id='word_1_152' title='bbox 626 2213 712 2241; x_wconf 77' lang='lat'><strong>21:</strong></span> <span class='ocrx_word' id='word_1_153' title='bbox 751 2243 753 2248; x_wconf 69' lang='grc'><em>,</em></span> 
     </span>
     <span class='ocr_line' id='line_1_24' title="bbox 205 2276 1026 2323; baseline 0.001 -16"><span class='ocrx_word' id='word_1_154' title='bbox 205 2276 262 2307; x_wconf 74' lang='lat' dir='ltr'><strong>’ru</strong></span> <span class='ocrx_word' id='word_1_155' title='bbox 273 2285 344 2307; x_wconf 75' lang='lat' dir='ltr'><strong>men</strong></span> <span class='ocrx_word' id='word_1_156' title='bbox 356 2286 546 2318; x_wconf 71' lang='lat' dir='ltr'><strong>compones,</strong></span> <span class='ocrx_word' id='word_1_157' title='bbox 565 2282 597 2308; x_wconf 83' lang='lat' dir='ltr'><strong>et</strong></span> <span class='ocrx_word' id='word_1_158' title='bbox 611 2276 698 2308; x_wconf 70' lang='lat' dir='ltr'><strong>dices</strong></span> <span class='ocrx_word' id='word_1_159' title='bbox 717 2287 725 2308; x_wconf 92' lang='lat'>:</span> <span class='ocrx_word' id='word_1_160' title='bbox 741 2286 812 2308; x_wconf 71' lang='lat' dir='ltr'><strong>oon</strong></span> <span class='ocrx_word' id='word_1_161' title='bbox 823 2300 835 2316; x_wconf 92' lang='lat'>,</span> <span class='ocrx_word' id='word_1_162' title='bbox 849 2278 999 2320; x_wconf 79' lang='lat' dir='ltr'><strong>Properti</strong></span> <span class='ocrx_word' id='word_1_163' title='bbox 1013 2301 1026 2323; x_wconf 75' lang='lat'><strong>⁹.</strong></span> 
     </span>
     <span class='ocr_line' id='line_1_25' title="bbox 249 2333 1047 2371; baseline 0.003 -3"><span class='ocrx_word' id='word_1_164' title='bbox 249 2337 329 2368; x_wconf 63' lang='lat' dir='ltr'><strong>Huc</strong></span> <span class='ocrx_word' id='word_1_165' title='bbox 342 2342 399 2368; x_wconf 70' lang='lat' dir='ltr'><strong>tua</strong></span> <span class='ocrx_word' id='word_1_166' title='bbox 412 2338 504 2369; x_wconf 72' lang='lat' dir='ltr'><strong>eum!</strong></span> <span class='ocrx_word' id='word_1_167' title='bbox 520 2336 622 2369; x_wconf 79' lang='lat' dir='ltr'><strong>eheu!</strong></span> <span class='ocrx_word' id='word_1_168' title='bbox 639 2337 770 2370; x_wconf 76' lang='lat' dir='ltr'><strong>mmihi</strong></span> <span class='ocrx_word' id='word_1_169' title='bbox 782 2345 890 2371; x_wconf 75' lang='lat' dir='ltr'><strong>certus</strong></span> <span class='ocrx_word' id='word_1_170' title='bbox 905 2341 992 2370; x_wconf 74' lang='lat' dir='ltr'><strong>ens!</strong></span> <span class='ocrx_word' id='word_1_171' title='bbox 1042 2333 1047 2343; x_wconf 76' lang='lat'><strong>¹</strong></span> 
     </span>
     <span class='ocr_line' id='line_1_26' title="bbox 210 2397 606 2445; baseline 0 -15"><span class='ocrx_word' id='word_1_172' title='bbox 210 2398 324 2430; x_wconf 73' lang='lat' dir='ltr'><strong>cortu·</strong></span> <span class='ocrx_word' id='word_1_173' title='bbox 336 2409 409 2430; x_wconf 77' lang='lat' dir='ltr'><strong>eru</strong></span> <span class='ocrx_word' id='word_1_174' title='bbox 421 2397 522 2445; x_wconf 59' lang='lat' dir='ltr'><strong>eheu!</strong></span> <span class='ocrx_word' id='word_1_175' title='bbox 543 2404 606 2430; x_wconf 75' lang='lat' dir='ltr'><strong>ete.</strong></span> 
     </span>
     <span class='ocr_line' id='line_1_27' title="bbox 209 2460 1061 2516; baseline 0.006 -15"><span class='ocrx_word' id='word_1_176' title='bbox 209 2479 265 2492; x_wconf 87' lang='lat'><strong>-·</strong></span> <span class='ocrx_word' id='word_1_177' title='bbox 292 2460 523 2516; x_wconf 76' lang='lat' dir='ltr'><strong>Pectusque</strong></span> <span class='ocrx_word' id='word_1_178' title='bbox 551 2461 638 2503; x_wconf 70' lang='lat' dir='ltr'><strong>leve</strong></span> <span class='ocrx_word' id='word_1_179' title='bbox 667 2464 712 2504; x_wconf 80' lang='lat' dir='ltr'><strong>iu</strong></span> <span class='ocrx_word' id='word_1_180' title='bbox 743 2466 954 2505; x_wconf 76' lang='lat' dir='ltr'><strong>contraria</strong></span> <span class='ocrx_word' id='word_1_181' title='bbox 982 2465 1061 2506; x_wconf 86' lang='lat' dir='ltr'><strong>du-</strong></span> 
     </span>
     <span class='ocr_line' id='line_1_28' title="bbox 209 2520 1061 2581; baseline 0.008 -15"><span class='ocrx_word' id='word_1_182' title='bbox 209 2530 321 2567; x_wconf 84' lang='lat' dir='ltr'><strong>cunt.</strong></span> <span class='ocrx_word' id='word_1_183' title='bbox 332 2525 463 2569; x_wconf 89' lang='lat' dir='ltr'><strong>Unus</strong></span> <span class='ocrx_word' id='word_1_184' title='bbox 479 2524 705 2569; x_wconf 73' lang='lat' dir='ltr'><strong>Mass&#39;eian.</strong></span> <span class='ocrx_word' id='word_1_185' title='bbox 718 2559 730 2581; x_wconf 93' lang='lat'>,</span> <span class='ocrx_word' id='word_1_186' title='bbox 750 2520 939 2571; x_wconf 70' lang='lat' dir='ltr'><strong>vertunt:</strong></span> <span class='ocrx_word' id='word_1_187' title='bbox 954 2528 1061 2573; x_wconf 84' lang='lat' dir='ltr'><strong>alter</strong></span> 
     </span>
     <span class='ocr_line' id='line_1_29' title="bbox 211 2589 1060 2646; baseline 0.009 -15"><span class='ocrx_word' id='word_1_188' title='bbox 211 2605 336 2646; x_wconf 84' lang='lat' dir='ltr'><strong>vero,</strong></span> <span class='ocrx_word' id='word_1_189' title='bbox 365 2593 549 2634; x_wconf 83' lang='lat' dir='ltr'><strong>tendunt.</strong></span> <span class='ocrx_word' id='word_1_190' title='bbox 574 2589 706 2636; x_wconf 72' lang='lat' dir='ltr'><strong>Clor.</strong></span> <span class='ocrx_word' id='word_1_191' title='bbox 744 2595 937 2636; x_wconf 80' lang='lat' dir='ltr'><strong>Tendunt</strong></span> <span class='ocrx_word' id='word_1_192' title='bbox 953 2611 1060 2639; x_wconf 88' lang='lat' dir='ltr'><strong>me-</strong></span> 
     </span>
     <span class='ocr_line' id='line_1_30' title="bbox 209 2655 1058 2714; baseline 0.006 -14"><span class='ocrx_word' id='word_1_193' title='bbox 209 2655 339 2701; x_wconf 76' lang='lat' dir='ltr'><strong>liores</strong></span> <span class='ocrx_word' id='word_1_194' title='bbox 356 2672 372 2701; x_wconf 76' lang='lat' dir='ltr'><strong>t·</strong></span> <span class='ocrx_word' id='word_1_195' title='bbox 387 2656 591 2701; x_wconf 84' lang='lat' dir='ltr'><strong>nonnulli</strong></span> <span class='ocrx_word' id='word_1_196' title='bbox 612 2690 624 2713; x_wconf 87' lang='lat'>,</span> <span class='ocrx_word' id='word_1_197' title='bbox 653 2664 827 2702; x_wconf 78' lang='lat' dir='ltr'><strong>vertunt.</strong></span> <span class='ocrx_word' id='word_1_198' title='bbox 856 2659 987 2704; x_wconf 85' lang='lat' dir='ltr'><strong>Trist.</strong></span> <span class='ocrx_word' id='word_1_199' title='bbox 1012 2662 1033 2706; x_wconf 90' lang='lat'>1</span> <span class='ocrx_word' id='word_1_200' title='bbox 1046 2692 1058 2714; x_wconf 83' lang='lat'><em>‚</em></span> 
     </span>
     <span class='ocr_line' id='line_1_31' title="bbox 210 2723 1063 2783; baseline 0.006 -15"><span class='ocrx_word' id='word_1_201' title='bbox 210 2723 334 2783; x_wconf 80' lang='lat' dir='ltr'><strong>Eleg.</strong></span> <span class='ocrx_word' id='word_1_202' title='bbox 348 2737 422 2779; x_wconf 84' lang='lat'>111,</span> <span class='ocrx_word' id='word_1_203' title='bbox 438 2724 514 2782; x_wconf 81' lang='lat'><strong>73:</strong></span> <span class='ocrx_word' id='word_1_204' title='bbox 537 2725 654 2769; x_wconf 79' lang='lat' dir='ltr'><strong>Tunc</strong></span> <span class='ocrx_word' id='word_1_205' title='bbox 665 2741 787 2783; x_wconf 81' lang='lat' dir='ltr'><strong>quum</strong></span> <span class='ocrx_word' id='word_1_206' title='bbox 795 2731 840 2769; x_wconf 78' lang='lat' dir='ltr'><strong>in</strong></span> <span class='ocrx_word' id='word_1_207' title='bbox 850 2734 1063 2774; x_wconf 71' lang='lat' dir='ltr'><strong>contraria</strong></span> 
     </span>
     <span class='ocr_line' id='line_1_32' title="bbox 210 2792 1062 2855; baseline 0.007 -20"><span class='ocrx_word' id='word_1_208' title='bbox 210 2806 368 2835; x_wconf 52' lang='lat' dir='ltr'><strong>ursum</strong></span> <span class='ocrx_word' id='word_1_209' title='bbox 394 2792 607 2850; x_wconf 74' lang='lat' dir='ltr'><strong>Sequenti</strong></span> <span class='ocrx_word' id='word_1_210' title='bbox 640 2809 770 2838; x_wconf 84' lang='lat' dir='ltr'><strong>versu</strong></span> <span class='ocrx_word' id='word_1_211' title='bbox 799 2799 936 2840; x_wconf 76' lang='lat' dir='ltr'><strong>vincit</strong></span> <span class='ocrx_word' id='word_1_212' title='bbox 947 2830 959 2848; x_wconf 91' lang='lat'><strong>,</strong></span> <span class='ocrx_word' id='word_1_213' title='bbox 980 2813 1062 2855; x_wconf 88' lang='lat' dir='ltr'><strong>pro</strong></span> 
     </span>
    </p>
   </div>
   <div class='ocr_carea' id='block_1_7' title="bbox 210 2857 1066 2918">
    <p class='ocr_par' dir='ltr' id='par_1_9' title="bbox 210 2857 1066 2918">
     <span class='ocr_line' id='line_1_33' title="bbox 210 2857 1066 2918; baseline 0.012 -17"><span class='ocrx_word' id='word_1_214' title='bbox 210 2863 370 2911; x_wconf 54' lang='lat' dir='ltr'><strong>vacet,</strong></span> <span class='ocrx_word' id='word_1_215' title='bbox 388 2857 526 2904; x_wconf 78' lang='lat' dir='ltr'><strong>iidem</strong></span> <span class='ocrx_word' id='word_1_216' title='bbox 546 2862 880 2918; x_wconf 64' lang='lat' dir='ltr'><strong>praestantiores.</strong></span> <span class='ocrx_word' id='word_1_217' title='bbox 895 2864 1066 2911; x_wconf 64' lang='lat' dir='ltr'><strong>Herus.</strong></span> 
     </span>
    </p>
   </div>
   <div class='ocr_carea' id='block_1_8' title="bbox 209 2923 1065 3501">
    <p class='ocr_par' dir='ltr' id='par_1_10' title="bbox 209 2923 886 2979">
     <span class='ocr_line' id='line_1_34' title="bbox 209 2923 886 2979; baseline 0.007 -14"><span class='ocrx_word' id='word_1_218' title='bbox 209 2923 443 2979; x_wconf 66' lang='lat' dir='ltr'><strong>Pactu-que</strong></span> <span class='ocrx_word' id='word_1_219' title='bbox 458 2939 589 2969; x_wconf 74' lang='lat' dir='ltr'><strong>mum</strong></span> <span class='ocrx_word' id='word_1_220' title='bbox 602 2959 614 2978; x_wconf 93' lang='lat'>,</span> <span class='ocrx_word' id='word_1_221' title='bbox 635 2925 886 2972; x_wconf 87' lang='lat' dir='ltr'><strong>Bemensis.</strong></span> 
     </span>
    </p>

    <p class='ocr_par' dir='ltr' id='par_1_11' title="bbox 210 2986 1065 3501">
     <span class='ocr_line' id='line_1_35' title="bbox 227 2986 1060 3044; baseline 0.011 -16"><span class='ocrx_word' id='word_1_222' title='bbox 227 3023 231 3027; x_wconf 94' lang='lat'>.</span> <span class='ocrx_word' id='word_1_223' title='bbox 265 2986 422 3030; x_wconf 62' lang='lat'>35-3&amp;</span> <span class='ocrx_word' id='word_1_224' title='bbox 447 2989 608 3040; x_wconf 80' lang='lat' dir='ltr'><strong>odem,</strong></span> <span class='ocrx_word' id='word_1_225' title='bbox 629 2995 827 3044; x_wconf 81' lang='lat' dir='ltr'><strong>sipotem</strong></span> <span class='ocrx_word' id='word_1_226' title='bbox 843 3001 925 3037; x_wconf 77' lang='lat' dir='ltr'><strong>etc.</strong></span> <span class='ocrx_word' id='word_1_227' title='bbox 954 2993 1060 3037; x_wconf 87' lang='lat' dir='ltr'><strong>Dis-</strong></span> 
     </span>
     <span class='ocr_line' id='line_1_36' title="bbox 212 3052 1065 3113; baseline 0.009 -17"><span class='ocrx_word' id='word_1_228' title='bbox 212 3052 366 3097; x_wconf 76' lang='lat' dir='ltr'><strong>tichon</strong></span> <span class='ocrx_word' id='word_1_229' title='bbox 386 3053 472 3098; x_wconf 82' lang='lat' dir='ltr'><strong>hoc</strong></span> <span class='ocrx_word' id='word_1_230' title='bbox 491 3052 701 3101; x_wconf 79' lang='lat' dir='ltr'><strong>Heinsius</strong></span> <span class='ocrx_word' id='word_1_231' title='bbox 714 3071 865 3113; x_wconf 76' lang='lat' dir='ltr'><strong>parum</strong></span> <span class='ocrx_word' id='word_1_232' title='bbox 886 3061 1065 3103; x_wconf 61' lang='lat' dir='ltr'><strong>Ouidia-</strong></span> 
     </span>
     <span class='ocr_line' id='line_1_37' title="bbox 210 3117 1063 3179; baseline 0.011 -20"><span class='ocrx_word' id='word_1_233' title='bbox 210 3133 310 3160; x_wconf 81' lang='lat' dir='ltr'><strong>num</strong></span> <span class='ocrx_word' id='word_1_234' title='bbox 327 3125 487 3162; x_wconf 79' lang='lat' dir='ltr'><strong>censet.</strong></span> <span class='ocrx_word' id='word_1_235' title='bbox 509 3117 606 3162; x_wconf 82' lang='lat' dir='ltr'><strong>Cur</strong></span> <span class='ocrx_word' id='word_1_236' title='bbox 625 3122 775 3164; x_wconf 74' lang='lat' dir='ltr'><strong>autem·</strong></span> <span class='ocrx_word' id='word_1_237' title='bbox 790 3154 802 3176; x_wconf 90' lang='lat'>,</span> <span class='ocrx_word' id='word_1_238' title='bbox 823 3137 961 3179; x_wconf 87' lang='lat' dir='ltr'><strong>quum</strong></span> <span class='ocrx_word' id='word_1_239' title='bbox 980 3125 1063 3168; x_wconf 90' lang='lat' dir='ltr'><strong>ni·-</strong></span> 
     </span>
     <span class='ocr_line' id='line_1_38' title="bbox 212 3180 1064 3246; baseline 0.009 -22"><span class='ocrx_word' id='word_1_240' title='bbox 212 3180 274 3224; x_wconf 80' lang='lat' dir='ltr'><strong>hil</strong></span> <span class='ocrx_word' id='word_1_241' title='bbox 286 3181 444 3228; x_wconf 82' lang='lat' dir='ltr'><strong>habeat</strong></span> <span class='ocrx_word' id='word_1_242' title='bbox 457 3216 468 3237; x_wconf 89' lang='lat'>,</span> <span class='ocrx_word' id='word_1_243' title='bbox 489 3183 607 3239; x_wconf 88' lang='lat' dir='ltr'><strong>quod</strong></span> <span class='ocrx_word' id='word_1_244' title='bbox 624 3199 718 3228; x_wconf 87' lang='lat' dir='ltr'><strong>non</strong></span> <span class='ocrx_word' id='word_1_245' title='bbox 740 3187 926 3230; x_wconf 85' lang='lat' dir='ltr'><strong>auctoris</strong></span> <span class='ocrx_word' id='word_1_246' title='bbox 938 3187 1064 3246; x_wconf 80' lang='lat' dir='ltr'><strong>inge-</strong></span> 
     </span>
     <span class='ocr_line' id='line_1_39' title="bbox 212 3244 1065 3302; baseline 0.009 -14"><span class='ocrx_word' id='word_1_247' title='bbox 212 3244 340 3289; x_wconf 87' lang='lat' dir='ltr'><strong>nium</strong></span> <span class='ocrx_word' id='word_1_248' title='bbox 357 3247 521 3291; x_wconf 79' lang='lat' dir='ltr'><strong>reserat</strong></span> <span class='ocrx_word' id='word_1_249' title='bbox 537 3280 550 3302; x_wconf 86' lang='lat'><strong><em>‚</em></strong></span> <span class='ocrx_word' id='word_1_250' title='bbox 575 3256 622 3291; x_wconf 83' lang='lat' dir='ltr'><strong>et</strong></span> <span class='ocrx_word' id='word_1_251' title='bbox 636 3248 856 3294; x_wconf 83' lang='lat' dir='ltr'><strong>scribendi</strong></span> <span class='ocrx_word' id='word_1_252' title='bbox 877 3252 1065 3296; x_wconf 82' lang='lat' dir='ltr'><strong>modum</strong></span> 
     </span>
     <span class='ocr_line' id='line_1_40' title="bbox 212 3309 1064 3368; baseline 0.009 -14"><span class='ocrx_word' id='word_1_253' title='bbox 212 3309 295 3368; x_wconf 83' lang='lat' dir='ltr'><strong>ipsi</strong></span> <span class='ocrx_word' id='word_1_254' title='bbox 306 3311 660 3357; x_wconf 81' lang='lat' dir='ltr'><strong>usitatissimum?</strong></span> <span class='ocrx_word' id='word_1_255' title='bbox 673 3315 890 3359; x_wconf 74' lang='lat' dir='ltr'><strong>-Inoitus</strong></span> <span class='ocrx_word' id='word_1_256' title='bbox 900 3319 1064 3362; x_wconf 80' lang='lat' dir='ltr'><strong>amabo.</strong></span> 
     </span>
     <span class='ocr_line' id='line_1_41' title="bbox 217 3374 1064 3439; baseline 0.009 -21"><span class='ocrx_word' id='word_1_257' title='bbox 217 3374 290 3419; x_wconf 88' lang='lat' dir='ltr'><strong>Sic</strong></span> <span class='ocrx_word' id='word_1_258' title='bbox 310 3375 401 3419; x_wconf 87' lang='lat' dir='ltr'><strong>sere</strong></span> <span class='ocrx_word' id='word_1_259' title='bbox 426 3375 584 3421; x_wconf 88' lang='lat' dir='ltr'><strong>Catull.</strong></span> <span class='ocrx_word' id='word_1_260' title='bbox 605 3378 651 3421; x_wconf 87' lang='lat' dir='ltr'><strong>in</strong></span> <span class='ocrx_word' id='word_1_261' title='bbox 676 3378 801 3422; x_wconf 83' lang='lat' dir='ltr'><strong>suam</strong></span> <span class='ocrx_word' id='word_1_262' title='bbox 830 3379 1028 3425; x_wconf 82' lang='lat' dir='ltr'><strong>Lesbiam</strong></span> <span class='ocrx_word' id='word_1_263' title='bbox 1050 3416 1064 3439; x_wconf 84' lang='lat'><strong>,</strong></span> 
     </span>
     <span class='ocr_line' id='line_1_42' title="bbox 218 3454 871 3501; baseline 0.011 -18"><span class='ocrx_word' id='word_1_264' title='bbox 218 3456 349 3496; x_wconf 81' lang='lat' dir='ltr'><strong>carm.</strong></span> <span class='ocrx_word' id='word_1_265' title='bbox 375 3457 524 3491; x_wconf 73' lang='lat' dir='ltr'>Lxxxv</span> <span class='ocrx_word' id='word_1_266' title='bbox 544 3477 556 3501; x_wconf 88' lang='lat'>,</span> <span class='ocrx_word' id='word_1_267' title='bbox 581 3461 690 3489; x_wconf 89' lang='lat' dir='ltr'><strong>vers.</strong></span> <span class='ocrx_word' id='word_1_268' title='bbox 715 3462 731 3489; x_wconf 87' lang='lat'>1</span> <span class='ocrx_word' id='word_1_269' title='bbox 756 3454 802 3489; x_wconf 81' lang='lat' dir='ltr'><strong>et</strong></span> <span class='ocrx_word' id='word_1_270' title='bbox 823 3462 871 3490; x_wconf 80' lang='lat'><strong>2:</strong></span> 
     </span>
    </p>
   </div>
   <div class='ocr_carea' id='block_1_9' title="bbox 1138 1675 1991 1778">
    <p class='ocr_par' dir='ltr' id='par_1_12' title="bbox 1138 1675 1991 1778">
     <span class='ocr_line' id='line_1_43' title="bbox 1138 1675 1991 1722; baseline -0.009 -9"><span class='ocrx_word' id='word_1_271' title='bbox 1138 1680 1203 1713; x_wconf 85' lang='lat' dir='ltr'><strong>Odi</strong></span> <span class='ocrx_word' id='word_1_272' title='bbox 1215 1687 1247 1711; x_wconf 84' lang='lat' dir='ltr'><strong>et</strong></span> <span class='ocrx_word' id='word_1_273' title='bbox 1260 1690 1333 1713; x_wconf 69' lang='lat' dir='ltr'><strong>amo</strong></span> <span class='ocrx_word' id='word_1_274' title='bbox 1349 1691 1358 1712; x_wconf 74' lang='grc' dir='ltr'><strong><em>ε</em></strong></span> <span class='ocrx_word' id='word_1_275' title='bbox 1373 1690 1475 1722; x_wconf 67' lang='lat' dir='ltr'><strong>quare</strong></span> <span class='ocrx_word' id='word_1_276' title='bbox 1489 1679 1523 1710; x_wconf 80' lang='lat' dir='ltr'><strong>id</strong></span> <span class='ocrx_word' id='word_1_277' title='bbox 1537 1677 1654 1710; x_wconf 66' lang='lat' dir='ltr'><strong>suetam</strong></span> <span class='ocrx_word' id='word_1_278' title='bbox 1665 1702 1674 1717; x_wconf 93' lang='lat'><em>,</em></span> <span class='ocrx_word' id='word_1_279' title='bbox 1689 1676 1826 1709; x_wconf 66' lang='lat' dir='ltr'><strong>sortasse</strong></span> <span class='ocrx_word' id='word_1_280' title='bbox 1842 1675 1991 1718; x_wconf 59' lang='lat' dir='ltr'><strong>requiris.</strong></span> 
     </span>
     <span class='ocr_line' id='line_1_44' title="bbox 1181 1741 1627 1778; baseline -0.009 -3"><span class='ocrx_word' id='word_1_281' title='bbox 1181 1741 1302 1775; x_wconf 68' lang='lat' dir='ltr'><strong>Nescio</strong></span> <span class='ocrx_word' id='word_1_282' title='bbox 1320 1752 1328 1773; x_wconf 88' lang='lat'><strong>:</strong></span> <span class='ocrx_word' id='word_1_283' title='bbox 1344 1741 1400 1773; x_wconf 67' lang='lat' dir='ltr'><strong>ted</strong></span> <span class='ocrx_word' id='word_1_284' title='bbox 1413 1741 1482 1773; x_wconf 74' lang='lat' dir='ltr'><strong>fieri</strong></span> <span class='ocrx_word' id='word_1_285' title='bbox 1501 1741 1604 1772; x_wconf 69' lang='lat' dir='ltr'><strong>sentio</strong></span> <span class='ocrx_word' id='word_1_286' title='bbox 1618 1764 1627 1778; x_wconf 82' lang='lat'>‚</span> 
     </span>
    </p>
   </div>
   <div class='ocr_carea' id='block_1_10' title="bbox 1133 1802 2025 2319">
    <p class='ocr_par' dir='ltr' id='par_1_13' title="bbox 1133 1802 2025 2319">
     <span class='ocr_line' id='line_1_45' title="bbox 1196 1802 1995 1860; baseline -0.006 -14"><span class='ocrx_word' id='word_1_287' title='bbox 1196 1803 1262 1860; x_wconf 82' lang='lat'><strong>37.</strong></span> <span class='ocrx_word' id='word_1_288' title='bbox 1285 1804 1479 1846; x_wconf 76' lang='lat' dir='ltr'><strong>Reduct&#39;t.</strong></span> <span class='ocrx_word' id='word_1_289' title='bbox 1500 1804 1700 1847; x_wconf 71' lang='lat' dir='ltr'><strong>Beducet</strong></span> <span class='ocrx_word' id='word_1_290' title='bbox 1733 1802 1995 1845; x_wconf 83' lang='lat' dir='ltr'><strong>Puteaneus.</strong></span> 
     </span>
     <span class='ocr_line' id='line_1_46' title="bbox 1196 1868 1996 1913; baseline -0.005 -2"><span class='ocrx_word' id='word_1_291' title='bbox 1196 1868 1261 1912; x_wconf 85' lang='lat'><strong>38.</strong></span> <span class='ocrx_word' id='word_1_292' title='bbox 1293 1869 1477 1913; x_wconf 70' lang='lat' dir='ltr'><strong>Aversor</strong></span> <span class='ocrx_word' id='word_1_293' title='bbox 1496 1882 1652 1911; x_wconf 84' lang='lat' dir='ltr'><strong>morum</strong></span> <span class='ocrx_word' id='word_1_294' title='bbox 1672 1870 1849 1910; x_wconf 73' lang='lat' dir='ltr'><strong>crimina</strong></span> <span class='ocrx_word' id='word_1_295' title='bbox 1866 1883 1878 1908; x_wconf 91' lang='lat'><strong>.·</strong></span> <span class='ocrx_word' id='word_1_296' title='bbox 1901 1882 1996 1908; x_wconf 87' lang='lat' dir='ltr'><strong>cor-</strong></span> 
     </span>
     <span class='ocr_line' id='line_1_47' title="bbox 1133 1934 1991 1991; baseline -0.003 -12"><span class='ocrx_word' id='word_1_297' title='bbox 1133 1951 1218 1991; x_wconf 83' lang='lat' dir='ltr'><strong>pus</strong></span> <span class='ocrx_word' id='word_1_298' title='bbox 1234 1952 1341 1979; x_wconf 81' lang='lat' dir='ltr'><strong>amo.</strong></span> <span class='ocrx_word' id='word_1_299' title='bbox 1364 1936 1481 1980; x_wconf 78' lang='lat' dir='ltr'><strong>Rara</strong></span> <span class='ocrx_word' id='word_1_300' title='bbox 1502 1934 1612 1979; x_wconf 87' lang='lat' dir='ltr'><strong>adeo</strong></span> <span class='ocrx_word' id='word_1_301' title='bbox 1633 1936 1787 1978; x_wconf 70' lang='lat' dir='ltr'><strong>sormae</strong></span> <span class='ocrx_word' id='word_1_302' title='bbox 1807 1950 1991 1978; x_wconf 81' lang='lat' dir='ltr'><strong>concor-</strong></span> 
     </span>
     <span class='ocr_line' id='line_1_48' title="bbox 1141 1999 1992 2059; baseline -0.004 -15"><span class='ocrx_word' id='word_1_303' title='bbox 1141 2000 1211 2044; x_wconf 86' lang='lat' dir='ltr'><strong>dia</strong></span> <span class='ocrx_word' id='word_1_304' title='bbox 1242 2010 1288 2045; x_wconf 84' lang='lat' dir='ltr'><strong>et</strong></span> <span class='ocrx_word' id='word_1_305' title='bbox 1315 1999 1532 2059; x_wconf 72' lang='lat' dir='ltr'><strong>pudicitiae</strong></span> <span class='ocrx_word' id='word_1_306' title='bbox 1548 2034 1561 2056; x_wconf 85' lang='lat'><em>,</em></span> <span class='ocrx_word' id='word_1_307' title='bbox 1581 2009 1632 2044; x_wconf 84' lang='lat' dir='ltr'><strong>ut</strong></span> <span class='ocrx_word' id='word_1_308' title='bbox 1660 2000 1815 2057; x_wconf 63' lang='lat' dir='ltr'><strong>sepius</strong></span> <span class='ocrx_word' id='word_1_309' title='bbox 1843 2014 1992 2054; x_wconf 74' lang='lat' dir='ltr'><strong>corpus</strong></span> 
     </span>
     <span class='ocr_line' id='line_1_49' title="bbox 1141 2066 2025 2125; baseline -0.005 -17"><span class='ocrx_word' id='word_1_310' title='bbox 1141 2080 1259 2110; x_wconf 84' lang='lat' dir='ltr'><strong>ames</strong></span> <span class='ocrx_word' id='word_1_311' title='bbox 1274 2100 1286 2122; x_wconf 89' lang='lat'>,</span> <span class='ocrx_word' id='word_1_312' title='bbox 1308 2066 1410 2125; x_wconf 86' lang='lat' dir='ltr'><strong>quia</strong></span> <span class='ocrx_word' id='word_1_313' title='bbox 1431 2066 1702 2114; x_wconf 76' lang='lat' dir='ltr'><strong>formosum;</strong></span> <span class='ocrx_word' id='word_1_314' title='bbox 1727 2080 1874 2108; x_wconf 86' lang='lat' dir='ltr'><strong>mores</strong></span> <span class='ocrx_word' id='word_1_315' title='bbox 1904 2079 1992 2105; x_wconf 88' lang='lat' dir='ltr'><strong>au-</strong></span> <span class='ocrx_word' id='word_1_316' title='bbox 2020 2072 2025 2075; x_wconf 88' lang='lat'>&#39;</span> 
     </span>
     <span class='ocr_line' id='line_1_50' title="bbox 1139 2127 1993 2188; baseline -0.007 -13"><span class='ocrx_word' id='word_1_317' title='bbox 1139 2138 1230 2175; x_wconf 84' lang='lat' dir='ltr'><strong>tem</strong></span> <span class='ocrx_word' id='word_1_318' title='bbox 1246 2133 1471 2186; x_wconf 77' lang='lat' dir='ltr'><strong>averseris,</strong></span> <span class='ocrx_word' id='word_1_319' title='bbox 1485 2132 1586 2188; x_wconf 87' lang='lat' dir='ltr'><strong>quia</strong></span> <span class='ocrx_word' id='word_1_320' title='bbox 1599 2129 1717 2188; x_wconf 85' lang='lat' dir='ltr'><strong>pravi</strong></span> <span class='ocrx_word' id='word_1_321' title='bbox 1730 2139 1803 2173; x_wconf 88' lang='lat' dir='ltr'><strong>aut</strong></span> <span class='ocrx_word' id='word_1_322' title='bbox 1818 2127 1993 2184; x_wconf 78' lang='lat' dir='ltr'><strong>illepidi.</strong></span> 
     </span>
     <span class='ocr_line' id='line_1_51' title="bbox 1195 2194 1995 2257; baseline -0.009 -15"><span class='ocrx_word' id='word_1_323' title='bbox 1195 2198 1261 2257; x_wconf 74' lang='lat'><strong>39.</strong></span> <span class='ocrx_word' id='word_1_324' title='bbox 1291 2199 1363 2241; x_wconf 70' lang='lat' dir='ltr'><em>Sic.-</em></span> <span class='ocrx_word' id='word_1_325' title='bbox 1388 2213 1466 2253; x_wconf 52' lang='grc' dir='ltr'><strong>σεο</strong></span> <span class='ocrx_word' id='word_1_326' title='bbox 1491 2213 1567 2240; x_wconf 81' lang='lat' dir='ltr'><strong>nec</strong></span> <span class='ocrx_word' id='word_1_327' title='bbox 1594 2201 1686 2240; x_wconf 78' lang='lat' dir='ltr'><strong>sine</strong></span> <span class='ocrx_word' id='word_1_328' title='bbox 1714 2201 1766 2238; x_wconf 85' lang='lat' dir='ltr'><strong>te.</strong></span> <span class='ocrx_word' id='word_1_329' title='bbox 1795 2194 1995 2238; x_wconf 71' lang='lat' dir='ltr'><strong>Imitatus</strong></span> 
     </span>
     <span class='ocr_line' id='line_1_52' title="bbox 1140 2261 1992 2319; baseline -0.007 -11"><span class='ocrx_word' id='word_1_330' title='bbox 1140 2265 1353 2308; x_wconf 71' lang='lat' dir='ltr'><strong>verbatim</strong></span> <span class='ocrx_word' id='word_1_331' title='bbox 1369 2263 1471 2308; x_wconf 87' lang='lat' dir='ltr'><strong>inde</strong></span> <span class='ocrx_word' id='word_1_332' title='bbox 1493 2262 1626 2307; x_wconf 81' lang='lat' dir='ltr'><strong>Mart.</strong></span> <span class='ocrx_word' id='word_1_333' title='bbox 1647 2276 1732 2315; x_wconf 69' lang='grc' dir='ltr'><strong>ιιι,</strong></span> <span class='ocrx_word' id='word_1_334' title='bbox 1748 2261 1830 2319; x_wconf 89' lang='lat' dir='ltr'><strong>Ep.</strong></span> <span class='ocrx_word' id='word_1_335' title='bbox 1844 2274 1992 2315; x_wconf 65' lang='lat' dir='ltr'><strong>xnvn:</strong></span> 
     </span>
    </p>
   </div>
   <div class='ocr_carea' id='block_1_11' title="bbox 1139 2331 1971 2381">
    <p class='ocr_par' dir='ltr' id='par_1_14' title="bbox 1139 2331 1971 2381">
     <span class='ocr_line' id='line_1_53' title="bbox 1139 2331 1971 2381; baseline -0.006 -9"><span class='ocrx_word' id='word_1_336' title='bbox 1139 2338 1307 2379; x_wconf 63' lang='lat' dir='ltr'><strong>Difficilis,</strong></span> <span class='ocrx_word' id='word_1_337' title='bbox 1325 2339 1430 2371; x_wconf 74' lang='lat' dir='ltr'><strong>facilis</strong></span> <span class='ocrx_word' id='word_1_338' title='bbox 1439 2363 1450 2378; x_wconf 92' lang='lat'><em>,</em></span> <span class='ocrx_word' id='word_1_339' title='bbox 1466 2331 1632 2381; x_wconf 56' lang='lat' dir='ltr'><strong>jucundus</strong></span> <span class='ocrx_word' id='word_1_340' title='bbox 1644 2361 1655 2376; x_wconf 90' lang='lat'>‚</span> <span class='ocrx_word' id='word_1_341' title='bbox 1671 2338 1807 2369; x_wconf 68' lang='lat' dir='ltr'><strong>acerbus</strong></span> <span class='ocrx_word' id='word_1_342' title='bbox 1818 2349 1852 2368; x_wconf 79' lang='lat' dir='ltr'><strong>es</strong></span> <span class='ocrx_word' id='word_1_343' title='bbox 1865 2337 1950 2368; x_wconf 78' lang='lat' dir='ltr'><strong>idem</strong></span> <span class='ocrx_word' id='word_1_344' title='bbox 1964 2350 1971 2374; x_wconf 85' lang='lat'>;</span> 
     </span>
    </p>
   </div>
   <div class='ocr_carea' id='block_1_12' title="bbox 1658 1738 1891 1771">
    <p class='ocr_par' dir='ltr' id='par_1_15' title="bbox 1658 1738 1891 1771">
     <span class='ocr_line' id='line_1_54' title="bbox 1658 1738 1891 1771; baseline -0.004 -1"><span class='ocrx_word' id='word_1_345' title='bbox 1658 1746 1690 1770; x_wconf 79' lang='lat' dir='ltr'><strong>et</strong></span> <span class='ocrx_word' id='word_1_346' title='bbox 1710 1738 1891 1771; x_wconf 69' lang='lat' dir='ltr'><strong>exon-cior-</strong></span> 
     </span>
    </p>
   </div>
   <div class='ocr_carea' id='block_1_13' title="bbox 1180 2400 1906 2442">
    <p class='ocr_par' dir='ltr' id='par_1_16' title="bbox 1180 2400 1906 2442">
     <span class='ocr_line' id='line_1_55' title="bbox 1180 2400 1906 2442; baseline -0.004 -9"><span class='ocrx_word' id='word_1_347' title='bbox 1180 2402 1252 2433; x_wconf 83' lang='lat' dir='ltr'><strong>Nec</strong></span> <span class='ocrx_word' id='word_1_348' title='bbox 1263 2409 1372 2433; x_wconf 65' lang='lat' dir='ltr'><strong>tecum</strong></span> <span class='ocrx_word' id='word_1_349' title='bbox 1385 2411 1521 2442; x_wconf 73' lang='lat' dir='ltr'><strong>possum</strong></span> <span class='ocrx_word' id='word_1_350' title='bbox 1541 2401 1655 2432; x_wconf 69' lang='lat' dir='ltr'><strong>vivere</strong></span> <span class='ocrx_word' id='word_1_351' title='bbox 1667 2424 1680 2440; x_wconf 88' lang='lat'><em>,</em></span> <span class='ocrx_word' id='word_1_352' title='bbox 1699 2411 1759 2431; x_wconf 77' lang='lat' dir='ltr'><strong>nec</strong></span> <span class='ocrx_word' id='word_1_353' title='bbox 1774 2400 1845 2431; x_wconf 65' lang='lat' dir='ltr'><strong>uine</strong></span> <span class='ocrx_word' id='word_1_354' title='bbox 1862 2406 1906 2431; x_wconf 77' lang='grc' dir='ltr'><strong>ιε.</strong></span> 
     </span>
    </p>
   </div>
   <div class='ocr_carea' id='block_1_14' title="bbox 1129 2461 2000 3505">
    <p class='ocr_par' dir='ltr' id='par_1_17' title="bbox 1129 2461 1996 2719">
     <span class='ocr_line' id='line_1_56' title="bbox 1142 2461 1996 2522; baseline -0.005 -15"><span class='ocrx_word' id='word_1_355' title='bbox 1142 2463 1202 2508; x_wconf 88' lang='lat' dir='ltr'><strong>Et</strong></span> <span class='ocrx_word' id='word_1_356' title='bbox 1223 2463 1351 2522; x_wconf 85' lang='lat' dir='ltr'><strong>paulo</strong></span> <span class='ocrx_word' id='word_1_357' title='bbox 1371 2463 1485 2506; x_wconf 81' lang='lat' dir='ltr'><strong>infra</strong></span> <span class='ocrx_word' id='word_1_358' title='bbox 1508 2463 1695 2515; x_wconf 79' lang='lat' dir='ltr'><strong>Noster3</strong></span> <span class='ocrx_word' id='word_1_359' title='bbox 1718 2468 1797 2505; x_wconf 86' lang='lat' dir='ltr'><strong>aut</strong></span> <span class='ocrx_word' id='word_1_360' title='bbox 1798 2461 1996 2518; x_wconf 79' lang='lat' dir='ltr'><strong>formosa</strong></span> 
     </span>
     <span class='ocr_line' id='line_1_57' title="bbox 1129 2530 1991 2588; baseline -0.003 -13"><span class='ocrx_word' id='word_1_361' title='bbox 1129 2530 1254 2588; x_wconf 79' lang='lat' dir='ltr'><strong>sores</strong></span> <span class='ocrx_word' id='word_1_362' title='bbox 1284 2530 1421 2573; x_wconf 70' lang='lat' dir='ltr'><strong>minus</strong></span> <span class='ocrx_word' id='word_1_363' title='bbox 1437 2563 1447 2581; x_wconf 91' lang='lat'>,</span> <span class='ocrx_word' id='word_1_364' title='bbox 1493 2535 1571 2573; x_wconf 87' lang='lat' dir='ltr'><strong>aut</strong></span> <span class='ocrx_word' id='word_1_365' title='bbox 1603 2533 1740 2572; x_wconf 79' lang='lat' dir='ltr'><strong>minus</strong></span> <span class='ocrx_word' id='word_1_366' title='bbox 1772 2532 1959 2584; x_wconf 79' lang='lat' dir='ltr'><strong>improba</strong></span> <span class='ocrx_word' id='word_1_367' title='bbox 1983 2564 1991 2572; x_wconf 89' lang='lat'>.</span> 
     </span>
     <span class='ocr_line' id='line_1_58' title="bbox 1141 2596 1995 2655; baseline -0.004 -14"><span class='ocrx_word' id='word_1_368' title='bbox 1141 2601 1301 2641; x_wconf 80' lang='lat' dir='ltr'><strong>vellem.</strong></span> <span class='ocrx_word' id='word_1_369' title='bbox 1315 2597 1535 2655; x_wconf 83' lang='lat' dir='ltr'><strong>Expressit</strong></span> <span class='ocrx_word' id='word_1_370' title='bbox 1548 2612 1724 2654; x_wconf 89' lang='lat' dir='ltr'><strong>quoque</strong></span> <span class='ocrx_word' id='word_1_371' title='bbox 1736 2596 1871 2639; x_wconf 88' lang='lat' dir='ltr'><strong>Mart.</strong></span> <span class='ocrx_word' id='word_1_372' title='bbox 1881 2610 1967 2639; x_wconf 83' lang='lat' dir='ltr'><strong>vm</strong></span> <span class='ocrx_word' id='word_1_373' title='bbox 1986 2630 1995 2647; x_wconf 88' lang='lat'>‚</span> 
     </span>
     <span class='ocr_line' id='line_1_59' title="bbox 1143 2661 1428 2719; baseline 0.004 -15"><span class='ocrx_word' id='word_1_374' title='bbox 1143 2661 1291 2719; x_wconf 81' lang='lat' dir='ltr'><strong>Epigr.</strong></span> <span class='ocrx_word' id='word_1_375' title='bbox 1313 2674 1397 2705; x_wconf 66' lang='lat'><em>2111</em></span> <span class='ocrx_word' id='word_1_376' title='bbox 1416 2678 1428 2705; x_wconf 74' lang='grc' dir='ltr'>ι</span> 
     </span>
    </p>

    <p class='ocr_par' dir='ltr' id='par_1_18' title="bbox 1200 2737 1829 2780">
     <span class='ocr_line' id='line_1_60' title="bbox 1200 2737 1829 2780; baseline -0.005 -10"><span class='ocrx_word' id='word_1_377' title='bbox 1200 2738 1233 2770; x_wconf 85' lang='grc'>0</span> <span class='ocrx_word' id='word_1_378' title='bbox 1245 2746 1343 2780; x_wconf 77' lang='lat' dir='ltr'><strong>qum</strong></span> <span class='ocrx_word' id='word_1_379' title='bbox 1357 2744 1390 2769; x_wconf 80' lang='lat' dir='ltr'><strong>te</strong></span> <span class='ocrx_word' id='word_1_380' title='bbox 1402 2737 1471 2769; x_wconf 73' lang='lat' dir='ltr'><strong>fieri</strong></span> <span class='ocrx_word' id='word_1_381' title='bbox 1482 2761 1492 2776; x_wconf 86' lang='lat'><em>,</em></span> <span class='ocrx_word' id='word_1_382' title='bbox 1511 2737 1639 2769; x_wconf 69' lang='lat' dir='ltr'><strong>catuu-</strong></span> <span class='ocrx_word' id='word_1_383' title='bbox 1651 2760 1662 2776; x_wconf 88' lang='lat'><em>,</em></span> <span class='ocrx_word' id='word_1_384' title='bbox 1680 2737 1799 2768; x_wconf 72' lang='lat' dir='ltr'><strong>venem</strong></span> <span class='ocrx_word' id='word_1_385' title='bbox 1819 2759 1829 2773; x_wconf 92' lang='lat'><em>,</em></span> 
     </span>
    </p>

    <p class='ocr_par' dir='ltr' id='par_1_19' title="bbox 1202 2798 1926 2840">
     <span class='ocr_line' id='line_1_61' title="bbox 1202 2798 1926 2840; baseline -0.006 -9"><span class='ocrx_word' id='word_1_386' title='bbox 1202 2800 1395 2831; x_wconf 65' lang='lat' dir='ltr'><strong>Fon-on·-</strong></span> <span class='ocrx_word' id='word_1_387' title='bbox 1407 2800 1517 2831; x_wconf 75' lang='lat' dir='ltr'><strong>minus</strong></span> <span class='ocrx_word' id='word_1_388' title='bbox 1525 2822 1535 2838; x_wconf 90' lang='lat'><em>‚</em></span> <span class='ocrx_word' id='word_1_389' title='bbox 1559 2805 1618 2830; x_wconf 70' lang='grc' dir='ltr'><strong>ιιι</strong></span> <span class='ocrx_word' id='word_1_390' title='bbox 1629 2799 1733 2840; x_wconf 67' lang='lat' dir='ltr'><strong>magis</strong></span> <span class='ocrx_word' id='word_1_391' title='bbox 1750 2798 1903 2840; x_wconf 69' lang='lat' dir='ltr'><strong>pudieam</strong></span> <span class='ocrx_word' id='word_1_392' title='bbox 1917 2799 1926 2827; x_wconf 92' lang='lat'>!</span> 
     </span>
    </p>

    <p class='ocr_par' dir='ltr' id='par_1_20' title="bbox 1141 2860 2000 3164">
     <span class='ocr_line' id='line_1_62' title="bbox 1196 2860 2000 2915; baseline -0.004 -12"><span class='ocrx_word' id='word_1_393' title='bbox 1196 2861 1262 2915; x_wconf 85' lang='grc'><strong>43.</strong></span> <span class='ocrx_word' id='word_1_394' title='bbox 1286 2863 1423 2903; x_wconf 80' lang='lat' dir='ltr'><strong>Facta</strong></span> <span class='ocrx_word' id='word_1_395' title='bbox 1452 2865 1610 2902; x_wconf 77' lang='lat' dir='ltr'><strong>merent</strong></span> <span class='ocrx_word' id='word_1_396' title='bbox 1636 2862 1788 2902; x_wconf 82' lang='lat' dir='ltr'><strong>odium.</strong></span> <span class='ocrx_word' id='word_1_397' title='bbox 1825 2860 2000 2902; x_wconf 65' lang='lat' dir='ltr'><strong>Movent</strong></span> 
     </span>
     <span class='ocr_line' id='line_1_63' title="bbox 1142 2923 1993 2981; baseline -0.002 -13"><span class='ocrx_word' id='word_1_398' title='bbox 1142 2924 1322 2981; x_wconf 80' lang='lat' dir='ltr'><strong>quidam</strong></span> <span class='ocrx_word' id='word_1_399' title='bbox 1337 2923 1507 2968; x_wconf 85' lang='lat' dir='ltr'><strong>codices</strong></span> <span class='ocrx_word' id='word_1_400' title='bbox 1523 2935 1534 2963; x_wconf 79' lang='lat' dir='ltr'><strong>t</strong></span> <span class='ocrx_word' id='word_1_401' title='bbox 1549 2929 1704 2966; x_wconf 66' lang='lat' dir='ltr'><strong>meunt</strong></span> <span class='ocrx_word' id='word_1_402' title='bbox 1715 2938 1796 2980; x_wconf 90' lang='lat' dir='ltr'><strong>pro</strong></span> <span class='ocrx_word' id='word_1_403' title='bbox 1812 2938 1993 2966; x_wconf 87' lang='lat' dir='ltr'><strong>meren-</strong></span> 
     </span>
     <span class='ocr_line' id='line_1_64' title="bbox 1142 2987 1997 3042; baseline -0.001 -10"><span class='ocrx_word' id='word_1_404' title='bbox 1142 2997 1227 3032; x_wconf 86' lang='lat' dir='ltr'><strong>tur.</strong></span> <span class='ocrx_word' id='word_1_405' title='bbox 1252 2987 1553 3032; x_wconf 77' lang='lat' dir='ltr'><strong>Medicamine</strong></span> <span class='ocrx_word' id='word_1_406' title='bbox 1583 2987 1725 3031; x_wconf 86' lang='lat' dir='ltr'><strong>Faciei</strong></span> <span class='ocrx_word' id='word_1_407' title='bbox 1743 3020 1756 3042; x_wconf 89' lang='lat'><strong><em>‚</em></strong></span> <span class='ocrx_word' id='word_1_408' title='bbox 1795 2992 1997 3037; x_wconf 79' lang='lat' dir='ltr'><strong>munditie</strong></span> 
     </span>
     <span class='ocr_line' id='line_1_65' title="bbox 1141 3054 1993 3099; baseline -0.001 -1"><span class='ocrx_word' id='word_1_409' title='bbox 1141 3059 1317 3099; x_wconf 66' lang='lat' dir='ltr'><strong>cn‘rnina</strong></span> <span class='ocrx_word' id='word_1_410' title='bbox 1334 3055 1453 3097; x_wconf 85' lang='lat' dir='ltr'><strong>nulla</strong></span> <span class='ocrx_word' id='word_1_411' title='bbox 1479 3060 1636 3098; x_wconf 68' lang='lat' dir='ltr'><strong>metent</strong></span> <span class='ocrx_word' id='word_1_412' title='bbox 1649 3070 1662 3096; x_wconf 91' lang='grc'><strong>.·</strong></span> <span class='ocrx_word' id='word_1_413' title='bbox 1682 3054 1719 3097; x_wconf 90' lang='lat' dir='ltr'><strong>si</strong></span> <span class='ocrx_word' id='word_1_414' title='bbox 1747 3063 1896 3099; x_wconf 84' lang='lat' dir='ltr'><strong>tamen</strong></span> <span class='ocrx_word' id='word_1_415' title='bbox 1916 3054 1993 3098; x_wconf 78' lang='lat' dir='ltr'><strong>lo·</strong></span> 
     </span>
     <span class='ocr_line' id='line_1_66' title="bbox 1142 3119 1744 3164; baseline -0.007 0"><span class='ocrx_word' id='word_1_416' title='bbox 1142 3136 1216 3164; x_wconf 83' lang='lat' dir='ltr'><strong>eus</strong></span> <span class='ocrx_word' id='word_1_417' title='bbox 1231 3120 1311 3163; x_wconf 88' lang='lat' dir='ltr'><strong>iste</strong></span> <span class='ocrx_word' id='word_1_418' title='bbox 1331 3126 1394 3161; x_wconf 86' lang='lat' dir='ltr'><strong>est</strong></span> <span class='ocrx_word' id='word_1_419' title='bbox 1410 3133 1554 3162; x_wconf 85' lang='lat' dir='ltr'><strong>sanus.</strong></span> <span class='ocrx_word' id='word_1_420' title='bbox 1574 3119 1744 3163; x_wconf 70' lang='lat' dir='ltr'>HRINS.</span> 
     </span>
    </p>

    <p class='ocr_par' dir='ltr' id='par_1_21' title="bbox 1143 3187 1992 3294">
     <span class='ocr_line' id='line_1_67' title="bbox 1197 3187 1992 3241; baseline 0.001 -15"><span class='ocrx_word' id='word_1_421' title='bbox 1197 3187 1262 3241; x_wconf 79' lang='grc'><strong>44.</strong></span> <span class='ocrx_word' id='word_1_422' title='bbox 1301 3187 1408 3227; x_wconf 80' lang='lat' dir='ltr'><strong>Plus</strong></span> <span class='ocrx_word' id='word_1_423' title='bbox 1427 3187 1552 3228; x_wconf 83' lang='lat' dir='ltr'><strong>valet.</strong></span> <span class='ocrx_word' id='word_1_424' title='bbox 1582 3187 1688 3229; x_wconf 88' lang='lat' dir='ltr'><strong>Plus</strong></span> <span class='ocrx_word' id='word_1_425' title='bbox 1706 3188 1855 3240; x_wconf 83' lang='lat' dir='ltr'><strong>placet</strong></span> <span class='ocrx_word' id='word_1_426' title='bbox 1886 3187 1967 3228; x_wconf 82' lang='lat' dir='ltr'><strong>illa</strong></span> <span class='ocrx_word' id='word_1_427' title='bbox 1980 3220 1992 3237; x_wconf 86' lang='lat'><em>‚</em></span> 
     </span>
     <span class='ocr_line' id='line_1_68' title="bbox 1143 3249 1493 3294; baseline -0.006 0"><span class='ocrx_word' id='word_1_428' title='bbox 1143 3249 1347 3294; x_wconf 83' lang='lat' dir='ltr'><strong>Mentelii</strong></span> <span class='ocrx_word' id='word_1_429' title='bbox 1369 3250 1493 3294; x_wconf 86' lang='lat' dir='ltr'><strong>alter.</strong></span> 
     </span>
    </p>

    <p class='ocr_par' dir='ltr' id='par_1_22' title="bbox 1143 3314 1996 3505">
     <span class='ocr_line' id='line_1_69' title="bbox 1197 3314 1993 3376; baseline 0 -16"><span class='ocrx_word' id='word_1_430' title='bbox 1197 3317 1264 3371; x_wconf 78' lang='grc'><strong>46.</strong></span> <span class='ocrx_word' id='word_1_431' title='bbox 1291 3318 1380 3370; x_wconf 79' lang='lat' dir='ltr'><strong>Qui</strong></span> <span class='ocrx_word' id='word_1_432' title='bbox 1393 3319 1507 3361; x_wconf 79' lang='lat' dir='ltr'><strong>dant.</strong></span> <span class='ocrx_word' id='word_1_433' title='bbox 1534 3319 1625 3372; x_wconf 79' lang='lat' dir='ltr'><strong>Qui</strong></span> <span class='ocrx_word' id='word_1_434' title='bbox 1637 3320 1738 3361; x_wconf 83' lang='lat' dir='ltr'><strong>dent</strong></span> <span class='ocrx_word' id='word_1_435' title='bbox 1754 3314 1993 3376; x_wconf 71' lang='lat' dir='ltr'><strong>legendum</strong></span> 
     </span>
     <span class='ocr_line' id='line_1_70' title="bbox 1143 3381 1996 3440; baseline -0.001 -14"><span class='ocrx_word' id='word_1_436' title='bbox 1143 3398 1245 3426; x_wconf 88' lang='lat' dir='ltr'><strong>cum</strong></span> <span class='ocrx_word' id='word_1_437' title='bbox 1264 3381 1411 3426; x_wconf 88' lang='lat' dir='ltr'><strong>codice</strong></span> <span class='ocrx_word' id='word_1_438' title='bbox 1426 3382 1716 3440; x_wconf 86' lang='lat' dir='ltr'><strong>Neapolitano</strong></span> <span class='ocrx_word' id='word_1_439' title='bbox 1730 3399 1740 3426; x_wconf 70' lang='grc' dir='ltr'>ε</span> <span class='ocrx_word' id='word_1_440' title='bbox 1754 3382 1853 3426; x_wconf 84' lang='lat' dir='ltr'><strong>vide</strong></span> <span class='ocrx_word' id='word_1_441' title='bbox 1870 3391 1996 3427; x_wconf 86' lang='lat' dir='ltr'><strong>notas</strong></span> 
     </span>
     <span class='ocr_line' id='line_1_71' title="bbox 1145 3447 1776 3505; baseline 0 -15"><span class='ocrx_word' id='word_1_442' title='bbox 1145 3447 1199 3490; x_wconf 87' lang='lat' dir='ltr'><strong>ad</strong></span> <span class='ocrx_word' id='word_1_443' title='bbox 1220 3447 1355 3504; x_wconf 78' lang='lat' dir='ltr'><strong>Epist.</strong></span> <span class='ocrx_word' id='word_1_444' title='bbox 1375 3460 1436 3492; x_wconf 81' lang='lat' dir='ltr'><strong>xv</strong></span> <span class='ocrx_word' id='word_1_445' title='bbox 1451 3480 1464 3503; x_wconf 82' lang='lat'>‚</span> <span class='ocrx_word' id='word_1_446' title='bbox 1494 3463 1584 3505; x_wconf 86' lang='lat'>¹⁰7-</span> <span class='ocrx_word' id='word_1_447' title='bbox 1607 3448 1776 3493; x_wconf 71' lang='lat' dir='ltr'><strong>HEINS.</strong></span> 
     </span>
    </p>
   </div>
  </div>
 </body>
</html>
