<?xml version="1.0" encoding="UTF-8"?>
<!DOCTYPE html PUBLIC "-//W3C//DTD XHTML 1.0 Transitional//EN"
    "http://www.w3.org/TR/xhtml1/DTD/xhtml1-transitional.dtd">
<html xmlns="http://www.w3.org/1999/xhtml" xml:lang="en" lang="en">
 <head>
  <title>
</title>
<meta http-equiv="Content-Type" content="text/html;charset=utf-8" />
  <meta name='ocr-system' content='tesseract 3.04.00' />
  <meta name='ocr-capabilities' content='ocr_page ocr_carea ocr_par ocr_line ocrx_word'/>
</head>
<body>
  <div class='ocr_page' id='page_1' title='image "./quaeextantomniao02oviduoft_0417.png"; bbox 0 0 2268 3776; ppageno 0'>
   <div class='ocr_carea' id='block_1_1' title="bbox 721 303 1533 360">
    <p class='ocr_par' dir='ltr' id='par_1_1' title="bbox 721 303 1533 360">
     <span class='ocr_line' id='line_1_1' title="bbox 721 303 1533 360; baseline -0.004 0"><span class='ocrx_word' id='word_1_1' title='bbox 721 303 1136 360; x_wconf 86' lang='lat' dir='ltr'>REMEDIA</span> <span class='ocrx_word' id='word_1_2' title='bbox 1174 303 1533 359; x_wconf 87' lang='lat' dir='ltr'><strong>AMORIS.</strong></span> 
     </span>
    </p>
   </div>
   <div class='ocr_carea' id='block_1_2' title="bbox 241 419 2018 509">
    <p class='ocr_par' dir='ltr' id='par_1_2' title="bbox 241 419 2018 509">
     <span class='ocr_line' id='line_1_2' title="bbox 241 419 2018 509; baseline -0.003 -22"><span class='ocrx_word' id='word_1_3' title='bbox 241 424 481 509; x_wconf 80' lang='lat' dir='ltr'>Adspice</span> <span class='ocrx_word' id='word_1_4' title='bbox 509 435 762 502; x_wconf 73' lang='lat' dir='ltr'>curvatos</span> <span class='ocrx_word' id='word_1_5' title='bbox 790 442 1086 503; x_wconf 88' lang='lat' dir='ltr'>pomorum</span> <span class='ocrx_word' id='word_1_6' title='bbox 1116 419 1363 503; x_wconf 88' lang='lat' dir='ltr'>pondere</span> <span class='ocrx_word' id='word_1_7' title='bbox 1396 444 1580 482; x_wconf 89' lang='lat' dir='ltr'>ramos</span> <span class='ocrx_word' id='word_1_8' title='bbox 1604 445 1620 494; x_wconf 79' lang='lat'><em>3</em></span> <span class='ocrx_word' id='word_1_9' title='bbox 1942 443 2018 498; x_wconf 74' lang='lat'>¹7⁵</span> 
     </span>
    </p>
   </div>
   <div class='ocr_carea' id='block_1_3' title="bbox 241 515 1680 796">
    <p class='ocr_par' dir='ltr' id='par_1_3' title="bbox 241 515 1680 796">
     <span class='ocr_line' id='line_1_3' title="bbox 322 515 1680 605; baseline -0.004 -22"><span class='ocrx_word' id='word_1_10' title='bbox 322 524 402 582; x_wconf 85' lang='lat' dir='ltr'>Ut</span> <span class='ocrx_word' id='word_1_11' title='bbox 431 544 555 593; x_wconf 89' lang='lat' dir='ltr'>sua,</span> <span class='ocrx_word' id='word_1_12' title='bbox 582 517 732 605; x_wconf 87' lang='lat' dir='ltr'>quod</span> <span class='ocrx_word' id='word_1_13' title='bbox 762 516 1008 600; x_wconf 82' lang='lat' dir='ltr'><strong>peperit,</strong></span> <span class='ocrx_word' id='word_1_14' title='bbox 1034 516 1124 578; x_wconf 82' lang='lat' dir='ltr'>vix</span> <span class='ocrx_word' id='word_1_15' title='bbox 1154 515 1295 578; x_wconf 86' lang='lat' dir='ltr'>serat</span> <span class='ocrx_word' id='word_1_16' title='bbox 1321 519 1494 579; x_wconf 87' lang='lat' dir='ltr'>arbor</span> <span class='ocrx_word' id='word_1_17' title='bbox 1522 542 1680 580; x_wconf 89' lang='lat' dir='ltr'>onus.</span> 
     </span>
     <span class='ocr_line' id='line_1_4' title="bbox 241 613 1550 703; baseline -0.003 -22"><span class='ocrx_word' id='word_1_18' title='bbox 241 619 483 703; x_wconf 86' lang='lat' dir='ltr'><strong>Adspice</strong></span> <span class='ocrx_word' id='word_1_19' title='bbox 508 615 754 700; x_wconf 89' lang='lat' dir='ltr'>jucundo</span> <span class='ocrx_word' id='word_1_20' title='bbox 783 613 1032 676; x_wconf 85' lang='lat' dir='ltr'>labentes</span> <span class='ocrx_word' id='word_1_21' title='bbox 1060 637 1340 675; x_wconf 88' lang='lat' dir='ltr'>murmure</span> <span class='ocrx_word' id='word_1_22' title='bbox 1367 615 1550 677; x_wconf 91' lang='lat' dir='ltr'>rivos:</span> 
     </span>
     <span class='ocr_line' id='line_1_5' title="bbox 321 708 1534 796; baseline -0.003 -21"><span class='ocrx_word' id='word_1_23' title='bbox 321 712 562 796; x_wconf 86' lang='lat' dir='ltr'>Adspice</span> <span class='ocrx_word' id='word_1_24' title='bbox 594 710 886 772; x_wconf 84' lang='lat' dir='ltr'><strong>tondentes</strong></span> <span class='ocrx_word' id='word_1_25' title='bbox 917 708 1094 772; x_wconf 87' lang='lat' dir='ltr'>fertile</span> <span class='ocrx_word' id='word_1_26' title='bbox 1134 732 1359 790; x_wconf 82' lang='lat' dir='ltr'>gramen</span> <span class='ocrx_word' id='word_1_27' title='bbox 1387 734 1534 772; x_wconf 86' lang='lat' dir='ltr'>oves.</span> 
     </span>
    </p>
   </div>
   <div class='ocr_carea' id='block_1_4' title="bbox 244 809 2024 988">
    <p class='ocr_par' dir='ltr' id='par_1_4' title="bbox 244 809 2024 988">
     <span class='ocr_line' id='line_1_6' title="bbox 244 809 1691 893; baseline -0.001 -20"><span class='ocrx_word' id='word_1_28' title='bbox 244 812 384 873; x_wconf 91' lang='lat' dir='ltr'>Ecce</span> <span class='ocrx_word' id='word_1_29' title='bbox 411 823 612 893; x_wconf 84' lang='lat' dir='ltr'>petunt</span> <span class='ocrx_word' id='word_1_30' title='bbox 634 832 828 892; x_wconf 70' lang='grc' dir='ltr'>τηρεε,</span> <span class='ocrx_word' id='word_1_31' title='bbox 856 821 1245 892; x_wconf 81' lang='lat' dir='ltr'>praeruptaque</span> <span class='ocrx_word' id='word_1_32' title='bbox 1279 831 1406 869; x_wconf 86' lang='lat' dir='ltr'>saxa</span> <span class='ocrx_word' id='word_1_33' title='bbox 1438 809 1691 893; x_wconf 82' lang='lat' dir='ltr'>capellae:</span> 
     </span>
     <span class='ocr_line' id='line_1_7' title="bbox 324 903 2024 988; baseline 0 -20"><span class='ocrx_word' id='word_1_34' title='bbox 324 908 450 968; x_wconf 86' lang='lat' dir='ltr'>Jam</span> <span class='ocrx_word' id='word_1_35' title='bbox 476 906 714 967; x_wconf 84' lang='lat' dir='ltr'>referent</span> <span class='ocrx_word' id='word_1_36' title='bbox 739 904 913 967; x_wconf 81' lang='lat' dir='ltr'>haedis</span> <span class='ocrx_word' id='word_1_37' title='bbox 943 904 1114 966; x_wconf 90' lang='lat' dir='ltr'>ubera</span> <span class='ocrx_word' id='word_1_38' title='bbox 1141 903 1307 988; x_wconf 88' lang='lat' dir='ltr'>plena</span> <span class='ocrx_word' id='word_1_39' title='bbox 1337 907 1468 967; x_wconf 87' lang='lat' dir='ltr'>suis.</span> <span class='ocrx_word' id='word_1_40' title='bbox 1950 934 2024 976; x_wconf 56' lang='grc' dir='ltr'>,ευ</span> 
     </span>
    </p>
   </div>
   <div class='ocr_carea' id='block_1_5' title="bbox 245 1002 1658 1172">
    <p class='ocr_par' dir='ltr' id='par_1_5' title="bbox 245 1002 1658 1172">
     <span class='ocr_line' id='line_1_8' title="bbox 245 1002 1658 1087; baseline 0 -22"><span class='ocrx_word' id='word_1_41' title='bbox 245 1005 444 1065; x_wconf 83' lang='lat' dir='ltr'><strong>Pastor</strong></span> <span class='ocrx_word' id='word_1_42' title='bbox 471 1002 727 1087; x_wconf 77' lang='lat' dir='ltr'>inaequali</span> <span class='ocrx_word' id='word_1_43' title='bbox 754 1002 1075 1063; x_wconf 87' lang='lat' dir='ltr'><strong>modulatur</strong></span> <span class='ocrx_word' id='word_1_44' title='bbox 1103 1002 1374 1064; x_wconf 87' lang='lat' dir='ltr'>arundine</span> <span class='ocrx_word' id='word_1_45' title='bbox 1404 1027 1620 1065; x_wconf 90' lang='lat' dir='ltr'>carmen</span> <span class='ocrx_word' id='word_1_46' title='bbox 1646 1031 1658 1075; x_wconf 92' lang='lat'><em>;</em></span> 
     </span>
     <span class='ocr_line' id='line_1_9' title="bbox 322 1097 1605 1172; baseline -0.002 -9"><span class='ocrx_word' id='word_1_47' title='bbox 322 1104 439 1163; x_wconf 87' lang='lat' dir='ltr'>Nec</span> <span class='ocrx_word' id='word_1_48' title='bbox 471 1101 670 1162; x_wconf 85' lang='lat' dir='ltr'><strong>desunt</strong></span> <span class='ocrx_word' id='word_1_49' title='bbox 695 1101 950 1171; x_wconf 89' lang='lat' dir='ltr'>comites,</span> <span class='ocrx_word' id='word_1_50' title='bbox 984 1097 1176 1160; x_wconf 89' lang='lat' dir='ltr'>sedula</span> <span class='ocrx_word' id='word_1_51' title='bbox 1209 1099 1402 1172; x_wconf 87' lang='lat' dir='ltr'>turba,</span> <span class='ocrx_word' id='word_1_52' title='bbox 1430 1124 1605 1162; x_wconf 78' lang='lat' dir='ltr'>caneS.</span> 
     </span>
    </p>
   </div>
   <div class='ocr_carea' id='block_1_6' title="bbox 238 1201 2033 1572">
    <p class='ocr_par' dir='ltr' id='par_1_6' title="bbox 249 1201 1472 1282">
     <span class='ocr_line' id='line_1_10' title="bbox 249 1201 1472 1282; baseline -0.002 -16"><span class='ocrx_word' id='word_1_53' title='bbox 249 1205 413 1266; x_wconf 86' lang='lat' dir='ltr'>Parte</span> <span class='ocrx_word' id='word_1_54' title='bbox 444 1218 648 1265; x_wconf 86' lang='lat' dir='ltr'>sonant</span> <span class='ocrx_word' id='word_1_55' title='bbox 674 1202 780 1265; x_wconf 88' lang='lat' dir='ltr'>alia</span> <span class='ocrx_word' id='word_1_56' title='bbox 808 1202 955 1264; x_wconf 84' lang='lat' dir='ltr'>silvae</span> <span class='ocrx_word' id='word_1_57' title='bbox 981 1202 1291 1282; x_wconf 81' lang='lat' dir='ltr'>mugitibus</span> <span class='ocrx_word' id='word_1_58' title='bbox 1317 1201 1438 1264; x_wconf 83' lang='lat' dir='ltr'>altae</span> <span class='ocrx_word' id='word_1_59' title='bbox 1457 1250 1472 1275; x_wconf 88' lang='lat'>‚</span> 
     </span>
    </p>

    <p class='ocr_par' dir='ltr' id='par_1_7' title="bbox 238 1304 2033 1572">
     <span class='ocr_line' id='line_1_11' title="bbox 327 1304 1571 1390; baseline -0.001 -23"><span class='ocrx_word' id='word_1_60' title='bbox 327 1308 404 1367; x_wconf 86' lang='lat' dir='ltr'>Et</span> <span class='ocrx_word' id='word_1_61' title='bbox 431 1307 680 1390; x_wconf 87' lang='lat' dir='ltr'>queritur</span> <span class='ocrx_word' id='word_1_62' title='bbox 708 1305 944 1367; x_wconf 86' lang='lat' dir='ltr'>vitulum</span> <span class='ocrx_word' id='word_1_63' title='bbox 971 1319 1145 1366; x_wconf 87' lang='lat' dir='ltr'>mater</span> <span class='ocrx_word' id='word_1_64' title='bbox 1173 1304 1363 1366; x_wconf 74' lang='lat' dir='ltr'>abesse</span> <span class='ocrx_word' id='word_1_65' title='bbox 1394 1329 1571 1366; x_wconf 89' lang='lat' dir='ltr'>suum.</span> 
     </span>
     <span class='ocr_line' id='line_1_12' title="bbox 251 1406 2033 1491; baseline 0.003 -23"><span class='ocrx_word' id='word_1_66' title='bbox 251 1407 406 1488; x_wconf 85' lang='lat' dir='ltr'>Quid</span> <span class='ocrx_word' id='word_1_67' title='bbox 425 1455 440 1481; x_wconf 89' lang='lat'>‚</span> <span class='ocrx_word' id='word_1_68' title='bbox 479 1432 651 1491; x_wconf 92' lang='lat' dir='ltr'>quum</span> <span class='ocrx_word' id='word_1_69' title='bbox 681 1407 998 1491; x_wconf 86' lang='lat' dir='ltr'>suppositas</span> <span class='ocrx_word' id='word_1_70' title='bbox 1031 1406 1257 1486; x_wconf 84' lang='lat' dir='ltr'>fugiunt</span> <span class='ocrx_word' id='word_1_71' title='bbox 1282 1407 1529 1469; x_wconf 85' lang='lat' dir='ltr'>examina</span> <span class='ocrx_word' id='word_1_72' title='bbox 1562 1423 1746 1482; x_wconf 66' lang='lat' dir='ltr'>taxos»,</span> <span class='ocrx_word' id='word_1_73' title='bbox 1956 1433 2033 1474; x_wconf 65' lang='lat'>12³5</span> 
     </span>
     <span class='ocr_line' id='line_1_13' title="bbox 238 1510 1465 1572; baseline -0.001 0"><span class='ocrx_word' id='word_1_74' title='bbox 238 1514 248 1531; x_wconf 79' lang='lat'><strong><em>⁴</em></strong></span> <span class='ocrx_word' id='word_1_75' title='bbox 333 1512 413 1571; x_wconf 87' lang='lat' dir='ltr'>Ut</span> <span class='ocrx_word' id='word_1_76' title='bbox 437 1510 678 1572; x_wconf 86' lang='lat' dir='ltr'><strong>relevent</strong></span> <span class='ocrx_word' id='word_1_77' title='bbox 701 1510 871 1572; x_wconf 88' lang='lat' dir='ltr'>demti</span> <span class='ocrx_word' id='word_1_78' title='bbox 899 1511 1105 1571; x_wconf 84' lang='lat' dir='ltr'>vimina</span> <span class='ocrx_word' id='word_1_79' title='bbox 1134 1524 1281 1571; x_wconf 88' lang='lat' dir='ltr'>torta</span> <span class='ocrx_word' id='word_1_80' title='bbox 1309 1510 1465 1571; x_wconf 79' lang='lat' dir='ltr'>favi?</span> 
     </span>
    </p>
   </div>
   <div class='ocr_carea' id='block_1_7' title="bbox 244 1696 1119 3446">
    <p class='ocr_par' dir='ltr' id='par_1_8' title="bbox 244 1696 1115 3040">
     <span class='ocr_line' id='line_1_14' title="bbox 608 1696 1024 1739; baseline -0.002 -10.132"><span class='ocrx_word' id='word_1_81' title='bbox 608 1699 685 1739; x_wconf 76' lang='lat' dir='ltr'>Spes</span> <span class='ocrx_word' id='word_1_82' title='bbox 699 1697 799 1728; x_wconf 68' lang='lat' dir='ltr'>sulcia</span> <span class='ocrx_word' id='word_1_83' title='bbox 810 1696 912 1728; x_wconf 81' lang='lat' dir='ltr'>eredit</span> <span class='ocrx_word' id='word_1_84' title='bbox 927 1696 1024 1728; x_wconf 74' lang='lat' dir='ltr'>anti·</span> 
     </span>
     <span class='ocr_line' id='line_1_15' title="bbox 295 1757 1061 1802; baseline -0.001 -11"><span class='ocrx_word' id='word_1_85' title='bbox 295 1757 423 1791; x_wconf 76' lang='lat' dir='ltr'>Semin-</span> <span class='ocrx_word' id='word_1_86' title='bbox 438 1780 450 1798; x_wconf 88' lang='lat'><em>,</em></span> <span class='ocrx_word' id='word_1_87' title='bbox 466 1768 538 1801; x_wconf 67' lang='lat' dir='ltr'>qun</span> <span class='ocrx_word' id='word_1_88' title='bbox 551 1759 813 1802; x_wconf 72' lang='lat' dir='ltr'>magnofaenorae</span> <span class='ocrx_word' id='word_1_89' title='bbox 827 1759 953 1790; x_wconf 67' lang='lat' dir='ltr'>reddas</span> <span class='ocrx_word' id='word_1_90' title='bbox 969 1769 1061 1801; x_wconf 73' lang='lat' dir='ltr'>ager.</span> 
     </span>
     <span class='ocr_line' id='line_1_16' title="bbox 256 1818 1103 1876; baseline 0 -12"><span class='ocrx_word' id='word_1_91' title='bbox 256 1819 344 1864; x_wconf 88' lang='lat' dir='ltr'>Sed</span> <span class='ocrx_word' id='word_1_92' title='bbox 356 1835 380 1863; x_wconf 91' lang='lat' dir='ltr'>a</span> <span class='ocrx_word' id='word_1_93' title='bbox 393 1818 569 1863; x_wconf 84' lang='lat' dir='ltr'>librario</span> <span class='ocrx_word' id='word_1_94' title='bbox 584 1827 732 1862; x_wconf 84' lang='lat' dir='ltr'>tamen</span> <span class='ocrx_word' id='word_1_95' title='bbox 753 1819 994 1876; x_wconf 80' lang='lat' dir='ltr'>profectam</span> <span class='ocrx_word' id='word_1_96' title='bbox 1011 1835 1103 1864; x_wconf 84' lang='lat' dir='ltr'>esse</span> 
     </span>
     <span class='ocr_line' id='line_1_17' title="bbox 255 1883 1102 1940; baseline 0 -12"><span class='ocrx_word' id='word_1_97' title='bbox 255 1884 493 1929; x_wconf 86' lang='lat' dir='ltr'>lectionem</span> <span class='ocrx_word' id='word_1_98' title='bbox 513 1883 672 1928; x_wconf 86' lang='lat' dir='ltr'>codicis</span> <span class='ocrx_word' id='word_1_99' title='bbox 694 1884 925 1927; x_wconf 88' lang='lat' dir='ltr'>Heinsiani</span> <span class='ocrx_word' id='word_1_100' title='bbox 945 1884 1074 1928; x_wconf 88' lang='lat' dir='ltr'>unius</span> <span class='ocrx_word' id='word_1_101' title='bbox 1089 1917 1102 1940; x_wconf 87' lang='lat'>,</span> 
     </span>
     <span class='ocr_line' id='line_1_18' title="bbox 252 1947 1106 2007; baseline -0.001 -14"><span class='ocrx_word' id='word_1_102' title='bbox 252 1965 346 1993; x_wconf 86' lang='lat' dir='ltr'>cum</span> <span class='ocrx_word' id='word_1_103' title='bbox 354 1949 480 2005; x_wconf 82' lang='lat' dir='ltr'>justo</span> <span class='ocrx_word' id='word_1_104' title='bbox 492 1949 682 2005; x_wconf 73' lang='lat' dir='ltr'>fanore,</span> <span class='ocrx_word' id='word_1_105' title='bbox 706 1948 777 1991; x_wconf 83' lang='lat' dir='ltr'>vix</span> <span class='ocrx_word' id='word_1_106' title='bbox 799 1947 906 1991; x_wconf 86' lang='lat' dir='ltr'>mihi</span> <span class='ocrx_word' id='word_1_107' title='bbox 925 1964 1106 2007; x_wconf 85' lang='lat' dir='ltr'>persua·—</span> 
     </span>
     <span class='ocr_line' id='line_1_19' title="bbox 253 2013 1106 2072; baseline -0.001 -13"><span class='ocrx_word' id='word_1_108' title='bbox 253 2013 358 2059; x_wconf 89' lang='lat' dir='ltr'>dere</span> <span class='ocrx_word' id='word_1_109' title='bbox 371 2013 532 2072; x_wconf 83' lang='lat' dir='ltr'>possim</span> <span class='ocrx_word' id='word_1_110' title='bbox 550 2030 560 2066; x_wconf 87' lang='lat'><strong>;</strong></span> <span class='ocrx_word' id='word_1_111' title='bbox 580 2013 654 2070; x_wconf 91' lang='lat' dir='ltr'>qui</span> <span class='ocrx_word' id='word_1_112' title='bbox 669 2013 802 2057; x_wconf 86' lang='lat' dir='ltr'>sciam</span> <span class='ocrx_word' id='word_1_113' title='bbox 819 2013 976 2070; x_wconf 86' lang='lat' dir='ltr'>passim</span> <span class='ocrx_word' id='word_1_114' title='bbox 993 2013 1106 2058; x_wconf 85' lang='lat' dir='ltr'>Auc-</span> 
     </span>
     <span class='ocr_line' id='line_1_20' title="bbox 255 2077 1106 2138; baseline -0.002 -14"><span class='ocrx_word' id='word_1_115' title='bbox 255 2087 374 2124; x_wconf 77' lang='lat' dir='ltr'>tores</span> <span class='ocrx_word' id='word_1_116' title='bbox 399 2093 524 2138; x_wconf 78' lang='lat' dir='ltr'>agros</span> <span class='ocrx_word' id='word_1_117' title='bbox 539 2093 793 2136; x_wconf 83' lang='lat' dir='ltr'>comparare</span> <span class='ocrx_word' id='word_1_118' title='bbox 815 2077 1106 2122; x_wconf 80' lang='lat' dir='ltr'>debitoribus:</span> 
     </span>
     <span class='ocr_line' id='line_1_21' title="bbox 255 2143 1099 2200; baseline -0.004 -11"><span class='ocrx_word' id='word_1_119' title='bbox 255 2143 375 2190; x_wconf 81' lang='lat' dir='ltr'>unde</span> <span class='ocrx_word' id='word_1_120' title='bbox 405 2146 565 2189; x_wconf 80' lang='lat' dir='ltr'>crede‘Ia</span> <span class='ocrx_word' id='word_1_121' title='bbox 595 2146 764 2198; x_wconf 69' lang='lat' dir='ltr'>reddere</span> <span class='ocrx_word' id='word_1_122' title='bbox 777 2177 787 2194; x_wconf 89' lang='lat'><strong>,</strong></span> <span class='ocrx_word' id='word_1_123' title='bbox 827 2146 1069 2200; x_wconf 83' lang='lat' dir='ltr'>respondere</span> <span class='ocrx_word' id='word_1_124' title='bbox 1086 2176 1099 2194; x_wconf 83' lang='lat'>‚</span> 
     </span>
     <span class='ocr_line' id='line_1_22' title="bbox 244 2209 1106 2268; baseline -0.005 -13"><span class='ocrx_word' id='word_1_125' title='bbox 244 2210 416 2268; x_wconf 64' lang='lat' dir='ltr'>stam,</span> <span class='ocrx_word' id='word_1_126' title='bbox 437 2218 484 2254; x_wconf 82' lang='lat' dir='ltr'>et</span> <span class='ocrx_word' id='word_1_127' title='bbox 501 2209 655 2254; x_wconf 79' lang='lat' dir='ltr'>similia</span> <span class='ocrx_word' id='word_1_128' title='bbox 675 2209 831 2265; x_wconf 87' lang='lat' dir='ltr'>passim</span> <span class='ocrx_word' id='word_1_129' title='bbox 855 2217 1106 2253; x_wconf 85' lang='lat' dir='ltr'>occurrunt.</span> 
     </span>
     <span class='ocr_line' id='line_1_23' title="bbox 259 2275 1106 2332; baseline -0.005 -11"><span class='ocrx_word' id='word_1_130' title='bbox 259 2278 326 2322; x_wconf 85' lang='lat' dir='ltr'>Ita</span> <span class='ocrx_word' id='word_1_131' title='bbox 339 2282 487 2332; x_wconf 65' lang='lat' dir='ltr'>gratus</span> <span class='ocrx_word' id='word_1_132' title='bbox 503 2292 622 2332; x_wconf 76' lang='lat' dir='ltr'>ager,</span> <span class='ocrx_word' id='word_1_133' title='bbox 651 2276 807 2319; x_wconf 89' lang='lat' dir='ltr'>Amor.</span> <span class='ocrx_word' id='word_1_134' title='bbox 830 2276 902 2330; x_wconf 87' lang='lat'>11,</span> <span class='ocrx_word' id='word_1_135' title='bbox 927 2289 1006 2318; x_wconf 73' lang='lat' dir='ltr'>xV1</span> <span class='ocrx_word' id='word_1_136' title='bbox 1025 2310 1034 2326; x_wconf 92' lang='lat'><em>,</em></span> <span class='ocrx_word' id='word_1_137' title='bbox 1068 2275 1106 2317; x_wconf 92' lang='lat'>8.</span> 
     </span>
     <span class='ocr_line' id='line_1_24' title="bbox 258 2339 1107 2398; baseline -0.002 -14"><span class='ocrx_word' id='word_1_138' title='bbox 258 2343 427 2384; x_wconf 78' lang='lat' dir='ltr'>Justum</span> <span class='ocrx_word' id='word_1_139' title='bbox 444 2340 578 2398; x_wconf 83' lang='lat' dir='ltr'>igitur</span> <span class='ocrx_word' id='word_1_140' title='bbox 583 2340 730 2396; x_wconf 75' lang='lat' dir='ltr'>sanus</span> <span class='ocrx_word' id='word_1_141' title='bbox 748 2373 759 2391; x_wconf 83' lang='lat'>,</span> <span class='ocrx_word' id='word_1_142' title='bbox 781 2340 851 2384; x_wconf 83' lang='lat' dir='ltr'>vel</span> <span class='ocrx_word' id='word_1_143' title='bbox 872 2339 990 2396; x_wconf 89' lang='lat' dir='ltr'>quod</span> <span class='ocrx_word' id='word_1_144' title='bbox 1010 2340 1107 2396; x_wconf 75' lang='lat' dir='ltr'>jure</span> 
     </span>
     <span class='ocr_line' id='line_1_25' title="bbox 259 2403 1110 2463; baseline -0.002 -13"><span class='ocrx_word' id='word_1_145' title='bbox 259 2405 391 2450; x_wconf 85' lang='lat' dir='ltr'>debet</span> <span class='ocrx_word' id='word_1_146' title='bbox 408 2405 564 2449; x_wconf 80' lang='lat' dir='ltr'>cultori</span> <span class='ocrx_word' id='word_1_147' title='bbox 584 2421 663 2449; x_wconf 88' lang='lat' dir='ltr'>suo</span> <span class='ocrx_word' id='word_1_148' title='bbox 680 2422 690 2458; x_wconf 87' lang='lat'><strong>;</strong></span> <span class='ocrx_word' id='word_1_149' title='bbox 713 2405 781 2449; x_wconf 83' lang='lat' dir='ltr'>vel</span> <span class='ocrx_word' id='word_1_150' title='bbox 801 2403 982 2463; x_wconf 86' lang='lat' dir='ltr'>plenum</span> <span class='ocrx_word' id='word_1_151' title='bbox 998 2439 1010 2461; x_wconf 94' lang='lat'>,</span> <span class='ocrx_word' id='word_1_152' title='bbox 1040 2405 1110 2449; x_wconf 84' lang='lat' dir='ltr'>cui</span> 
     </span>
     <span class='ocr_line' id='line_1_26' title="bbox 261 2471 1110 2527; baseline 0 -12"><span class='ocrx_word' id='word_1_153' title='bbox 261 2471 372 2516; x_wconf 87' lang='lat' dir='ltr'>nihil</span> <span class='ocrx_word' id='word_1_154' title='bbox 401 2471 523 2516; x_wconf 86' lang='lat' dir='ltr'>deest</span> <span class='ocrx_word' id='word_1_155' title='bbox 550 2487 560 2515; x_wconf 89' lang='lat'>:</span> <span class='ocrx_word' id='word_1_156' title='bbox 584 2479 634 2515; x_wconf 82' lang='lat' dir='ltr'>ut</span> <span class='ocrx_word' id='word_1_157' title='bbox 662 2472 722 2515; x_wconf 87' lang='lat' dir='ltr'>ita</span> <span class='ocrx_word' id='word_1_158' title='bbox 739 2472 866 2527; x_wconf 79' lang='lat' dir='ltr'>justa</span> <span class='ocrx_word' id='word_1_159' title='bbox 886 2489 1007 2515; x_wconf 84' lang='lat' dir='ltr'>arma</span> <span class='ocrx_word' id='word_1_160' title='bbox 1029 2480 1110 2515; x_wconf 82' lang='lat' dir='ltr'>etc.</span> 
     </span>
     <span class='ocr_line' id='line_1_27' title="bbox 256 2535 1110 2581; baseline -0.001 -1"><span class='ocrx_word' id='word_1_161' title='bbox 256 2536 380 2581; x_wconf 15' lang='lat' dir='ltr'>&#39;Vide</span> <span class='ocrx_word' id='word_1_162' title='bbox 397 2536 591 2580; x_wconf 82' lang='lat' dir='ltr'>Broukh.</span> <span class='ocrx_word' id='word_1_163' title='bbox 608 2536 662 2580; x_wconf 86' lang='lat' dir='ltr'>ad</span> <span class='ocrx_word' id='word_1_164' title='bbox 677 2535 844 2580; x_wconf 82' lang='lat' dir='ltr'>dictum</span> <span class='ocrx_word' id='word_1_165' title='bbox 865 2537 1009 2580; x_wconf 81' lang='lat' dir='ltr'>Tibul.</span> <span class='ocrx_word' id='word_1_166' title='bbox 1031 2537 1110 2581; x_wconf 85' lang='lat' dir='ltr'>loc.</span> 
     </span>
     <span class='ocr_line' id='line_1_28' title="bbox 321 2601 1108 2659; baseline -0.001 -15"><span class='ocrx_word' id='word_1_167' title='bbox 321 2617 410 2659; x_wconf 88' lang='grc' dir='ltr'><strong>ι77.</strong></span> <span class='ocrx_word' id='word_1_168' title='bbox 430 2601 621 2658; x_wconf 78' lang='lat' dir='ltr'>Adspice</span> <span class='ocrx_word' id='word_1_169' title='bbox 644 2603 845 2644; x_wconf 76' lang='lat' dir='ltr'>labentes.</span> <span class='ocrx_word' id='word_1_170' title='bbox 872 2603 1081 2658; x_wconf 74' lang='lat' dir='ltr'>Lz’quaces</span> <span class='ocrx_word' id='word_1_171' title='bbox 1095 2635 1108 2654; x_wconf 91' lang='lat'>,</span> 
     </span>
     <span class='ocr_line' id='line_1_29' title="bbox 264 2667 1112 2726; baseline 0.002 -16"><span class='ocrx_word' id='word_1_172' title='bbox 264 2683 344 2725; x_wconf 92' lang='lat' dir='ltr'>pro</span> <span class='ocrx_word' id='word_1_173' title='bbox 363 2667 531 2711; x_wconf 84' lang='lat' dir='ltr'>diversa</span> <span class='ocrx_word' id='word_1_174' title='bbox 548 2667 734 2712; x_wconf 87' lang='lat' dir='ltr'>lectione</span> <span class='ocrx_word' id='word_1_175' title='bbox 749 2667 941 2726; x_wconf 88' lang='lat' dir='ltr'>optimus</span> <span class='ocrx_word' id='word_1_176' title='bbox 956 2670 1112 2712; x_wconf 84' lang='lat' dir='ltr'>Putea·</span> 
     </span>
     <span class='ocr_line' id='line_1_30' title="bbox 260 2735 1113 2792; baseline -0.001 -12"><span class='ocrx_word' id='word_1_177' title='bbox 260 2751 373 2781; x_wconf 82' lang='lat' dir='ltr'>neus</span> <span class='ocrx_word' id='word_1_178' title='bbox 402 2747 413 2775; x_wconf 68' lang='grc' dir='ltr'><em>τ</em></span> <span class='ocrx_word' id='word_1_179' title='bbox 450 2735 672 2792; x_wconf 80' lang='lat' dir='ltr'>eleganter</span> <span class='ocrx_word' id='word_1_180' title='bbox 690 2769 702 2790; x_wconf 92' lang='lat'>,</span> <span class='ocrx_word' id='word_1_181' title='bbox 743 2751 767 2779; x_wconf 85' lang='lat' dir='ltr'>a</span> <span class='ocrx_word' id='word_1_182' title='bbox 796 2738 1007 2792; x_wconf 78' lang='lat' dir='ltr'><em>liquando.</em></span> <span class='ocrx_word' id='word_1_183' title='bbox 1040 2735 1113 2780; x_wconf 86' lang='lat' dir='ltr'>Sic</span> 
     </span>
     <span class='ocr_line' id='line_1_31' title="bbox 266 2800 1114 2857; baseline 0 -14"><span class='ocrx_word' id='word_1_184' title='bbox 266 2800 426 2844; x_wconf 75' lang='lat' dir='ltr'>Noster</span> <span class='ocrx_word' id='word_1_185' title='bbox 438 2800 484 2843; x_wconf 87' lang='lat' dir='ltr'>in</span> <span class='ocrx_word' id='word_1_186' title='bbox 500 2800 653 2856; x_wconf 81' lang='lat' dir='ltr'>Fastis,</span> <span class='ocrx_word' id='word_1_187' title='bbox 671 2801 754 2855; x_wconf 85' lang='lat' dir='ltr'>IV,</span> <span class='ocrx_word' id='word_1_188' title='bbox 775 2803 849 2844; x_wconf 80' lang='lat'>152</span> <span class='ocrx_word' id='word_1_189' title='bbox 865 2803 1114 2857; x_wconf 69' lang='lat' dir='ltr'>:Eaepoessz‘s</span> 
     </span>
     <span class='ocr_line' id='line_1_32' title="bbox 268 2865 1112 2923; baseline 0.002 -15"><span class='ocrx_word' id='word_1_190' title='bbox 268 2865 399 2909; x_wconf 84' lang='lat' dir='ltr'>mella</span> <span class='ocrx_word' id='word_1_191' title='bbox 415 2865 578 2922; x_wconf 85' lang='lat' dir='ltr'>liquata</span> <span class='ocrx_word' id='word_1_192' title='bbox 585 2867 721 2923; x_wconf 71' lang='lat' dir='ltr'>savis.</span> <span class='ocrx_word' id='word_1_193' title='bbox 743 2867 793 2910; x_wconf 87' lang='lat' dir='ltr'>Id</span> <span class='ocrx_word' id='word_1_194' title='bbox 811 2867 1112 2921; x_wconf 80' lang='lat' dir='ltr'>inverterunt,</span> 
     </span>
     <span class='ocr_line' id='line_1_33' title="bbox 269 2929 1115 2990; baseline 0.007 -19"><span class='ocrx_word' id='word_1_195' title='bbox 269 2929 345 2985; x_wconf 88' lang='lat' dir='ltr'>qui</span> <span class='ocrx_word' id='word_1_196' title='bbox 356 2929 543 2986; x_wconf 85' lang='lat' dir='ltr'>primam</span> <span class='ocrx_word' id='word_1_197' title='bbox 553 2931 761 2990; x_wconf 82' lang='lat' dir='ltr'>syllabam</span> <span class='ocrx_word' id='word_1_198' title='bbox 770 2948 863 2975; x_wconf 91' lang='lat' dir='ltr'>non</span> <span class='ocrx_word' id='word_1_199' title='bbox 878 2948 999 2989; x_wconf 88' lang='lat' dir='ltr'>posse</span> <span class='ocrx_word' id='word_1_200' title='bbox 1011 2948 1115 2990; x_wconf 84' lang='lat' dir='ltr'>pro-</span> 
     </span>
     <span class='ocr_line' id='line_1_34' title="bbox 270 2993 874 3040; baseline 0.007 -4"><span class='ocrx_word' id='word_1_201' title='bbox 270 2993 373 3038; x_wconf 85' lang='lat' dir='ltr'>duci</span> <span class='ocrx_word' id='word_1_202' title='bbox 391 2993 687 3039; x_wconf 81' lang='lat' dir='ltr'>crediderunt.</span> <span class='ocrx_word' id='word_1_203' title='bbox 708 2997 874 3040; x_wconf 73' lang='lat' dir='ltr'>Hssms.</span> 
     </span>
    </p>

    <p class='ocr_par' dir='ltr' id='par_1_9' title="bbox 271 3060 1119 3446">
     <span class='ocr_line' id='line_1_35' title="bbox 330 3060 1117 3117; baseline 0.005 -16"><span class='ocrx_word' id='word_1_204' title='bbox 330 3074 419 3117; x_wconf 83' lang='lat'>¹79·</span> <span class='ocrx_word' id='word_1_205' title='bbox 440 3060 556 3101; x_wconf 82' lang='lat' dir='ltr'>Ecce</span> <span class='ocrx_word' id='word_1_206' title='bbox 565 3065 716 3114; x_wconf 68' lang='lat' dir='ltr'>petunt</span> <span class='ocrx_word' id='word_1_207' title='bbox 728 3077 850 3115; x_wconf 88' lang='lat' dir='ltr'>rupes</span> <span class='ocrx_word' id='word_1_208' title='bbox 862 3095 872 3113; x_wconf 92' lang='lat'><em>‚</em></span> <span class='ocrx_word' id='word_1_209' title='bbox 889 3068 1117 3117; x_wconf 78' lang='lat' dir='ltr'>pra-mpla-</span> 
     </span>
     <span class='ocr_line' id='line_1_36' title="bbox 271 3126 1115 3179; baseline 0.006 -14"><span class='ocrx_word' id='word_1_210' title='bbox 271 3139 347 3179; x_wconf 75' lang='lat' dir='ltr'>que</span> <span class='ocrx_word' id='word_1_211' title='bbox 381 3139 494 3166; x_wconf 73' lang='lat' dir='ltr'>saxa</span> <span class='ocrx_word' id='word_1_212' title='bbox 535 3128 715 3179; x_wconf 70' lang='lat' dir='ltr'>capelle.</span> <span class='ocrx_word' id='word_1_213' title='bbox 755 3126 1007 3170; x_wconf 83' lang='lat' dir='ltr'>Concursus</span> <span class='ocrx_word' id='word_1_214' title='bbox 1044 3127 1115 3170; x_wconf 87' lang='lat' dir='ltr'>ille</span> 
     </span>
     <span class='ocr_line' id='line_1_37' title="bbox 273 3188 1114 3250; baseline 0.004 -18"><span class='ocrx_word' id='word_1_215' title='bbox 273 3188 392 3233; x_wconf 88' lang='lat' dir='ltr'>idem</span> <span class='ocrx_word' id='word_1_216' title='bbox 414 3190 506 3233; x_wconf 88' lang='lat' dir='ltr'>sere</span> <span class='ocrx_word' id='word_1_217' title='bbox 539 3191 793 3234; x_wconf 72' lang='lat' dir='ltr'>sonantium</span> <span class='ocrx_word' id='word_1_218' title='bbox 820 3192 1082 3250; x_wconf 86' lang='lat' dir='ltr'>syllabarum</span> <span class='ocrx_word' id='word_1_219' title='bbox 1102 3226 1114 3248; x_wconf 94' lang='lat'>,</span> 
     </span>
     <span class='ocr_line' id='line_1_38' title="bbox 272 3256 1119 3312; baseline 0.005 -16"><span class='ocrx_word' id='word_1_220' title='bbox 272 3270 395 3309; x_wconf 84' lang='lat' dir='ltr'>rupes</span> <span class='ocrx_word' id='word_1_221' title='bbox 409 3262 716 3312; x_wconf 73' lang='lat' dir='ltr'>preruptoque,</span> <span class='ocrx_word' id='word_1_222' title='bbox 745 3256 882 3299; x_wconf 87' lang='lat' dir='ltr'>scabri</span> <span class='ocrx_word' id='word_1_223' title='bbox 903 3256 1007 3312; x_wconf 84' lang='lat' dir='ltr'>quid</span> <span class='ocrx_word' id='word_1_224' title='bbox 1029 3257 1119 3300; x_wconf 90' lang='lat' dir='ltr'>tin-</span> 
     </span>
     <span class='ocr_line' id='line_1_39' title="bbox 275 3319 1119 3366; baseline 0.004 -4"><span class='ocrx_word' id='word_1_225' title='bbox 275 3320 370 3362; x_wconf 64' lang='lat' dir='ltr'>nire</span> <span class='ocrx_word' id='word_1_226' title='bbox 405 3319 579 3363; x_wconf 83' lang='lat' dir='ltr'>videtur</span> <span class='ocrx_word' id='word_1_227' title='bbox 603 3336 613 3364; x_wconf 91' lang='lat'><strong>:</strong></span> <span class='ocrx_word' id='word_1_228' title='bbox 646 3329 762 3364; x_wconf 90' lang='lat' dir='ltr'>certe</span> <span class='ocrx_word' id='word_1_229' title='bbox 795 3321 912 3363; x_wconf 86' lang='lat' dir='ltr'>idem</span> <span class='ocrx_word' id='word_1_230' title='bbox 947 3321 1119 3366; x_wconf 88' lang='lat' dir='ltr'>Heinsii</span> 
     </span>
     <span class='ocr_line' id='line_1_40' title="bbox 276 3385 1117 3446; baseline 0.002 -18"><span class='ocrx_word' id='word_1_231' title='bbox 276 3400 401 3428; x_wconf 81' lang='lat' dir='ltr'>aures</span> <span class='ocrx_word' id='word_1_232' title='bbox 415 3385 620 3440; x_wconf 81' lang='lat' dir='ltr'>offendit,</span> <span class='ocrx_word' id='word_1_233' title='bbox 638 3386 828 3430; x_wconf 31' lang='lat' dir='ltr'>«Metam.</span> <span class='ocrx_word' id='word_1_234' title='bbox 849 3386 961 3429; x_wconf 59' lang='lat' dir='ltr'>lib]</span> <span class='ocrx_word' id='word_1_235' title='bbox 977 3419 988 3440; x_wconf 93' lang='lat'>,</span> <span class='ocrx_word' id='word_1_236' title='bbox 1011 3404 1089 3446; x_wconf 83' lang='lat'>7¹9</span> <span class='ocrx_word' id='word_1_237' title='bbox 1105 3420 1117 3442; x_wconf 92' lang='lat'>,</span> 
     </span>
    </p>
   </div>
   <div class='ocr_carea' id='block_1_8' title="bbox 277 3450 1118 3508">
    <p class='ocr_par' dir='ltr' id='par_1_10' title="bbox 277 3450 1118 3508">
     <span class='ocr_line' id='line_1_41' title="bbox 277 3450 1118 3508; baseline 0.006 -16"><span class='ocrx_word' id='word_1_238' title='bbox 277 3450 374 3506; x_wconf 89' lang='lat' dir='ltr'>qui,</span> <span class='ocrx_word' id='word_1_239' title='bbox 395 3466 474 3507; x_wconf 92' lang='lat' dir='ltr'>pro</span> <span class='ocrx_word' id='word_1_240' title='bbox 487 3457 734 3507; x_wconf 76' lang='lat' dir='ltr'>pra-ruptam</span> <span class='ocrx_word' id='word_1_241' title='bbox 753 3468 903 3508; x_wconf 69' lang='lat' dir='ltr'>rupem,</span> <span class='ocrx_word' id='word_1_242' title='bbox 921 3468 971 3495; x_wconf 83' lang='lat' dir='ltr'>ex</span> <span class='ocrx_word' id='word_1_243' title='bbox 986 3454 1118 3497; x_wconf 86' lang='lat' dir='ltr'>MSS.</span> 
     </span>
    </p>
   </div>
   <div class='ocr_carea' id='block_1_9' title="bbox 1181 1686 2071 3514">
    <p class='ocr_par' dir='ltr' id='par_1_11' title="bbox 1181 1686 2043 2006">
     <span class='ocr_line' id='line_1_42' title="bbox 1188 1686 2043 1747; baseline 0.006 -17"><span class='ocrx_word' id='word_1_244' title='bbox 1188 1686 1403 1744; x_wconf 76' lang='lat' dir='ltr'>rescripsit</span> <span class='ocrx_word' id='word_1_245' title='bbox 1426 1692 1615 1731; x_wconf 82' lang='lat' dir='ltr'>caulem:</span> <span class='ocrx_word' id='word_1_246' title='bbox 1635 1696 1844 1745; x_wconf 64' lang='lat' dir='ltr'>preterea</span> <span class='ocrx_word' id='word_1_247' title='bbox 1863 1707 1985 1747; x_wconf 80' lang='lat' dir='ltr'>rupes</span> <span class='ocrx_word' id='word_1_248' title='bbox 2000 1699 2043 1735; x_wconf 79' lang='lat' dir='ltr'>el</span> 
     </span>
     <span class='ocr_line' id='line_1_43' title="bbox 1181 1752 2035 1808; baseline 0.007 -14"><span class='ocrx_word' id='word_1_249' title='bbox 1181 1767 1294 1794; x_wconf 71' lang='lat' dir='ltr'>saxa</span> <span class='ocrx_word' id='word_1_250' title='bbox 1305 1758 1522 1808; x_wconf 76' lang='lat' dir='ltr'>proempla</span> <span class='ocrx_word' id='word_1_251' title='bbox 1539 1754 1629 1796; x_wconf 89' lang='lat' dir='ltr'>sere</span> <span class='ocrx_word' id='word_1_252' title='bbox 1651 1752 1768 1797; x_wconf 80' lang='lat' dir='ltr'>idem</span> <span class='ocrx_word' id='word_1_253' title='bbox 1790 1764 1960 1799; x_wconf 86' lang='lat' dir='ltr'>notant.</span> <span class='ocrx_word' id='word_1_254' title='bbox 1984 1757 2035 1800; x_wconf 85' lang='lat' dir='ltr'>ln</span> 
     </span>
     <span class='ocr_line' id='line_1_44' title="bbox 1185 1817 2038 1878; baseline 0.007 -19"><span class='ocrx_word' id='word_1_255' title='bbox 1185 1817 1401 1861; x_wconf 83' lang='lat' dir='ltr'>Vossiano</span> <span class='ocrx_word' id='word_1_256' title='bbox 1424 1826 1517 1861; x_wconf 82' lang='lat' dir='ltr'>erat</span> <span class='ocrx_word' id='word_1_257' title='bbox 1534 1850 1546 1872; x_wconf 89' lang='lat'>,</span> <span class='ocrx_word' id='word_1_258' title='bbox 1580 1824 1741 1861; x_wconf 73' lang='lat' dir='ltr'>montes</span> <span class='ocrx_word' id='word_1_259' title='bbox 1751 1828 2038 1878; x_wconf 74' lang='lat' dir='ltr'>preruptoque</span> 
     </span>
     <span class='ocr_line' id='line_1_45' title="bbox 1182 1881 2036 1941; baseline 0.007 -16"><span class='ocrx_word' id='word_1_260' title='bbox 1182 1898 1296 1925; x_wconf 71' lang='lat' dir='ltr'>sata</span> <span class='ocrx_word' id='word_1_261' title='bbox 1312 1894 1326 1921; x_wconf 82' lang='lat'>··</span> <span class='ocrx_word' id='word_1_262' title='bbox 1350 1881 1467 1938; x_wconf 83' lang='lat' dir='ltr'>quod</span> <span class='ocrx_word' id='word_1_263' title='bbox 1489 1881 1667 1926; x_wconf 81' lang='lat' dir='ltr'>defendi</span> <span class='ocrx_word' id='word_1_264' title='bbox 1690 1893 1854 1941; x_wconf 81' lang='lat' dir='ltr'>posset,</span> <span class='ocrx_word' id='word_1_265' title='bbox 1872 1902 1923 1929; x_wconf 85' lang='lat' dir='ltr'>ex</span> <span class='ocrx_word' id='word_1_266' title='bbox 1938 1885 2036 1930; x_wconf 85' lang='lat' dir='ltr'>Ca—</span> 
     </span>
     <span class='ocr_line' id='line_1_46' title="bbox 1183 1949 1605 2006; baseline 0.002 -13"><span class='ocrx_word' id='word_1_267' title='bbox 1183 1950 1297 1993; x_wconf 86' lang='lat' dir='ltr'>tonis</span> <span class='ocrx_word' id='word_1_268' title='bbox 1319 1949 1438 1993; x_wconf 86' lang='lat' dir='ltr'>Diris</span> <span class='ocrx_word' id='word_1_269' title='bbox 1457 1983 1469 2005; x_wconf 84' lang='lat'><em>,</em></span> <span class='ocrx_word' id='word_1_270' title='bbox 1500 1950 1576 2006; x_wconf 73' lang='grc'>134</span> <span class='ocrx_word' id='word_1_271' title='bbox 1595 1965 1605 1994; x_wconf 88' lang='lat'><strong>:</strong></span> 
     </span>
    </p>

    <p class='ocr_par' dir='ltr' id='par_1_12' title="bbox 1183 2025 2037 2130">
     <span class='ocr_line' id='line_1_47' title="bbox 1183 2025 1957 2069; baseline 0.003 -12"><span class='ocrx_word' id='word_1_272' title='bbox 1183 2025 1360 2057; x_wconf 67' lang='lat' dir='ltr'>nodorum</span> <span class='ocrx_word' id='word_1_273' title='bbox 1375 2031 1464 2067; x_wconf 72' lang='lat' dir='ltr'>pater</span> <span class='ocrx_word' id='word_1_274' title='bbox 1476 2036 1496 2056; x_wconf 88' lang='lat' dir='ltr'>o</span> <span class='ocrx_word' id='word_1_275' title='bbox 1509 2025 1587 2057; x_wconf 74' lang='lat' dir='ltr'>felix</span> <span class='ocrx_word' id='word_1_276' title='bbox 1597 2049 1606 2063; x_wconf 87' lang='lat'>‚</span> <span class='ocrx_word' id='word_1_277' title='bbox 1632 2037 1823 2069; x_wconf 71' lang='lat' dir='ltr'>semperque</span> <span class='ocrx_word' id='word_1_278' title='bbox 1838 2027 1932 2059; x_wconf 75' lang='lat' dir='ltr'>beate</span> <span class='ocrx_word' id='word_1_279' title='bbox 1947 2053 1957 2068; x_wconf 80' lang='lat'><em>,</em></span> 
     </span>
     <span class='ocr_line' id='line_1_48' title="bbox 1183 2088 2037 2130; baseline 0.002 -11"><span class='ocrx_word' id='word_1_280' title='bbox 1183 2088 1260 2119; x_wconf 72' lang='lat' dir='ltr'>Sive</span> <span class='ocrx_word' id='word_1_281' title='bbox 1275 2088 1358 2129; x_wconf 71' lang='lat' dir='ltr'>petis</span> <span class='ocrx_word' id='word_1_282' title='bbox 1372 2093 1496 2118; x_wconf 69' lang='lat' dir='ltr'>mounes</span> <span class='ocrx_word' id='word_1_283' title='bbox 1510 2093 1703 2128; x_wconf 68' lang='lat' dir='ltr'>praeruptos,</span> <span class='ocrx_word' id='word_1_284' title='bbox 1714 2099 1790 2119; x_wconf 74' lang='lat' dir='ltr'>san</span> <span class='ocrx_word' id='word_1_285' title='bbox 1802 2098 1981 2130; x_wconf 52' lang='lat' dir='ltr'>pren-razu.</span> <span class='ocrx_word' id='word_1_286' title='bbox 1997 2092 2037 2121; x_wconf 83' lang='grc' dir='ltr'>Β.</span> 
     </span>
    </p>

    <p class='ocr_par' dir='ltr' id='par_1_13' title="bbox 1185 2147 2041 2399">
     <span class='ocr_line' id='line_1_49' title="bbox 1246 2147 2041 2205; baseline 0.005 -14"><span class='ocrx_word' id='word_1_287' title='bbox 1246 2165 1260 2191; x_wconf 84' lang='grc' dir='ltr'><strong>ι</strong></span> <span class='ocrx_word' id='word_1_288' title='bbox 1269 2149 1334 2191; x_wconf 92' lang='grc' dir='ltr'>8ο.</span> <span class='ocrx_word' id='word_1_289' title='bbox 1341 2150 1444 2190; x_wconf 81' lang='lat' dir='ltr'>Jam</span> <span class='ocrx_word' id='word_1_290' title='bbox 1453 2147 1644 2203; x_wconf 74' lang='lat' dir='ltr'>oefirunt.</span> <span class='ocrx_word' id='word_1_291' title='bbox 1654 2149 1714 2190; x_wconf 81' lang='lat' dir='ltr'>U!</span> <span class='ocrx_word' id='word_1_292' title='bbox 1720 2149 1904 2205; x_wconf 67' lang='lat' dir='ltr'>referant</span> <span class='ocrx_word' id='word_1_293' title='bbox 1914 2167 1957 2193; x_wconf 91' lang='lat' dir='ltr'>m</span> <span class='ocrx_word' id='word_1_294' title='bbox 1964 2151 2041 2196; x_wconf 87' lang='lat' dir='ltr'>ulti</span> 
     </span>
     <span class='ocr_line' id='line_1_50' title="bbox 1187 2212 2040 2271; baseline 0.005 -16"><span class='ocrx_word' id='word_1_295' title='bbox 1187 2228 1238 2256; x_wconf 86' lang='lat' dir='ltr'>ex</span> <span class='ocrx_word' id='word_1_296' title='bbox 1258 2212 1453 2270; x_wconf 78' lang='lat' dir='ltr'>scriptis3</span> <span class='ocrx_word' id='word_1_297' title='bbox 1483 2212 1559 2256; x_wconf 85' lang='lat' dir='ltr'>sed</span> <span class='ocrx_word' id='word_1_298' title='bbox 1590 2213 1753 2271; x_wconf 84' lang='lat' dir='ltr'>Regius</span> <span class='ocrx_word' id='word_1_299' title='bbox 1777 2223 1821 2257; x_wconf 89' lang='lat' dir='ltr'>et</span> <span class='ocrx_word' id='word_1_300' title='bbox 1849 2231 1920 2258; x_wconf 84' lang='lat' dir='ltr'>sex</span> <span class='ocrx_word' id='word_1_301' title='bbox 1943 2217 2040 2271; x_wconf 87' lang='lat' dir='ltr'>alii,</span> 
     </span>
     <span class='ocr_line' id='line_1_51' title="bbox 1185 2277 2039 2333; baseline 0.007 -13"><span class='ocrx_word' id='word_1_302' title='bbox 1185 2279 1287 2321; x_wconf 81' lang='lat' dir='ltr'>Jaem</span> <span class='ocrx_word' id='word_1_303' title='bbox 1306 2278 1512 2333; x_wconf 67' lang='lat' dir='ltr'>mse-rent:</span> <span class='ocrx_word' id='word_1_304' title='bbox 1530 2277 1658 2321; x_wconf 86' lang='lat' dir='ltr'>bene.</span> <span class='ocrx_word' id='word_1_305' title='bbox 1679 2278 1889 2324; x_wconf 83' lang='lat' dir='ltr'>Francius</span> <span class='ocrx_word' id='word_1_306' title='bbox 1908 2284 2039 2325; x_wconf 87' lang='lat' dir='ltr'>corri-</span> 
     </span>
     <span class='ocr_line' id='line_1_52' title="bbox 1187 2341 1644 2399; baseline 0 -15"><span class='ocrx_word' id='word_1_307' title='bbox 1187 2342 1313 2399; x_wconf 86' lang='lat' dir='ltr'>gebat</span> <span class='ocrx_word' id='word_1_308' title='bbox 1330 2374 1341 2396; x_wconf 90' lang='lat'>,</span> <span class='ocrx_word' id='word_1_309' title='bbox 1365 2343 1482 2385; x_wconf 86' lang='lat' dir='ltr'>Ecce</span> <span class='ocrx_word' id='word_1_310' title='bbox 1483 2341 1644 2397; x_wconf 68' lang='lat' dir='ltr'>fierunt.</span> 
     </span>
    </p>

    <p class='ocr_par' dir='ltr' id='par_1_14' title="bbox 1189 2409 2046 2915">
     <span class='ocr_line' id='line_1_53' title="bbox 1249 2409 2040 2457; baseline 0.008 -6"><span class='ocrx_word' id='word_1_311' title='bbox 1249 2409 1337 2451; x_wconf 79' lang='lat'>181.</span> <span class='ocrx_word' id='word_1_312' title='bbox 1361 2409 1610 2452; x_wconf 78' lang='lat' dir='ltr'>Modulatur</span> <span class='ocrx_word' id='word_1_313' title='bbox 1630 2413 1836 2454; x_wconf 82' lang='lat' dir='ltr'>arundine</span> <span class='ocrx_word' id='word_1_314' title='bbox 1863 2428 2040 2457; x_wconf 81' lang='lat' dir='ltr'>carmen.</span> 
     </span>
     <span class='ocr_line' id='line_1_54' title="bbox 1190 2471 2044 2532; baseline 0.011 -19"><span class='ocrx_word' id='word_1_315' title='bbox 1190 2471 1445 2525; x_wconf 82' lang='lat' dir='ltr'>Moderatur,</span> <span class='ocrx_word' id='word_1_316' title='bbox 1461 2473 1492 2515; x_wconf 89' lang='lat' dir='ltr'>J</span> <span class='ocrx_word' id='word_1_317' title='bbox 1495 2474 1606 2517; x_wconf 87' lang='lat' dir='ltr'>ureti</span> <span class='ocrx_word' id='word_1_318' title='bbox 1621 2484 1818 2532; x_wconf 82' lang='lat' dir='ltr'>excerpta</span> <span class='ocrx_word' id='word_1_319' title='bbox 1830 2508 1842 2530; x_wconf 90' lang='lat'>,</span> <span class='ocrx_word' id='word_1_320' title='bbox 1856 2486 1900 2520; x_wconf 83' lang='lat' dir='ltr'>et</span> <span class='ocrx_word' id='word_1_321' title='bbox 1914 2479 2044 2522; x_wconf 88' lang='lat' dir='ltr'>multi</span> 
     </span>
     <span class='ocr_line' id='line_1_55' title="bbox 1189 2537 2040 2600; baseline 0.008 -20"><span class='ocrx_word' id='word_1_322' title='bbox 1189 2537 1257 2580; x_wconf 88' lang='lat' dir='ltr'>alii</span> <span class='ocrx_word' id='word_1_323' title='bbox 1271 2553 1280 2581; x_wconf 92' lang='lat'>:</span> <span class='ocrx_word' id='word_1_324' title='bbox 1292 2541 1525 2591; x_wconf 77' lang='lat' dir='ltr'>meditatur,</span> <span class='ocrx_word' id='word_1_325' title='bbox 1534 2555 1650 2583; x_wconf 86' lang='lat' dir='ltr'>unus</span> <span class='ocrx_word' id='word_1_326' title='bbox 1663 2539 1907 2586; x_wconf 85' lang='lat' dir='ltr'>Mediceus:</span> <span class='ocrx_word' id='word_1_327' title='bbox 1923 2545 2040 2600; x_wconf 85' lang='lat' dir='ltr'>quod</span> 
     </span>
     <span class='ocr_line' id='line_1_56' title="bbox 1189 2602 2043 2664; baseline 0.009 -19"><span class='ocrx_word' id='word_1_328' title='bbox 1189 2602 1331 2659; x_wconf 88' lang='lat' dir='ltr'>placet</span> <span class='ocrx_word' id='word_1_329' title='bbox 1345 2636 1356 2658; x_wconf 92' lang='lat'>,</span> <span class='ocrx_word' id='word_1_330' title='bbox 1370 2611 1420 2646; x_wconf 90' lang='lat' dir='ltr'>ut</span> <span class='ocrx_word' id='word_1_331' title='bbox 1433 2603 1559 2648; x_wconf 89' lang='lat' dir='ltr'>initio</span> <span class='ocrx_word' id='word_1_332' title='bbox 1569 2604 1712 2664; x_wconf 72' lang='lat' dir='ltr'>Tityri</span> <span class='ocrx_word' id='word_1_333' title='bbox 1727 2606 1967 2664; x_wconf 76' lang='lat' dir='ltr'>virgiliani.</span> <span class='ocrx_word' id='word_1_334' title='bbox 1982 2611 2043 2654; x_wconf 87' lang='lat' dir='ltr'>H.</span> 
     </span>
     <span class='ocr_line' id='line_1_57' title="bbox 1191 2669 2046 2732; baseline 0.006 -20"><span class='ocrx_word' id='word_1_335' title='bbox 1191 2669 1324 2713; x_wconf 88' lang='lat' dir='ltr'>Libro</span> <span class='ocrx_word' id='word_1_336' title='bbox 1345 2678 1493 2714; x_wconf 88' lang='lat' dir='ltr'>tamen</span> <span class='ocrx_word' id='word_1_337' title='bbox 1517 2671 1734 2726; x_wconf 85' lang='lat' dir='ltr'>Amor.1‚</span> <span class='ocrx_word' id='word_1_338' title='bbox 1757 2673 1878 2732; x_wconf 86' lang='lat' dir='ltr'>Eleg.</span> <span class='ocrx_word' id='word_1_339' title='bbox 1895 2689 1912 2717; x_wconf 85' lang='lat'>1</span> <span class='ocrx_word' id='word_1_340' title='bbox 1926 2710 1937 2731; x_wconf 94' lang='lat'>,</span> <span class='ocrx_word' id='word_1_341' title='bbox 1959 2677 2013 2721; x_wconf 90' lang='lat'>30</span> <span class='ocrx_word' id='word_1_342' title='bbox 2036 2692 2046 2717; x_wconf 87' lang='lat'><strong>:</strong></span> 
     </span>
     <span class='ocr_line' id='line_1_58' title="bbox 1191 2735 2042 2795; baseline 0.008 -18"><span class='ocrx_word' id='word_1_343' title='bbox 1191 2735 1595 2790; x_wconf 81' lang='lat' dir='ltr'>Musaperundenos</span> <span class='ocrx_word' id='word_1_344' title='bbox 1604 2753 1674 2780; x_wconf 88' lang='lat' dir='ltr'>em</span> <span class='ocrx_word' id='word_1_345' title='bbox 1680 2737 1735 2780; x_wconf 92' lang='lat' dir='ltr'>od</span> <span class='ocrx_word' id='word_1_346' title='bbox 1741 2738 1897 2781; x_wconf 85' lang='lat' dir='ltr'>ulanda</span> <span class='ocrx_word' id='word_1_347' title='bbox 1899 2744 2042 2795; x_wconf 85' lang='lat' dir='ltr'>pedes.</span> 
     </span>
     <span class='ocr_line' id='line_1_59' title="bbox 1194 2798 2043 2861; baseline 0.009 -21"><span class='ocrx_word' id='word_1_348' title='bbox 1194 2798 1253 2842; x_wconf 84' lang='lat' dir='ltr'>Et</span> <span class='ocrx_word' id='word_1_349' title='bbox 1266 2802 1521 2843; x_wconf 75' lang='lat' dir='ltr'>modulatum</span> <span class='ocrx_word' id='word_1_350' title='bbox 1532 2816 1697 2844; x_wconf 82' lang='lat' dir='ltr'>carmen</span> <span class='ocrx_word' id='word_1_351' title='bbox 1711 2804 1885 2859; x_wconf 87' lang='lat' dir='ltr'>proprie</span> <span class='ocrx_word' id='word_1_352' title='bbox 1896 2838 1908 2859; x_wconf 91' lang='lat'>,</span> <span class='ocrx_word' id='word_1_353' title='bbox 1926 2805 2043 2861; x_wconf 88' lang='lat' dir='ltr'>quod</span> 
     </span>
     <span class='ocr_line' id='line_1_60' title="bbox 1194 2865 1944 2915; baseline 0.009 -7"><span class='ocrx_word' id='word_1_354' title='bbox 1194 2865 1246 2909; x_wconf 87' lang='lat' dir='ltr'>ad</span> <span class='ocrx_word' id='word_1_355' title='bbox 1269 2867 1424 2910; x_wconf 89' lang='lat' dir='ltr'>modos</span> <span class='ocrx_word' id='word_1_356' title='bbox 1441 2868 1628 2912; x_wconf 85' lang='lat' dir='ltr'>musicos</span> <span class='ocrx_word' id='word_1_357' title='bbox 1645 2878 1710 2912; x_wconf 88' lang='lat' dir='ltr'>est</span> <span class='ocrx_word' id='word_1_358' title='bbox 1731 2869 1944 2915; x_wconf 56' lang='lat' dir='ltr'>exactum&#39;.</span> 
     </span>
    </p>

    <p class='ocr_par' dir='ltr' id='par_1_15' title="bbox 1189 2933 2071 3301">
     <span class='ocr_line' id='line_1_61' title="bbox 1253 2933 2071 2990; baseline 0.01 -16"><span class='ocrx_word' id='word_1_359' title='bbox 1253 2933 1342 2975; x_wconf 84' lang='lat'>185.</span> <span class='ocrx_word' id='word_1_360' title='bbox 1378 2935 1511 2986; x_wconf 77' lang='lat' dir='ltr'>Quid,</span> <span class='ocrx_word' id='word_1_361' title='bbox 1545 2949 1668 2988; x_wconf 80' lang='lat' dir='ltr'>quum</span> <span class='ocrx_word' id='word_1_362' title='bbox 1695 2940 1934 2990; x_wconf 69' lang='lat' dir='ltr'>suppos-ilas</span> <span class='ocrx_word' id='word_1_363' title='bbox 1962 2947 2044 2982; x_wconf 90' lang='lat' dir='ltr'>etc.</span> <span class='ocrx_word' id='word_1_364' title='bbox 2060 2965 2071 2970; x_wconf 37' lang='lat' dir='ltr'>x</span> 
     </span>
     <span class='ocr_line' id='line_1_62' title="bbox 1194 2998 2043 3060; baseline 0.005 -20"><span class='ocrx_word' id='word_1_365' title='bbox 1194 2998 1440 3054; x_wconf 75' lang='lat' dir='ltr'>suppositos</span> <span class='ocrx_word' id='word_1_366' title='bbox 1477 3003 1603 3042; x_wconf 74' lang='lat' dir='ltr'>laxos</span> <span class='ocrx_word' id='word_1_367' title='bbox 1637 2999 1667 3043; x_wconf 88' lang='lat' dir='ltr'>J</span> <span class='ocrx_word' id='word_1_368' title='bbox 1671 3001 1783 3045; x_wconf 79' lang='lat' dir='ltr'>ureti</span> <span class='ocrx_word' id='word_1_369' title='bbox 1813 3013 2014 3060; x_wconf 80' lang='lat' dir='ltr'>excerpta</span> <span class='ocrx_word' id='word_1_370' title='bbox 2033 3018 2043 3044; x_wconf 76' lang='grc' dir='ltr'>ε</span> 
     </span>
     <span class='ocr_line' id='line_1_63' title="bbox 1195 3067 2040 3119; baseline 0.008 -13"><span class='ocrx_word' id='word_1_371' title='bbox 1195 3069 1448 3119; x_wconf 84' lang='lat' dir='ltr'>composilos</span> <span class='ocrx_word' id='word_1_372' title='bbox 1475 3070 1601 3107; x_wconf 71' lang='lat' dir='ltr'>taxos</span> <span class='ocrx_word' id='word_1_373' title='bbox 1630 3067 1894 3111; x_wconf 83' lang='lat' dir='ltr'>Puteaneus.</span> <span class='ocrx_word' id='word_1_374' title='bbox 1939 3069 2040 3113; x_wconf 85' lang='lat' dir='ltr'>Re-</span> 
     </span>
     <span class='ocr_line' id='line_1_64' title="bbox 1197 3130 2045 3191; baseline 0.009 -21"><span class='ocrx_word' id='word_1_375' title='bbox 1197 3130 1290 3186; x_wconf 89' lang='lat' dir='ltr'>gius</span> <span class='ocrx_word' id='word_1_376' title='bbox 1307 3162 1318 3183; x_wconf 94' lang='lat'>,</span> <span class='ocrx_word' id='word_1_377' title='bbox 1340 3135 1591 3183; x_wconf 80' lang='lat' dir='ltr'>compositos</span> <span class='ocrx_word' id='word_1_378' title='bbox 1593 3130 1754 3186; x_wconf 83' lang='lat' dir='ltr'>fumos.</span> <span class='ocrx_word' id='word_1_379' title='bbox 1775 3133 1895 3191; x_wconf 84' lang='lat' dir='ltr'>Lego</span> <span class='ocrx_word' id='word_1_380' title='bbox 1911 3167 1923 3188; x_wconf 86' lang='lat'>,</span> <span class='ocrx_word' id='word_1_381' title='bbox 1945 3151 2045 3191; x_wconf 85' lang='lat' dir='ltr'>sup-</span> 
     </span>
     <span class='ocr_line' id='line_1_65' title="bbox 1189 3195 2041 3251; baseline 0.011 -17"><span class='ocrx_word' id='word_1_382' title='bbox 1189 3197 1357 3247; x_wconf 82' lang='lat' dir='ltr'>posilas</span> <span class='ocrx_word' id='word_1_383' title='bbox 1382 3200 1507 3236; x_wconf 77' lang='lat' dir='ltr'><em>laxos</em></span> <span class='ocrx_word' id='word_1_384' title='bbox 1524 3211 1538 3238; x_wconf 88' lang='grc'>.·</span> <span class='ocrx_word' id='word_1_385' title='bbox 1559 3195 1642 3238; x_wconf 86' lang='lat' dir='ltr'>nisi</span> <span class='ocrx_word' id='word_1_386' title='bbox 1663 3197 1821 3251; x_wconf 85' lang='lat' dir='ltr'>mavis,</span> <span class='ocrx_word' id='word_1_387' title='bbox 1847 3203 2041 3242; x_wconf 79' lang='lat' dir='ltr'>combus-</span> 
     </span>
     <span class='ocr_line' id='line_1_66' title="bbox 1197 3264 1422 3301; baseline 0.004 -1"><span class='ocrx_word' id='word_1_388' title='bbox 1197 3264 1267 3300; x_wconf 80' lang='lat' dir='ltr'>tas</span> <span class='ocrx_word' id='word_1_389' title='bbox 1285 3264 1422 3301; x_wconf 72' lang='lat' dir='ltr'>laxos.</span> 
     </span>
    </p>

    <p class='ocr_par' dir='ltr' id='par_1_16' title="bbox 1200 3324 2053 3514">
     <span class='ocr_line' id='line_1_67' title="bbox 1260 3324 2046 3383; baseline 0.009 -18"><span class='ocrx_word' id='word_1_390' title='bbox 1260 3342 1273 3365; x_wconf 89' lang='lat'>1</span> <span class='ocrx_word' id='word_1_391' title='bbox 1284 3324 1349 3367; x_wconf 79' lang='lat'>85.</span> <span class='ocrx_word' id='word_1_392' title='bbox 1370 3326 1687 3369; x_wconf 80' lang='lat' dir='ltr'>Bemlivimina</span> <span class='ocrx_word' id='word_1_393' title='bbox 1699 3328 1942 3383; x_wconf 62' lang='lat' dir='ltr'>cur-vasari.</span> <span class='ocrx_word' id='word_1_394' title='bbox 1971 3332 2046 3373; x_wconf 76' lang='lat' dir='ltr'>Vi-</span> 
     </span>
     <span class='ocr_line' id='line_1_68' title="bbox 1200 3392 2051 3451; baseline 0.008 -20"><span class='ocrx_word' id='word_1_395' title='bbox 1200 3394 1315 3432; x_wconf 77' lang='lat' dir='ltr'><em>mt&#39;na</em></span> <span class='ocrx_word' id='word_1_396' title='bbox 1327 3396 1449 3441; x_wconf 68' lang='lat' dir='ltr'>toria,</span> <span class='ocrx_word' id='word_1_397' title='bbox 1461 3392 1652 3447; x_wconf 84' lang='lat' dir='ltr'>optimus</span> <span class='ocrx_word' id='word_1_398' title='bbox 1661 3393 1929 3446; x_wconf 87' lang='lat' dir='ltr'>Puteaneus;</span> <span class='ocrx_word' id='word_1_399' title='bbox 1940 3412 2051 3451; x_wconf 87' lang='lat' dir='ltr'>quo-</span> 
     </span>
     <span class='ocr_line' id='line_1_69' title="bbox 1202 3455 2053 3514; baseline 0.009 -17"><span class='ocrx_word' id='word_1_400' title='bbox 1202 3455 1336 3501; x_wconf 85' lang='lat' dir='ltr'><strong>modo</strong></span> <span class='ocrx_word' id='word_1_401' title='bbox 1354 3456 1488 3512; x_wconf 82' lang='lat' dir='ltr'>funes</span> <span class='ocrx_word' id='word_1_402' title='bbox 1513 3462 1632 3509; x_wconf 80' lang='lat' dir='ltr'>torti,</span> <span class='ocrx_word' id='word_1_403' title='bbox 1669 3463 1824 3514; x_wconf 77' lang='lat' dir='ltr'>capilli</span> <span class='ocrx_word' id='word_1_404' title='bbox 1848 3465 1968 3514; x_wconf 78' lang='lat' dir='ltr'>lorti,</span> <span class='ocrx_word' id='word_1_405' title='bbox 2009 3471 2053 3506; x_wconf 76' lang='lat' dir='ltr'>et</span> 
     </span>
    </p>
   </div>
  </div>
 </body>
</html>
