2268 3776
621 308 1218 367 MEDICAMINA
1265 311 1590 367 FAclm.
1860 312 1962 382 451

190 428 352 490 Parte
384 428 567 489 minus
595 442 790 511 quarta
815 427 1108 511 dereptum
1139 428 1343 489 cortice
1366 428 1603 506 gummi,

271 530 346 588 Et
371 526 648 588 modicum
676 549 704 586 e
730 525 969 609 myrrhis
998 524 1304 610 pinguibus
1334 526 1472 587 adde
1501 525 1723 587 cubum.

191 624 323 684 Haec
348 623 449 684 ubi
480 622 770 696 contriris,
802 647 903 707 per
930 623 1098 685 densa
1122 622 1393 684 foramina
1423 645 1581 684 cerne
1608 647 1622 683 z

273 724 462 787 Pulvis
487 724 556 786 ab
579 725 763 786 infuso
790 725 950 787 melle
979 725 1312 810 premendus
1340 726 1460 787 erit.
1917 758 1973 802 90

194 828 413 890 Profuit
442 843 498 890 et
524 829 831 891 marathros
859 830 1003 892 bene
1032 830 1313 892 olentibus
1341 830 1540 892 addere
1569 829 1836 914 myrrhis;

275 930 541 1016 Quinque
569 931 790 994 trahant
815 932 1079 995 marathri
1108 930 1366 1017 scrupula
1389 958 1401 994 :
1427 931 1648 1017 myrrha
1665 978 1680 1006 ,
1709 956 1930 1004 novem;

192 1034 528 1118 Arentisque
553 1058 692 1096 rosae
720 1048 990 1119 quantum
1018 1058 1214 1096 manus
1239 1055 1349 1096 una
1377 1034 1719 1119 prehendat,

277 1136 528 1220 Cumque
557 1136 923 1198 Ammoniaco
949 1137 1191 1198 mascula
1219 1152 1342 1199 tura
1371 1136 1497 1199 sale.

193 1237 419 1300 Hordea
449 1261 611 1322 quem
637 1238 846 1300 faciunt
874 1237 985 1301 illis
1015 1239 1256 1301 adfunde
1285 1262 1618 1301 cremorem:
1920 1259 1976 1314 95

275 1340 526 1423 AEquent
554 1365 819 1424 expensas
846 1366 971 1403 cum
1000 1339 1110 1403 sale
1140 1356 1263 1403 tura
1291 1365 1461 1402 rosas.

192 1441 464 1525 Tempore
494 1443 570 1504 sis
597 1467 766 1527 parvo
795 1442 990 1505 molles
1021 1443 1151 1505 licet
1177 1443 1316 1504 illita
1339 1443 1554 1515 vultus,

249 1628 315 1686 87.
336 1630 556 1687 Dtreplum
576 1635 730 1675 cortice
745 1635 913 1687 gummi.
931 1630 1046 1688 Lege

194 1695 424 1750 dereptum,
456 1704 501 1739 et
520 1695 619 1740 vide
642 1711 738 1753 quae
763 1705 913 1740 notata
945 1703 1048 1741 sunt

197 1759 350 1803 Amor.
381 1761 433 1816 1,
461 1761 583 1819 Eleg.
606 1775 659 1815 v,
686 1762 747 1804 13.

250 1825 316 1869 88.
340 1826 497 1870 Cibum.
515 1826 642 1870 Alter
661 1826 771 1870 liber
792 1826 1045 1881 Vaticanus,

196 1899 240 1936 et
249 1892 378 1936 ambo
386 1892 612 1936 Masseiani
625 1893 847 1951 perspicue
859 1892 1044 1936 habent:

195 1958 304 2000 adde
320 1960 468 2001 cubum
486 1974 498 2001 .-
520 1957 684 2015 optime
706 1974 716 2002 :
739 1963 842 2007 κύςος
860 1957 1012 2002 Graece
1033 1974 1044 2009 ;

205 2023 380 2066 Tessera
408 2022 563 2066 Latine
585 2038 596 2066 ε
618 2025 747 2066 Dodo
770 2022 915 2066 Italice
935 2056 946 2076 ,
969 2030 1046 2066 est.

196 2086 236 2130 Τ
239 2087 314 2131 alis
328 2088 460 2149 igitur
472 2087 556 2133 hoe
573 2088 668 2132 loco
684 2105 834 2133 sensus
850 2105 860 2133 ι
876 2097 920 2132 et
935 2087 1045 2132 adde

193 2153 419 2199 modicum
436 2154 599 2199 c‘ubum
615 2171 639 2199 e
660 2154 852 2214 myrrhis
872 2154 1048 2211 pingui-

194 2220 276 2264 bus
295 2220 364 2264 :id
382 2229 470 2276 est,
488 2230 666 2266 tantum
677 2238 727 2266 ex
742 2221 932 2281 myrrhis
950 2221 1048 2278 pin-

196 2285 350 2343 guibus
365 2285 562 2342 detrahe,
574 2295 618 2330 et
635 2286 684 2330 iis
697 2319 708 2341 ,
721 2286 921 2343 quaejam
933 2285 1048 2330 dicta

195 2358 325 2406 sunt,
347 2349 457 2395 adde
471 2383 484 2407 ,
501 2360 690 2408 quantus
709 2360 774 2395 est
794 2367 952 2409 parvus
968 2366 1049 2395 cu-

195 2416 289 2460 bus.
310 2416 350 2460 A
371 2420 476 2467 κύὸος
494 2418 615 2461 venit
635 2421 800 2463 κυὸεύειν
813 2450 825 2474 ‚
846 2416 964 2475 quod
984 2425 1048 2461 est

196 2482 366 2526 tesseris
386 2481 551 2526 ludere.
574 2481 707 2527 (3101*-

250 2549 318 2607 89.
347 2549 452 2591 Haec
471 2551 550 2592 ubi
559 2553 754 2593 contrin's
773 2557 852 2592 etc.
877 2550 1048 2592 Contri-

196 2615 303 2655 ven‘s
314 2613 455 2670 prima
466 2613 600 2658 editio
612 2622 656 2658 et
670 2614 864 2672 plerique
877 2613 1044 2670 scripti:

195 2682 420 2722 conterere}
452 2679 620 2723 Moreti
647 2679 795 2723 codex.
821 2681 1048 2722 Cantabris

196 2759 277 2801 pro
296 2746 550 2788 conlabens.
568 2745 685 2788 Nam
705 2742 932 2788 Charisius
952 2759 1046 2786 no-

197 2817 260 2853 tat
281 2825 332 2852 ex
353 2808 565 2867 Apuleio,
597 2812 720 2859 Tero,
745 2813 845 2852 terii
859 2817 903 2853 et
924 2814 1046 2853 trivi:

196 2873 401 2918 dicebant
419 2882 463 2918 et
487 2879 680 2918 conterui.
705 2875 771 2918 Ut
789 2873 882 2918 haec
902 2873 1048 2918 cohae-

195 2947 324 2982 reant
350 2955 453 2982 cum
483 2940 764 2996 sequentibus
782 2973 794 2995 ‚
821 2939 1047 2998 castigan-

197 3005 307 3049 dum
326 3006 438 3049 sorte
459 3021 470 3049 ε

197 3081 261 3112 liis
270 3104 282 3120 ‚
298 3079 355 3112 ubi
367 3080 536 3112 contrieris
545 3103 555 3118 ‚
570 3090 627 3122 per
641 3079 740 3111 densa
750 3078 909 3111 soi-nmina
923 3080 1020 3111 cretis
1035 3103 1046 3119 ‚

237 3142 352 3174 Pulvis
366 3141 406 3173 ab
420 3141 528 3172 infuso
542 3141 637 3171 melle
650 3141 844 3182 premendus
857 3141 931 3171 erit.

199 3203 353 3246 Posset
373 3201 551 3245 defendi
571 3205 788 3252 contn’nk,
815 3210 866 3245 ut
890 3205 1056 3246 ι’πίηἱςίί

198 3266 315 3326 apud
336 3267 516 3310 Terent.
538 3265 719 3310 Phorm.
740 3266 808 3320 II,
832 3279 892 3321 11,
913 3268 952 3321 4.

256 3349 283 3392 9
290 3350 306 3375 ι
314 3365 323 3375 .
333 3333 568 3376 Marathos.
579 3331 784 3376 Arbitror
793 3330 1047 3388 legendum,

199 3399 461 3449 Marathos,
479 3406 528 3441 ut
549 3397 802 3441 soeniculum
822 3396 1048 3454 significet..

201 3462 355 3520 Neque
378 3471 592 3520 repugnat
613 3479 775 3522 genus,
797 3478 935 3519 quum
956 3461 1048 3519 ple-

1130 1645 1266 1688 raque
1288 1629 1505 1688 ejusmodi
1525 1630 1706 1674 nomina
1734 1630 1780 1674 in
1801 1647 1853 1674 us
1872 1639 1916 1675 et
1935 1633 1980 1675 in

1130 1714 1199 1742 um
1218 1695 1431 1742 declinata
1447 1697 1746 1755 reperiantur-3
1765 1705 1813 1740 ut
1826 1699 1983 1742 Ilisso-

1121 1779 1206 1819 pus
1218 1797 1227 1814 ,
1246 1764 1475 1819 lltlrsopum
1491 1795 1503 1817 ,
1519 1764 1696 1821 Inlybus
1715 1768 1760 1805 c!
1770 1764 1975 1820 Inlsbum.

1127 1843 1274 1871 crocus
1294 1837 1339 1870 et
1358 1843 1544 1879 crocum,
1570 1835 1616 1870 et
1637 1826 1678 1870 id
1703 1843 1840 1884 genus
1861 1828 1953 1871 alia.

1186 1909 1253 1952 92.
1288 1894 1479 1949 Quinque
1490 1900 1655 1949 parent.
1685 1893 1891 1938 Muretus
1911 1894 1983 1937 le-

1130 1956 1191 2013 git
1206 1989 1219 2011 ,
1238 1958 1429 2012 Quinque
1446 1960 1620 2000 trahant
1632 1974 1645 1999 .·
1657 1957 1774 2014 quod
1795 1958 1981 2001 verbum

1131 2023 1183 2067 ad
1212 2023 1384 2081 pondus
1406 2024 1589 2068 mirifice
1612 2025 1981 2073 accommodatur.

1130 2087 1203 2132 Sic
1213 2086 1355 2133 Graeci
1369 2097 1556 2132 utuntur
1566 2089 1700 2132 verbo
1711 2095 1839 2134 ἳλκειν.
1854 2088 1985 2133 Clor.

1129 2157 1296 2199 Paron!
1310 2154 1456 2212 scripti
1477 2154 1695 2212 plerique,
1717 2171 1820 2199 cum
1841 2156 1981 2213 prima

1129 2219 1336 2264 editione.
1367 2222 1458 2264 Pro
1476 2237 1619 2264 novem
1641 2221 1820 2278 quidam
1852 2221 1949 2265 libri
1972 2255 1983 2277 ,

1129 2287 1279 2329 decem.
1306 2285 1438 2330 Cror.

1184 2354 1252 2410 95.
1285 2352 1525 2395 Cnmorem.
1550 2353 1719 2394 Cremor
1739 2350 1783 2394 id
1804 2352 1982 2394 sortasse

1130 2425 1195 2460 est
1212 2449 1223 2469 ,
1248 2415 1365 2473 quod
1401 2415 1679 2460 Dioscorides
1710 2419 1863 2479 ›epipam-u
1893 2416 1980 2459 ad-

1130 2481 1273 2538 pellat.
1309 2480 1544 2525 Cornelius
1580 2481 1734 2526 Celsus
1767 2499 1985 2525 cremorem

1118 2550 1303 2602 ptisana·
1316 2579 1326 2596 ‚
1351 2562 1437 2603 pro
1457 2562 1586 2591 suoco
1604 2547 1696 2591 sere
1726 2548 1878 2605 accipit
1898 2581 1909 2603 ,
1933 2557 1979 2591 ut

1126 2610 1197 2654 hic
1218 2611 1347 2656 Naso.
1370 2612 1502 2654 MAR.

1181 2674 1249 2734 96.
1268 2677 1506 2730 Expensas.
1526 2675 1598 2719 Ad
1619 2676 1774 2720 libram
1794 2677 1954 2721 scilicet
1970 2712 1980 2731 ,

1127 2738 1172 2782 id
1192 2748 1279 2795 est,
1317 2741 1591 2797 ponderatas.
1619 2742 1814 2799 Apparet
1835 2751 1981 2785 autem

1127 2806 1212 2850 hoc
1229 2823 1409 2850 carmen
1423 2812 1571 2851 κωλυςὲν
1587 2823 1677 2851 esse
1691 2836 1704 2858 ,
1725 2824 1774 2850 ac
1792 2823 1872 2850 suo
1893 2807 1979 2851 fine

1126 2887 1288 2915 carere.
1309 2872 1424 2915 Nam
1436 2887 1606 2926 versus,
1622 2872 1698 2928 qui
1714 2871 1869 2916 ultimo
1886 2872 1980 2915 loco

1127 2946 1383 2994 ponuntur,
1410 2937 1544 2980 etiam
1566 2936 1670 2980 alios
1690 2937 1903 2993 quosdam
1928 2937 1982 2980 ad

1128 3002 1468 3059 descriptionem
1477 3011 1662 3059 coeptam
1673 3002 1980 3045 absolvendam

1129 3066 1346 3123 postulare
1371 3065 1592 3109 videntur.
1615 3066 1788 3109 MICYI..

1184 3148 1250 3190 97.
1265 3132 1424 3174 Mollis.
1440 3130 1560 3187 Lego
1580 3147 1631 3173 ex
1647 3129 1826 3173 vetustis
1842 3147 1983 3174 exem-

1129 3197 1319 3254 plaribus
1328 3200 1486 3249 mulier,
1498 3207 1548 3240 ut
1559 3197 1711 3254 aliquis
1724 3214 1874 3242 sensus
1888 3198 1983 3241 elici

1131 3262 1263 3319 possit
1281 3270 1348 3306 :et
1362 3278 1414 3305 ex
1427 3278 1620 3306 manusc.
1634 3263 1852 3306 codicibus
1872 3266 1987 3305 illita

1130 3333 1289 3372 vultum
1304 3363 1315 3380 ,
1340 3338 1389 3372 ut
1407 3329 1462 3373 sit
1479 3330 1765 3388 synecdoche.
1800 3331 1949 3374 Scribe
1969 3363 1981 3384 ‚

1139 3397 1337 3449 Tempore
1354 3399 1418 3437 sic
1434 3411 1567 3450 parvo
1587 3399 1737 3437 mulier
1754 3399 1859 3437 linet
1872 3399 1987 3437 illita

1133 3465 1322 3506 vultum:
1338 3461 1405 3505 vel
1421 3494 1432 3517 ,
1451 3465 1572 3505 linat.
1592 3460 1790 3517 Deinde,
1805 3464 1994 3505 lia-tebit
