2268 3776
611 307 999 385 AMORUM
1046 309 1095 362 1.
1145 304 1391 362 ELEG.
1442 304 1601 363 VII.

1924 328 1998 386 29

222 431 324 504 Et,
356 426 554 489 vindex
583 425 642 487 in
664 438 839 488 matre
868 422 1068 508 patris,
1100 420 1277 482 malus
1304 419 1457 482 ultor
1484 422 1739 496 Orestes,

300 525 487 588 Ausus
516 523 576 583 in
606 545 828 584 arcanas
860 543 1088 605 poscere
1117 517 1226 581 tela
1252 519 1437 580 Deas?
1952 554 1999 582 ιι.

221 622 372 701 Ergo
402 643 506 699 ego
539 618 782 699 digestos
808 618 972 702 potui
1000 616 1206 678 violare
1235 614 1469 700 capillos
1493 618 1507 677 ἱ

300 720 416 779 Nec
447 717 726 778 dominam
755 730 918 777 motae
946 715 1246 778 dedecuere
1273 717 1491 776 coma-,⁰2³

220 814 313 877 Sic
339 814 586 875 formosa
613 812 750 886 fuit;
784 811 948 874 talem
978 811 1309 875 Schoeneida
1338 813 1534 874 dicunt

301 909 586 973 Maenalias
616 934 745 971 arcu
776 909 1105 972 sollicitasse
1134 909 1294 971 seras.

218 1006 372 1070 Talis
394 1007 604 1091 perjuri
633 1006 1018 1091 promissaque
1048 1004 1276 1090 velaque
1305 1004 1509 1067 Thesei
1955 1026 2003 1069 15

302 1104 486 1167 Flevit
512 1103 824 1188 praecipites
854 1104 1053 1165 Cressa
1083 1101 1276 1164 tulisse
1305 1103 1502 1164 Notos.

219 1208 337 1283 Sic,
367 1207 478 1269 nisi
504 1205 715 1268 vittatis
747 1205 900 1289 quod
923 1221 1041 1267 erat
1070 1204 1381 1268 Cassandra
1411 1202 1654 1288 capillis,

301 1309 614 1373 Procubuit
643 1307 853 1392 templo
873 1355 889 1384 ‚
921 1323 1071 1371 casta
1099 1309 1356 1371 Minerva
1374 1355 1390 1383 ,
1423 1322 1541 1370 tuo.

274 1506 315 1551 9.
332 1490 482 1534 Malus
499 1491 616 1532 ultor
635 1489 819 1531 orestes.
836 1487 973 1531 Recte
989 1504 1076 1531 ma-

219 1556 288 1599 lus
307 1556 423 1598 ultor
438 1587 452 1606 ‚
488 1553 589 1610 qui,
625 1560 675 1596 ut
696 1561 867 1610 patrem
889 1569 913 1596 a
934 1561 1076 1597 matre

220 1634 298 1664 sua
324 1626 565 1663 mactatum
596 1617 878 1662 ulcisceretur
894 1650 907 1673 ‚
939 1618 1078 1676 ipsam

222 1684 454 1730 interfecit.
464 1682 566 1727 Vid.
579 1683 609 1727 J
612 1699 681 1726 uv.
692 1682 892 1739 Sat.v111,
907 1699 966 1726 vs.
980 1700 1004 1725 α
1013 1685 1075 1737 ι4.

282 1765 346 1794 ιο.
365 1750 512 1794 Ausus
529 1752 576 1792 1'n
595 1762 781 1791 arcanas
791 1763 969 1803 poscere
988 1750 1078 1790 tela

223 1815 358 1858 Deos.
378 1813 433 1858 In
447 1812 602 1858 Furias
614 1844 627 1867 ‚
645 1828 751 1868 quas
760 1812 922 1856 facibus
939 1820 983 1856 et
1001 1827 1077 1870 pu·

223 1876 352 1934 gione
366 1885 552 1922 armatas
565 1876 777 1921 instantes
794 1876 956 1934 ubique
969 1876 1048 1920 sibi
1061 1909 1074 1932 ,

220 1940 268 1986 in
281 1941 498 2000 parricidii
510 1956 686 2000 poenam
698 1973 710 1996 ,
726 1940 875 1985 videre
894 1940 1078 1986 Orestes

221 2008 523 2053 arbitrabatur.
559 2009 598 2053 F
600 2007 706 2052 uria
737 2007 896 2065 quippe
928 2024 950 2046 κ
968 2006 1078 2052 Dea

221 2072 523 2131 speculatrices
544 2081 590 2117 et
607 2072 802 2117 vindices
829 2072 1078 2116 facinorum

221 2144 267 2181 et
282 2135 511 2182 scelerum.
525 2155 548 2176 »ι
573 2135 666 2181 Cic.
681 2136 736 2182 de
749 2137 804 2181 N.
827 2135 886 2180 D.
900 2148 976 2190 ιιι,
1001 2137 1078 2179 18:

221 2201 364 2246 Erant
372 2211 522 2248 autem
531 2202 578 2246 in
592 2201 720 2247 terris
729 2204 866 2246 stn'a·
878 2218 891 2245 .·
910 2202 959 2245 in
973 2201 1079 2245 oelo

219 2268 368 2320 Dinn-
393 2266 508 2325 apud
525 2267 696 2312 Inseros
715 2268 975 2311 Eumenides
990 2280 1007 2319 ,·
1033 2274 1081 2310 et

223 2340 311 2376 tres
342 2331 524 2389 quidem
542 2347 734 2377 numero
749 2364 764 2388 ,
799 2332 1041 2389 Tisiphone
1063 2363 1077 2386 ,

226 2395 382 2440 Alecto
396 2427 410 2451 ‚
433 2397 643 2454 Megara.

286 2478 349 2505 ιι.
366 2463 573 2518 De'gestos
582 2467 712 2519 potui
717 2465 878 2507 violam
891 2465 1083 2519 capillos.

229 2527 415 2570 zamam
430 2527 603 2585 scripti,
624 2537 742 2572 recte
759 2544 770 2580 ;
794 2544 900 2571 nam
921 2531 1082 2572 violam

227 2591 320 2648 jam
343 2602 620 2651 praecesserat
644 2593 774 2651 paulo
803 2601 920 2638 ante.
950 2594 1018 2640 Ita
1037 2600 1083 2637 et

229 2658 278 2701 in
296 2658 368 2702 illa
388 2657 527 2717 Epist.
548 2658 752 2714 Medeae,
781 2675 892 2703 vers.
919 2661 992 2718 157
1016 2675 1028 2703 :

230 2733 296 2766 vix
307 2744 360 2765 me
371 2734 521 2767 continui
535 2757 546 2775 ,
560 2735 642 2777 quin
653 2735 700 2766 sic
713 2735 833 2767 laniata
844 2734 980 2776 capillos

269 2795 462 2828 Clamarem.

232 2855 294 2900 Et
298 2871 411 2914 sape
421 2856 532 2901 alibi.
545 2857 605 2901 H.
614 2860 884 2914 -D1grestos
891 2861 1084 2915 capillos.

197 2933 209 2947 ⁹
234 2919 423 2977 Ornate,
434 2931 479 2966 et
487 2921 538 2966 ad
549 2931 691 2967 artem
703 2923 977 2981 compositos.
986 2924 1084 2968 Me·

233 2985 316 3030 lius
334 2990 515 3040 υἱοῖσιν,
540 3004 674 3045 quam
701 2992 893 3033 lamam.-
913 2982 1084 3034 crimen

236 3051 359 3095 enim
378 3053 563 3107 amicam
582 3053 873 3110 verberantis,
901 3055 1085 3099 sacrile-

237 3117 358 3175 gium
368 3149 380 3171 ,
391 3126 441 3160 ut
455 3118 540 3162 vid.
555 3151 566 3174 ,
578 3119 781 3164 nominat
793 3138 804 3173 ;
820 3129 866 3164 et
878 3125 1087 3164 violamus

239 3180 450 3239 quidquid
468 3198 630 3227 sacrvm
650 3185 773 3228 nobis
806 3201 896 3229 esse
923 3186 1088 3230 debuit.

298 3246 360 3290 13.
379 3248 449 3290 Sic
455 3247 650 3303 formosa
659 3249 764 3305 suit.
784 3252 856 3293 Sic
874 3253 1090 3307 mibipul-

239 3314 340 3357 chm
357 3313 479 3369 suit,
503 3313 799 3359 Sarravianus.
822 3317 954 3360 Forte
969 3350 980 3369 ,
1023 3322 1090 3361 sic

238 3394 394 3435 quoque
401 3379 684 3435 pulchrasuit.
701 3381 791 3424 Pro
801 3383 954 3431 dicam,
970 3391 1088 3425 recte

238 3441 359 3485 idem
378 3443 667 3488 Sarravianus
683 3477 695 3499 ,
718 3448 841 3488 dicas
854 3461 868 3489 :
883 3445 968 3490 nisi
986 3461 1090 3489 cum

1158 1489 1451 1548 Neapolitano
1465 1496 1509 1533 et
1524 1488 1660 1533 tribus
1674 1487 1765 1532 aliis
1778 1487 1901 1532 malis
1911 1521 1922 1542 ‚
1936 1492 2006 1532 di·-

1157 1562 1263 1600 cun!
1280 1572 1293 1599 .-
1325 1554 1414 1599 duo
1437 1555 1668 1608 Vaticani,
1692 1555 1822 1611 sama
1845 1560 1923 1597 est.
1947 1554 2007 1597 H.

1160 1621 1208 1665 Si
1227 1621 1297 1665 vel
1316 1635 1432 1664 unus
1447 1619 1582 1663 codex
1603 1618 1846 1673 addiceret,
1872 1620 2008 1663 Hein-

1157 1687 1209 1731 sii
1225 1685 1526 1742 conjecturam
1545 1684 1785 1741 reciperem
1804 1700 1815 1727 ε
1834 1683 2008 1740 elegans

1157 1751 1277 1795 enim
1297 1758 1363 1794 est
1378 1781 1390 1803 ‚
1420 1758 1464 1793 et
1483 1749 1567 1792 hoc
1586 1748 1742 1801 venen
1765 1748 1865 1791 licet
1881 1765 2010 1792 cone

1156 1823 1302 1860 essent
1321 1821 1443 1859 nole
1462 1831 1513 1858 ex
1534 1814 1721 1858 statione
1737 1846 1750 1869 ‚
1777 1824 1821 1858 et
1841 1815 1900 1858 ita
1931 1814 2012 1859 de-

1157 1880 1283 1924 beret
1302 1878 1545 1923 deformior
1570 1878 1709 1922 videri
1727 1911 1740 1933 ‚
1778 1887 1925 1923 tamen
1946 1885 2013 1924 sie

1158 1962 1314 2003 quoque
1333 1948 1514 2002 palchen
1532 1945 1655 2001 [εἰη
1685 1952 1804 1988 tanta
1832 1955 1926 1989 erat
1949 1946 2010 1989 vis

1157 2011 1311 2055 forme
1326 2043 1339 2065 ,
1377 2018 1427 2055 ut
1447 2010 1512 2054 his
1542 2025 1634 2053 non
1656 2011 1983 2067 extingueretur
2003 2011 2012 2054 !

1160 2074 1317 2119 Franc.
1337 2075 1506 2133 legebat
1523 2108 1535 2130 ,
1558 2075 1930 2131 Etsomosasue‘t.
1957 2076 2011 2119 B.

1159 2164 1215 2176 --
1249 2143 1395 2185 Talem
1415 2142 1666 2185 Schaeneffla
1682 2145 1833 2186 itinn!
1849 2143 2013 2185 Mena-

1159 2209 1246 2251 lias
1256 2222 1358 2250 arcu
1368 2207 1763 2262 solleke'tasscsems.
1775 2207 1887 2251 Dua».
1897 2206 2010 2264 apud

1161 2280 1309 2329 poetas
1319 2279 1626 2315 memorantur
1636 2271 1869 2315 Atalante:
1878 2271 1914 2315 al
1921 2280 2013 2314 tera

1162 2337 1361 2381 venatrix
1375 2336 1586 2380 Arcadica
1598 2369 1612 2391 ‚
1633 2336 1739 2380 Jasii
1754 2336 1862 2380 filia:
1877 2337 2014 2380 altera

1162 2402 1356 2446 Boeotica
1369 2434 1381 2455 ‚
1397 2418 1527 2446 cursu
1542 2401 1745 2455 celebris,
1767 2401 1855 2444 filia
1867 2401 2014 2445 schoe-

1162 2466 1250 2510 nei.
1278 2465 1366 2510 Sed
1389 2464 1577 2510 Ovidius
1596 2464 1680 2509 boc
1697 2466 1795 2508 loco
1814 2464 2014 2509 confudit

1164 2530 1346 2574 nomina
1358 2563 1372 2584 ,
1390 2529 1434 2573 id
1450 2529 1569 2586 quod
1585 2538 1629 2574 et
1644 2530 1743 2574 alibi
1759 2530 1859 2574 facit
1872 2541 1885 2569 ε
1897 2545 2014 2572 eam·

1165 2613 1250 2655 que
1261 2630 1274 2653 ,
1289 2612 1386 2655 qua
1393 2597 1501 2641 Jasii
1513 2630 1525 2652 ,
1536 2599 1787 2641 Schaeaeezva
1798 2605 1935 2640 vocat.
1948 2596 2015 2639 M.

1163 2686 1221 2697 —
1238 2664 1501 2707 Schoeneida.
1514 2663 1768 2706 Atalantam
1780 2695 1793 2717 ,
1811 2662 2017 2706 Schoenei

1166 2728 1323 2783 filiam,
1345 2726 1399 2771 de
1421 2745 1508 2785 qua
1526 2745 1618 2771 non
1634 2727 1688 2771 ad
1708 2727 1892 2772 Heroid.
1910 2741 2016 2781 xvl,

1166 2793 1342 2848 263‚sed
1356 2793 1409 2837 ad
1422 2795 1532 2837 Met.
1546 2809 1590 2849 x,
1602 2794 1800 2850 560,sqq.
1810 2792 2019 2836 dicemus.

1226 2877 1243 2902 1
1251 2876 1288 2916 7.
1303 2860 1376 2902 Sec
1386 2893 1397 2911 ‚
1411 2863 1676 2902 mirivittatis
1688 2861 1903 2914 quodem!
1915 2861 2019 2903 Cas·

1166 2927 1326 2968 sundra
1342 2927 1513 2981 capillis·
1527 2932 1609 2967 etc.
1629 2922 1889 2966 Mirandum
1901 2923 2019 2967 hunc

1168 2993 1324 3050 Virgil.
1342 2992 1489 3036 locum
1510 2991 1557 3034 in
1588 2991 1851 3034 memoriam
1877 3007 2017 3033 revo-

1168 3068 1237 3103 cat
1259 3075 1310 3102 ex
1330 3057 1505 3101 AEneid.
1528 3057 1639 3100 libro
1659 3071 1721 3111 11,
1745 3073 1856 3100 vers.
1878 3056 1959 3111 403
1980 3068 1990 3095 :

1169 3136 1253 3166 Ecce
1266 3133 1454 3165 trahebatur
1467 3131 1569 3173 passis
1582 3131 1742 3163 Priameia
1756 3133 1848 3172 virgo

1170 3196 1324 3230 Crinibus
1352 3207 1372 3226 a
1395 3195 1516 3236 templo
1531 3194 1709 3226 &ss-ndr-
1723 3217 1735 3233 ,
1757 3193 1932 3236 adytisque
1946 3192 2024 3224 Mi-

1272 3267 1379 3288 nerva
1393 3281 1405 3296 ‚

1171 3321 1226 3352 Ad
1243 3320 1359 3350 culum
1371 3319 1506 3351 tendens
1518 3317 1664 3350 ardentia
1675 3318 1801 3349 lum'ma
1813 3315 1935 3347 frustra
1953 3326 1964 3355 ;

1172 3382 1334 3414 Lumina!
1360 3393 1435 3412 nam
1443 3388 1567 3412 teneras
1579 3379 1731 3411 arcebant
1744 3378 1877 3409 vincula
1886 3377 2023 3418 palmas,

1182 3446 1303 3487 Vitta
1331 3451 1479 3486 autem
1510 3450 1603 3485 erat
1631 3441 1759 3484 fascia
1789 3437 1991 3496 quiedam
2007 3468 2018 3489 ,
