2268 3776
567 306 962 362 AMORUM
1012 307 1141 362 111.
1190 307 1440 363 ELEG.
1489 311 1564 364 X.

1847 330 1957 386 209

256 422 402 484 Hinc
424 421 630 507 pudor,
661 445 727 483 ex
756 420 862 482 alia
890 434 1045 504 parte
1077 420 1331 483 trahebat
1360 447 1528 484 amor.

174 520 369 582 Victus
399 545 582 583 amore
605 520 829 605 pudor:
854 518 1037 580 sulcos
1069 541 1217 581 arere
1247 519 1488 594 videreS,

252 619 329 678 Et
354 631 469 678 sata
496 640 622 679 cum
649 615 876 678 minima
903 629 1058 699 parte
1083 615 1262 677 redire
1294 617 1398 677 sui.
1850 616 1856 622 ’
1907 637 1960 677 30

174 711 365 793 Quum
394 713 535 774 bene
563 712 751 796 jactati
782 711 1068 795 pulsarant
1090 735 1218 774 arva
1246 710 1466 791 ligones
1483 759 1500 783 ,

250 810 500 893 Ruperat
526 824 579 870 et
611 809 803 870 duram
831 833 1019 871 vomer
1044 809 1291 871 aduncus
1321 809 1554 870 humum
1574 856 1588 881 ‚

172 904 500 990 Seminaque
531 906 590 967 in
618 905 762 968 latos
791 907 970 968 ierant
998 905 1281 991 aequaliter
1308 931 1471 987 agros
1494 932 1506 980 ;

250 1002 415 1064 Irrita
441 1002 656 1087 decepti
681 1018 811 1064 vota
840 1002 1075 1065 colentis
1105 1018 1276 1065 erant.

171 1098 339 1173 Diva,
372 1114 574 1184 potens
603 1099 854 1179 frugum,
885 1098 1037 1161 silvis
1063 1100 1313 1162 cessabat
1341 1099 1399 1160 in
1430 1098 1586 1160 altis:
1907 1118 1961 1160 35

251 1196 587 1259 Deciderant
615 1196 794 1275 longae
821 1196 1004 1280 spicea
1033 1211 1175 1258 serta
1206 1220 1390 1258 comae.

170 1292 300 1356 Sola
327 1293 436 1356 fuit
466 1296 626 1356 Crete
656 1294 896 1356 secundo
929 1293 1126 1356 fertilis
1158 1320 1323 1357 anno,

253 1392 484 1466 Omnia,
513 1417 621 1477 qua
649 1392 850 1454 tulerat
878 1416 934 1454 se
964 1393 1111 1466 Dea,
1140 1393 1333 1454 messis
1363 1408 1535 1453 erant.

164 1492 297 1577 <Ipse
325 1491 481 1553 locus
510 1481 800 1553 nemorum
830 1490 1063 1552 canebat
1089 1490 1348 1570 frugibus
1375 1491 1504 1563 Ide,

252 1589 328 1647 Et
353 1588 549 1649 ferus'
534 1613 595 1648 ιιι
627 1588 762 1650 silva
790 1589 934 1650 farra
962 1587 1208 1648 metebat
1233 1610 1380 1671 aper.
1912 1604 1965 1658 40

175 1685 413 1768 Optavit
443 1685 636 1746 Minos
667 1684 874 1747 similes
904 1685 1015 1746 sibi
1045 1684 1240 1764 legifer
1269 1708 1478 1745 annos:

257 1783 491 1867 Optavit
521 1784 737 1844 Cereris
766 1782 971 1861 longus
1002 1796 1066 1842 ut
1092 1796 1236 1842 esset
1265 1805 1437 1841 amor.

174 1879 346 1962 Quod
368 1879 474 1942 tibi
505 1878 1001 1941 secubitustristes
1019 1927 1033 1952 ‚
1060 1880 1179 1941 Dea
1206 1878 1369 1951 flava,
1398 1877 1634 1940 fuissent
1657 1904 1670 1950 3

253 1978 379 2052 Hoc
409 2000 581 2057 cogor
608 1976 775 2039 sacris
802 2001 950 2038 nunc
979 2000 1083 2055 ego
1113 1974 1253 2038 ferre
1286 1975 1413 2036 tuis.

227 2142 295 2186 3ο.
323 2142 387 2184 ΕΙ
401 2146 500 2186 sata
517 2157 610 2185 cum
630 2144 803 2185 minima
817 2146 941 2197 parle
957 2157 1024 2185 re—

172 2211 260 2252 dm
274 2211 353 2251 sui.
370 2206 422 2251 Id
437 2216 503 2252 est
516 2240 529 2263 ,
544 2216 718 2252 tantum
737 2208 806 2251 vix
819 2206 1023 2261 reddere,

173 2280 390 2329 quantum
419 2272 520 2329 jacti
552 2272 728 2317 seminis
764 2272 846 2316 suit
864 2290 873 2325 ;
906 2270 1021 2329 quod

173 2346 290 2381 certe
314 2353 420 2392 pars
450 2338 516 2381 sui
536 2347 601 2382 est
617 2342 801 2382 minima.
815 2362 871 2371 —
889 2340 1023 2393 Sata‚·

175 2402 294 2459 quod
313 2411 456 2447 satum
475 2411 562 2455 est;
586 2419 610 2445 a
630 2418 775 2446 serere.

229 2467 296 2510 31.
325 2469 565 2510 Pulsarant.
582 2467 776 2511 Malebat
796 2467 1021 2522 Heinsius,

174 2538 394 2577 vet-urani
410 2549 423 2576 .·
442 2542 491 2576 ut
511 2533 607 2576 alibi
631 2532 735 2576 dixit
751 2566 762 2587 ,
785 2549 951 2576 versare
970 2537 1024 2576 li-

169 2601 348 2653 gonibus
356 2614 460 2642 arva
475 2613 487 2641 .·
499 2597 574 2642 sed
592 2613 730 2655 quum
749 2598 796 2640 in
808 2598 838 2640 J
841 2598 932 2641 unii
944 2614 1021 2641 co-

174 2663 268 2709 dice
288 2665 342 2708 sit
357 2697 370 2719 ‚
378 2671 610 2721 purgarunt
618 2680 632 2719 ,·
653 2665 829 2709 mallem
844 2697 855 2721 ,
867 2683 1024 2722 purga-

174 2735 274 2774 runt
286 2745 300 2773 .-
316 2739 367 2775 ut
386 2743 428 2785 1,
448 2731 578 2775 Pont·
595 2745 684 2774 vm
697 2763 708 2785 ,
734 2732 799 2790 59.

229 2795 297 2839 33.
325 2797 481 2840 lerant.
509 2798 718 2842 Steterunt
746 2798 1020 2842 Francosurt.

177 2860 381 2917 San-avii,
391 2862 626 2908 Beruensis
635 2872 679 2908 et
690 2863 1022 2921 quatuordecim

178 2925 247 2969 alii
261 2942 272 2969 t
286 2928 432 2970 lerant
446 2933 634 2985 aqualia.

231 2989 300 3034 35.
331 2991 535 3036 cessabat
556 2998 600 3038 in
625 2998 738 3038 altis.
764 2995 837 3039 Sic
858 3012 1024 3040 cessare

179 3055 270 3113 agri
303 3054 510 3101 dicuntur
533 3091 544 3113 ,
578 3057 652 3116 qui
681 3061 832 3104 inculti
863 3062 1020 3117 jacent.

179 3121 334 3164 Manil.
353 3122 424 3166 lib.
443 3137 487 3177 1,
510 3127 588 3180 74:

178 3190 227 3221 Te
209 3199 384 3232 emquem
357 3190 452 3220 §trib
455 3192 510 3222 uid
511 3191 572 3222 hus
639 3193 738 3224 sabat
748 3204 838 3224 vasu
850 3194 984 3226 colonis.

235 3236 300 3294 36.
321 3251 491 3307 Longa.
508 3253 654 3308 Longa
669 3270 787 3296 coma
801 3247 908 3297 alter
921 3255 1024 3297 Mo-

179 3315 291 3367 reti;
307 3315 382 3359 sed
397 3320 590 3371 etlonge,
606 3333 685 3374 pro
699 3318 1025 3375 procul,potest

181 3380 302 3438 capi;
323 3390 373 3424 ut
393 3381 437 3423 in
459 3381 532 3424 illo
553 3383 676 3441 Virg.
698 3384 789 3427 Ecl.
804 3398 872 3438 vl,
906 3385 980 3428 16:

181 3455 269 3487 seru
278 3449 401 3492 procul
414 3457 540 3482 tantum
554 3451 653 3494 capiti
664 3453 792 3494 delapsa
805 3453 963 3493 jacebant.
975 3455 1020 3485 Η.

412 3530 505 3583 II.

1160 2139 1227 2201 39.
1257 2142 1353 2195 Ipse
1380 2142 1499 2183 locus
1524 2156 1732 2183 nemomm
1765 2148 1847 2184 etc.
1878 2135 1965 2184 Vel

1105 2204 1207 2263 ipsae
1227 2204 1341 2248 silvae
1356 2237 1367 2259 ,
1391 2204 1465 2261 qui
1487 2204 1606 2248 locus
1624 2204 1815 2248 serendis
1834 2221 1962 2263 sege-

1106 2271 1220 2313 tibus
1256 2270 1438 2312 minime
1478 2269 1746 2313 conveniens
1766 2302 1779 2325 ,
1826 2270 1965 2314 aristis

1105 2335 1333 2378 canebant.

1161 2402 1227 2455 4ο.
1242 2401 1432 2443 Melebat
1439 2416 1550 2455 aper,
1565 2399 1706 2443 Nimis
1718 2400 1829 2442 sorte
1843 2399 1963 2442 luxu-

1104 2465 1185 2509 riat
1202 2466 1271 2509 hic
1286 2474 1439 2509 contra
1451 2466 1678 2509 veritatem
1692 2474 1839 2522 poeta:
1853 2482 1959 2509 nam

1105 2533 1274 2577 Plinius
1286 2532 1356 2576 lib.
1369 2546 1477 2588 vnt,
1492 2548 1582 2590 cap.
1600 2533 1667 2586 58,
1680 2548 1819 2589 quum
1835 2532 1959 2576 dixis·

1103 2608 1168 2643 set
1184 2632 1195 2654 ,
1219 2614 1302 2643 nec
1322 2598 1471 2656 lupos,
1490 2614 1574 2642 nec
1591 2596 1765 2655 vulpes,
1781 2614 1865 2641 nec
1884 2615 1960 2641 ur-

1103 2683 1172 2710 sos
1183 2698 1196 2720 ,
1221 2681 1367 2723 neque
1382 2665 1521 2709 ullum
1534 2664 1785 2708 maleficum
1798 2665 1959 2708 animal

1102 2735 1150 2777 in
1172 2731 1307 2777 Creta
1326 2749 1438 2788 esse,
1454 2731 1574 2776 addit
1595 2731 1833 2774 mirabilius
1848 2747 1956 2784 esse,

1103 2817 1247 2858 neque
1261 2815 1387 2857 apros
1397 2799 1603 2856 reperiri,
1615 2797 1698 2840 nisi
1712 2798 1757 2839 in
1772 2797 1952 2854 regione

1106 2867 1468 2928 Cydoniatarum.
1513 2863 1809 2909 statuendum
1848 2880 1971 2920 ergo-

1103 2942 1167 2976 est
1179 2967 1190 2989 ,
1201 2936 1322 2976 smne
1335 2932 1398 2974 ira
1410 2930 1583 2973 Cereris
1592 2928 1812 2972 excessisse
1828 2944 1953 2984 apros

1103 2998 1213 3042 fines
1233 3013 1332 3040 suos
1346 3030 1357 3050 ,
1374 3005 1418 3039 et
1436 3004 1616 3038 vastasse
1638 3008 1820 3036 omnem
1838 2991 1954 3036 Cre—

1103 3072 1207 3106 tam.
1230 3062 1393 3104 ΒυιιΜ.

1160 3127 1228 3181 43.
1259 3127 1383 3178 Quod
1394 3126 1693 3166 tibisecubilus
1714 3126 1853 3165 lna-les
1871 3131 1952 3165 etc.

1105 3191 1177 3234 Sic
1209 3189 1421 3245 intelligas
1449 3205 1460 3231 ι
1494 3187 1612 3245 quod
1648 3188 1725 3231 tibi
1755 3189 1953 3230 secubare

1103 3256 1222 3298 triste
1255 3253 1494 3297 admodum
1522 3261 1566 3296 et
1585 3251 1854 3296 intolerabile
1874 3251 1949 3292 vi-

1103 3337 1202 3363 sum
1216 3329 1279 3362 est
1292 3353 1303 3373 ,
1319 3318 1420 3362 ideo
1434 3336 1559 3374 cogor
1567 3317 1785 3372 hoc-serre,
1800 3316 1845 3359 id
1862 3325 1926 3359 est
1938 3350 1951 3369 ‚

1105 3387 1157 3429 ab
1178 3386 1314 3428 amica
1332 3385 1544 3430 abstinere
1557 3418 1569 3440 ‚
1591 3384 1700 3428 dum
1729 3393 1804 3427 tua
1833 3399 1953 3427 sacra

1106 3459 1384 3507 peraguntur.

1666 3532 1729 3601 14
