2268 3776
264 281 333 338 70
726 266 792 318 Ρ.
845 265 1142 322 ovlnn
1178 266 1554 325 NASONIS

839 555 1237 626 ELEGIA
1294 559 1447 628 XV.

326 880 379 910 IN
402 879 526 911 ILLOS
547 880 631 921 QUI
653 880 864 912 POETICAE
883 880 1021 914 ARTIS
1043 880 1238 914 LAUDEM
1259 884 1318 915 ET
1340 885 1558 918 STUDIUM
1580 885 1963 921 DETRECTABANT.

264 999 487 1104 QUID
516 1021 685 1096 mihi,
717 1024 888 1085 Livor
908 1025 1071 1097 edax,
1105 1026 1334 1105 ignavos
1367 1027 1564 1108 objicis
1591 1051 1802 1103 annOS‚

333 1120 663 1205 Ingeniique
693 1147 855 1183 vocas
886 1148 1102 1184 carmen
1132 1124 1326 1185 inertis
1357 1126 1548 1207 opus?

252 1218 385 1277 Non
414 1242 499 1279 me
530 1244 682 1281 more
714 1236 962 1303 patrum,
998 1222 1128 1282 dum
1160 1237 1383 1283 strenua
1413 1222 1652 1283 sustinet
1679 1236 1842 1295 aetaS‚

330 1315 560 1377 Praemia
589 1317 798 1379 militiae
827 1319 1211 1402 pulverulenta
1244 1320 1445 1403 sequi?

247 1413 364 1473 Nec
393 1436 479 1474 me
510 1416 773 1476 verbosas
803 1415 953 1494 leges
984 1417 1223 1477 ediscere
1246 1418 1270 1476 P
1293 1441 1394 1489 nec
1423 1440 1512 1477 me
2015 1435 2040 1475 5

329 1511 557 1590 Ingrato
587 1537 775 1574 vocem
804 1515 1159 1598 prostituisse
1185 1513 1349 1574 foro?

247 1606 489 1670 Mortale
516 1626 600 1670 est
617 1658 630 1683 ‚
665 1611 816 1694 quod
842 1612 1067 1694 quaeris,
1102 1636 1245 1696 opus
1272 1637 1284 1672 :
1310 1611 1449 1672 mihi
1478 1610 1622 1672 fama
1649 1610 1909 1695 perennis

330 1704 643 1784 Quaeritur,
669 1708 729 1767 in
758 1723 877 1768 toto
908 1733 1126 1793 semper
1152 1725 1218 1770 ut
1248 1710 1384 1770 orbe
1416 1733 1594 1770 canar.

247 1801 413 1864 Vivet
442 1805 778 1879 Maeonide5‚
811 1807 1071 1867 Tenedos
1102 1807 1236 1867 dum
1265 1807 1439 1867 stabit
1468 1822 1523 1867 et
1551 1806 1647 1866 Ide
1669 1853 1685 1879 ,

307 1994 342 2019 ι.
380 1979 511 2020 Livor
532 1979 659 2021 edax.
679 1978 880 2022 Imitatus
906 1979 1100 2034 Seneca,

245 2042 294 2085 in
325 2042 593 2103 Hippolyto,
625 2044 704 2103 493
730 2056 739 2084 :
761 2047 967 2102 Edaxque
998 2049 1110 2089 livor

246 2111 373 2151 dente
405 2111 606 2163 degeneri
613 2113 736 2164 petit.
780 2109 838 2153 Et
860 2110 993 2152 Mart.
1027 2123 1074 2152 XI
1089 2142 1101 2165 ‚

248 2177 303 2232 34
325 2192 335 2219 ;
357 2179 384 2218 I
399 2192 510 2218 nunc
527 2209 537 2226 ‚
569 2178 810 2219 livoretlax.
832 2177 995 2220 BURM.

303 2245 342 2286 3.
374 2247 471 2288 Non
491 2260 557 2287 me
576 2260 688 2287 more
699 2249 868 2299 patrum
890 2252 970 2286 etc.
1000 2245 1106 2287 Ver-

249 2310 378 2352 bosus
394 2312 522 2364 leges.
551 2309 624 2352 Sic
647 2308 805 2352 Cicero
826 2324 906 2365 pro
927 2309 1106 2352 RIurae-

250 2392 334 2430 na,
363 2378 436 2431 14,
459 2376 531 2419 ubi
562 2376 986 2419 Jurisconsultorum
1008 2376 1107 2420 dis-

251 2442 459 2498 ciplinam
488 2441 671 2497 exagitat
695 2454 704 2482 τ
726 2445 950 2486 Pellt'lure
970 2445 1109 2486 medio

250 2524 335 2551 non
355 2509 488 2548 solum
508 2512 595 2550 ista
613 2513 756 2549 vestra
774 2508 955 2551 verbosa
974 2512 1108 2552 simu-

251 2576 359 2615 latio
378 2574 620 2628 prudentiam

308 2641 346 2681 5.
366 2640 580 2681 Ediscere.
602 2636 859 2687 Addiscere,
886 2638 994 2681 alter
1014 2639 1107 2681 Po-

247 2703 421 2747 litiani:
450 2703 577 2745 male.
606 2702 798 2758 Respicit
824 2701 878 2744 ad
907 2702 1106 2759 discipli-

251 2784 359 2811 nam
389 2767 724 2821 Romanorum,
757 2782 854 2823 quae
882 2766 1102 2823 exigebat,

249 2842 302 2877 ut
330 2831 511 2889 ingenui
540 2832 664 2889 pueri
697 2832 813 2889 leges
829 2845 897 2874 ΧΠ
925 2832 1105 2874 tabula-

248 2915 353 2941 rum
367 2932 378 2949 ‚
412 2907 458 2940 ut
478 2914 644 2940 carmen
665 2901 966 2947 necessarium,
989 2896 1105 2939 edis-

251 2973 416 3009 cerent.
447 2965 550 3008 Vid.
568 2964 709 3009 Cicer.
731 2978 792 3020 11,
815 2964 869 3007 de
888 2963 1014 3021 legib.
1036 2965 1103 3007 23.

250 3031 355 3086 Hoc
372 3045 478 3072 vero
491 3046 665 3086 semper
679 3063 690 3085 ,
713 3038 763 3073 ut
773 3029 1003 3086 negotium
1022 3028 1103 3071 in-

253 3103 427 3152 gratum
439 3102 483 3137 et
493 3095 792 3138 molestiarum
804 3094 986 3151 plenum
998 3126 1010 3148 ,
1023 3093 1103 3136 de·-

247 3160 540 3216 precabantur
560 3192 572 3214 ‚
609 3159 874 3202 clementem
902 3158 1037 3202 vitam
1058 3163 1103 3202 et

250 3224 393 3268 otium
412 3225 560 3268 secuti.
577 3225 742 3268 vam.

304 3289 342 3332 6.
364 3292 538 3345 Ingrato
552 3306 696 3334 vocem
708 3294 979 3346 prostituas-se
986 3289 1102 3345 foro.

252 3354 486 3411 Quantum
494 3356 573 3414 ipsi
587 3390 598 3412 ‚
613 3357 682 3400 vel
696 3373 719 3400 a
730 3373 868 3413 puero
880 3390 891 3412 ,
905 3356 1102 3400 studium

246 3422 423 3468 forense
454 3421 721 3480 displicuerit
735 3455 748 3478 ,
788 3421 973 3467 candide
1006 3438 1100 3466 non

1185 1979 1321 2023 semel
1343 1978 1556 2034 Ovidius,
1579 1977 1655 2022 sed
1674 1978 1722 2021 in
1739 1975 1890 2034 primis
1907 1974 2040 2019 Trist.

1185 2058 1236 2088 lv
1252 2078 1265 2100 ‚
1289 2044 1410 2103 Eleg.
1433 2060 1461 2088 x
1478 2079 1490 2095 ‚
1513 2053 1694 2088 testatus
1714 2052 1790 2087 est.
1811 2043 1933 2086 Hinc
1953 2057 2041 2084 vo—

1187 2128 1256 2156 ces
1275 2111 1359 2155 illae
1378 2110 1744 2167 lhgratumforum
1758 2143 1769 2162 ‚
1805 2117 1850 2152 et
1869 2111 2042 2164 prosti-

1186 2182 1339 2227 tuisse,
1366 2176 1485 2234 quod
1505 2176 1791 2219 meretricum
1806 2181 1895 2228 est,
1919 2188 2041 2229 quae,

1187 2242 1391 2286 mercede
1423 2250 1545 2299 pacta
1567 2275 1578 2296 ,
1615 2241 1684 2284 sui·
1713 2239 1885 2297 copiam
1913 2237 2042 2281 obvio

1188 2308 1365 2351 cuilibet
1383 2308 1562 2350 faciunt.

1245 2391 1282 2432 7.
1299 2375 1484 2416 Mortale
1496 2377 1581 2423 est,
1605 2373 1720 2428 quod
1731 2375 1877 2427 qua-ris
1890 2404 1901 2422 ‚
1926 2385 2041 2425 opus.

1188 2439 1444 2482 Perennem
1462 2471 1475 2493 ,
1506 2453 1639 2494 quam
1671 2437 1750 2480 sibi
1780 2435 1997 2493 promittit
2017 2451 2043 2478 e

1186 2504 1322 2548 literis
1342 2505 1504 2547 samam
1517 2536 1529 2558 ‚
1552 2502 1759 2559 periturae
1779 2501 1895 2544 laudi
1916 2517 2042 2545 com-

1188 2580 1338 2628 parat,
1375 2587 1473 2627 quae
1501 2569 1666 2612 militiae
1695 2578 1740 2612 et
1766 2568 1851 2611 sori
1872 2568 2042 2611 labores

1187 2647 1454 2694 compensat.

1241 2720 1282 2762 9.
1310 2705 1433 2745 Vivet
1440 2703 1672 2744 Maeonides
1693 2707 1772 2743 etc.
1792 2716 1814 2736 «
1836 2698 1904 2741 Ut
1924 2696 2040 2740 Ara-

1186 2774 1257 2809 tus
1285 2769 1340 2808 ab
1360 2769 1469 2809 Jove
1490 2768 1548 2820 (ἔκ
1573 2769 1662 2814 Διός
1690 2760 1945 2825 ἄρχώμεσθα)
1970 2766 2041 2804 in-

1186 2833 1423 2888 cipiendum
1443 2840 1567 2888 putat
1582 2864 1594 2885 ,
1626 2831 1686 2873 ita
1707 2846 1788 2872 nos
1807 2828 1891 2871 rite
1911 2844 2039 2885 coep-

1185 2898 1274 2941 turi
1290 2897 1343 2940 ab
1360 2898 1562 2940 Homero
1576 2895 1792 2939 videmur.
1814 2894 1902 2937 Hic
1917 2894 2039 2937 enim

1187 2961 1599 3019 (quemadmodum
1629 2977 1680 3004 ex
1713 2959 1897 3003 Oceano
1938 2957 2042 3000 dicit

1184 3028 1274 3084 ipse
1298 3028 1498 3070 amnium
1516 3026 1608 3069 vim
1626 3025 1906 3080 sontiumque
1927 3039 2039 3066 cur-

1185 3110 1255 3138 sus
1285 3093 1462 3137 initium
1494 3090 1673 3149 capere)
1701 3090 1907 3134 omnibus
1937 3088 2040 3131 elo—

1186 3159 1377 3216 quentiae
1399 3158 1593 3216 partibus
1613 3155 1862 3217 exemplum
1883 3162 1928 3197 et
1955 3169 2039 3196 or—

1185 3234 1285 3269 tum
1312 3224 1446 3268 dedit.
1475 3225 1612 3267 Hunc
1635 3237 1771 3265 nemo
1794 3221 1841 3264 in
1869 3219 2038 3276 magnis

1182 3290 1446 3335 sublimitate
1469 3322 1481 3345 ,
1513 3289 1561 3331 in
1594 3287 1740 3345 parvis
1773 3285 2038 3343 proprietate

1183 3356 1465 3413 superaverit.
1487 3354 1615 3398 Idem
1632 3353 1756 3397 laetus
1775 3368 1824 3395 ae
1842 3366 2012 3408 pressus
2024 3383 2035 3404 ‚

1183 3420 1403 3477 iucundus
1416 3428 1460 3467 et
1474 3419 1636 3478 gravis;
1666 3426 1765 3462 tum
1775 3415 1897 3473 copia
1912 3448 1925 3470 ,
1941 3423 2037 3459 tum
