2268 3776
300 282 398 334 15'2
432 336 434 338 .

745 286 808 338 Ρ.
866 285 1164 341 OVIDII
1219 288 1610 346 NASONIS*-

371 400 476 470 Et‚
507 413 671 481 pum,
701 423 800 482 pes
825 399 905 459 illi
936 400 1158 481 longior
1185 402 1322 465 alter
1350 420 1480 466 erat.

290 496 487 555 Forma
518 493 713 556 decens
743 523 756 556 ε
790 497 955 558 vestis
986 500 1328 573 tenuissima,
1361 495 1543 562 cultus
1574 503 1804 562 amantis
1830 528 1842 561 ε

373 593 440 650 In
455 592 706 673 'pedibus
736 595 931 656 vitium
963 620 1124 656 causa
1153 596 1367 658 decoris
1397 612 1528 659 erat.
2010 632 2061 657 ,ιο

293 687 461 747 Venit
487 703 542 748 et
571 689 783 768 ingenti
812 691 1053 753 violenta
1082 693 1376 771 Tragoedia
1403 716 1599 777 passu3

372 785 577 846 Fronte
609 812 774 847 comae
806 803 989 861 torva,
1018 788 1164 871 palla
1189 790 1404 870 jacebat
1429 790 1602 850 humi.

296 880 451 941 Laeva
480 907 676 943 manus
706 899 982 968 sceptrum
1012 884 1117 946 late
1139 885 1320 965 regale
1348 887 1570 948 tenebat
1595 911 1607 947 :

374 979 583 1060 Lydius
613 980 723 1042 alta
749 981 953 1065 pedum
982 981 1161 1043 vincla
1189 982 1497 1045 cothurnus
1527 998 1657 1044 erat.

296 1137 454 1194 quippe
471 1138 722 1197 Elegiacum
739 1157 893 1198 genus:
908 1142 1142 1198 querulum

298 1219 441 1247 unum
460 1222 470 1257 ·,
485 1204 679 1262 lepidum
694 1223 799 1249 vero
812 1216 856 1251 et
876 1208 1075 1265 petulans
1090 1208 1144 1251 al-

1224 1142 1268 1185 in
1275 1141 1571 1198 decora,quod
1580 1140 1823 1185 claudicans
1834 1139 2068 1184 incederet.

1287 1226 1302 1250 1
1315 1225 1330 1250 1
1339 1241 1347 1249 .
1386 1210 1510 1251 Venit
1526 1213 1569 1250 et
1582 1211 1747 1262 ingenti
1757 1209 1940 1249 m‘olenta
1966 1207 2008 1247 T
2002 1222 2073 1248 ra·-

299 1277 447 1312 terum
467 1303 479 1325 ,
512 1279 557 1313 et
585 1279 823 1329 utrumque
850 1274 979 1316 rebus
1015 1288 1145 1316 ama-
1222 1270 1784 1328 goedmpassu.0pponitur
1795 1270 1955 1327 Elegiae
1967 1271 2072 1312 Tra-

296 1335 417 1378 toriis
443 1351 566 1392 aeque
594 1337 987 1381 accommodatum.
1010 1338 1144 1382 Unde

297 1400 509 1445 Horatius
526 1434 537 1456 ,
559 1401 606 1444 in
629 1402 738 1445 Arte
760 1404 883 1446 Poet.
907 1406 956 1459 75
976 1420 986 1446 :

599 1498 637 1508 ...
661 1478 872 1518 Querimonia
890 1479 1034 1519 primum
1051 1490 1060 1510 :

296 1538 374 1568 Post
390 1538 487 1569 etiam
503 1538 629 1570 inclusa
643 1546 692 1570 est
705 1541 773 1570 voti
790 1540 947 1570 sententia
961 1550 1104 1581 compos.

300 1598 367 1642 Ita
391 1607 441 1641 ut
467 1616 544 1643 seu
564 1600 678 1644 male
707 1617 775 1645 res
791 1635 802 1656 ,
833 1601 920 1645 sive
943 1617 1147 1658 prospere

1228 1336 1365 1393 goedia
1379 1369 1390 1391 ,
1412 1337 1498 1380 suis
1518 1352 1691 1392 quoque
1711 1335 1840 1392 signis
1860 1335 2071 1378 distincta.

1229 1402 1368 1446 Venit
1381 1418 1470 1444 una
1480 1404 1666 1445 odoratis
1679 1404 1866 1456 capt'lltlr,
1880 1410 1924 1444 et
1937 1400 2073 1457 gradu

1229 1468 1435 1523 tardiori,
1458 1468 1558 1524 quia
1579 1483 1651 1524 pes
1672 1467 1731 1509 illi
1753 1467 1862 1509 alter
1880 1466 2070 1522 longior,

1232 1543 1277 1577 et
1314 1533 1434 1577 cultu
1457 1566 1468 1588 ,
1503 1532 1603 1575 licet
1634 1532 1822 1574 amantis
1840 1564 1852 1585 ,
1883 1530 2072 1574 studiose

1230 1601 1329 1644 satis
1349 1599 1579 1657 adparato:
1597 1598 1732 1642 altera
1751 1606 1898 1641 autem
1919 1602 2083 1653 ingenti

300 1664 606 1720 succederent,
620 1682 856 1709 maerorem
871 1675 945 1710 aut
956 1666 1149 1710 laetitiam
1224 1684 1359 1723 passu
1369 1702 1380 1719 ‚
1393 1676 1442 1710 ut
1457 1683 1553 1723 quae
1566 1665 1799 1724 grandiora
1811 1664 1946 1708 soleat
1962 1673 2076 1707 trac—

307 1728 496 1784 elegiaco
516 1731 709 1774 carmine
735 1731 1041 1788 exprimerent.
1073 1731 1152 1774 Est

303 1793 425 1835 enim
448 1796 681 1850 querulum
705 1795 914 1852 quiddam
945 1805 988 1839 et
1007 1795 1151 1838 flebile

306 1859 549 1902 amantium
585 1877 721 1916 genus
748 1894 759 1916 ,
792 1861 859 1904 vel
893 1878 1032 1917 quum
1066 1865 1158 1903 voli

305 1924 488 1966 omnino
505 1941 683 1980 compos.
697 1926 790 1970 Nec
803 1935 953 1970 tamen
970 1926 1016 1968 in
1032 1942 1155 1968 ama-

305 1988 425 2031 toriis
457 1998 631 2032 tantum
647 2024 659 2046 ,
681 1990 758 2033 sed
787 2000 830 2033 et
861 1992 906 2034 in
938 1991 1088 2034 ethicis
1110 1998 1155 2032 et

307 2053 492 2097 heroicis
505 2054 639 2097 etiam
661 2055 886 2111 quondam
903 2055 1156 2098 versabatur

308 2117 458 2175 Elegia
475 2135 485 2161 ε
503 2120 615 2176 apud
639 2120 816 2164 Graecos
836 2122 957 2164 enim
977 2137 1156 2164 morum

309 2185 749 2242 praeceptaTheognis
757 2188 949 2230 versibus
962 2186 1156 2243 elegiacis

308 2251 503 2306 exposuit
524 2266 533 2292 :
553 2267 715 2293 comam
743 2254 968 2295 Berenices
998 2250 1157 2294 eodem

309 2324 455 2358 metro
469 2315 585 2372 prius
604 2314 909 2370 Callimachus,
924 2333 947 2358 a
967 2332 1055 2372 quo
1076 2315 1157 2358 Ca-

310 2380 441 2423 tullus
453 2380 611 2423 deinde
627 2397 718 2423 non
735 2390 1047 2438 argumentum
1058 2397 1159 2423 mo-

312 2444 369 2486 do
385 2477 396 2498 ‚
418 2461 573 2487 verum
594 2446 725 2489 etiam
755 2455 950 2489 metrum
970 2446 1158 2489 imitan—

313 2509 422 2552 dum
440 2511 635 2566 suscepit.
657 2512 710 2553 In
726 2513 862 2555 Fastis
878 2513 1039 2557 Noster
1057 2527 1160 2554 usus

313 2584 402 2629 est,
419 2575 492 2630 qui
506 2575 729 2618 nonnullis
741 2577 786 2618 in
802 2577 902 2620 locis
916 2576 969 2619 ad
986 2576 1159 2619 heroica

314 2649 544 2696 assurgunt
564 2658 574 2691 3
611 2641 669 2683 ita
690 2649 838 2683 tamen
872 2651 921 2684 ut
942 2658 1160 2698 nusquam

299 2721 423 2779 ¹opus
443 2705 624 2748 materia
644 2712 831 2762 superet.
855 2707 1008 2762 Neque
1032 2706 1160 2749 aliam

315 2773 370 2814 ob
382 2787 572 2825 causam,
582 2770 730 2826 cred0,
742 2772 1012 2827 Propertius,
1022 2788 1160 2827 quum

318 2837 574 2881 Callimachi
594 2853 746 2880 manes
764 2845 808 2879 et
824 2837 1005 2880 Philetae
1024 2837 1160 2879 invo-

316 2914 434 2948 caret
445 2937 456 2957 ‚
477 2918 551 2958 111,
566 2904 686 2960 Eleg.
701 2918 719 2946 1
732 2937 743 2958 ,
761 2903 964 2948 ‘tenuandi
976 2904 1160 2947 verbum

316 2978 495 3026 usurpat
510 3003 521 3023 ,
542 2969 641 3012 ibid.
659 2986 696 3011 v.
710 2972 733 3011 5
753 2987 762 3021 ;
781 2978 825 3012 et
837 2974 1011 3024 exiguos
1024 2972 1162 3024 elegos

317 3035 529 3078 Horatius
551 3034 646 3077 loco
667 3050 794 3091 supra
814 3034 945 3077 citato
965 3034 1081 3077 dixit.

372 3117 412 3158 9.
444 3102 604 3142 Cultus.
622 3098 735 3142 Edd.
753 3099 881 3155 prim.
902 3102 1054 3142 vultus.
1073 3099 1161 3142 Sed

317 3166 475 3210 rectius
498 3165 663 3207 Mureti
691 3164 825 3207 codex
851 3168 1012 3216 cultus,
1038 3173 1087 3207 ut
1108 3163 1161 3207 ad

318 3232 513 3273 adoratos
534 3232 713 3284 capillos
726 3264 736 3279 ‚
760 3239 804 3272 et
826 3236 978 3272 vestem
997 3234 1162 3272 lenuis·—

318 3299 487 3340 simam,
511 3311 607 3351 quae
628 3294 776 3336 omnia
796 3298 932 3337 cultus
951 3299 1134 3337 amanlis
1148 3327 1159 3345 ,

321 3360 546 3402 reseratur.

379 3442 443 3469 ιο.
470 3429 522 3469 In
535 3430 714 3482 pedibus
735 3431 880 3471 villum
898 3435 976 3470 etc.
998 3427 1090 3470 Nec
1110 3442 1163 3469 eo

1231 1742 1349 1785 tare3
1373 1735 1557 1776 violenta
1574 1747 1679 1774 vero
1691 1764 1703 1785 ‚
1727 1739 1772 1774 et
1791 1729 2074 1785 loreafionle,

1234 1797 1334 1854 quia
1347 1797 1514 1841 Nasoni
1533 1797 1641 1839 irata
1655 1795 1765 1852 „qui
1785 1798 1979 1851 Elegiam
2000 1795 2078 1851 ipsi

1233 1861 1528 1920 praeposuerit.

1294 1944 1355 1969 12.
1385 1929 1514 1970 Palla
1517 1926 1700 1981 jacebat
1717 1927 1842 1968 humi.
1863 1923 2079 1966 verrebat

1235 1991 1423 2034 humum
1437 1990 1522 2034 scil.
1534 1989 1588 2032 ad
1605 1990 1711 2033 talos
1727 2005 1862 2045 usque
1879 1988 2079 2040 demissa,

1238 2064 1288 2098 ut
1310 2072 1406 2098 mos
1427 2054 1620 2111 Tragicis
1641 2063 1685 2097 et
1707 2053 1988 2108 Citharaedis,
2008 2054 2083 2109 qui

1236 2123 1315 2165 soli
1330 2139 1354 2165 e
1367 2122 1470 2166 viris
1489 2122 1599 2179 palla
1621 2120 1917 2164 induebantur
1931 2139 1941 2172 ;
1956 2121 2083 2164 vestis

1239 2188 1397 2245 quippe
1413 2187 1636 2231 muliebris
1649 2220 1661 2242 ‚
1673 2196 1717 2230 et
1733 2202 1829 2242 quae
1844 2186 2004 2229 tunicae
2016 2185 2083 2228 vel

1237 2254 1358 2298 stolae
1391 2254 1677 2310 injiciebatur.
1717 2253 1908 2310 Peplum
1941 2251 2084 2301 Graeci

1238 2321 1480 2374 vocabant,
1515 2328 1560 2362 et
1590 2319 1752 2362 dictam
1779 2317 1913 2361 tradit
1940 2319 2085 2360 Varro

1240 2386 1313 2428 ἀπὸ
1323 2393 1387 2429 τοῦ
1398 2386 1550 2429 πάλλειν
1561 2417 1572 2439 ,
1590 2383 1690 2440 quia
1706 2382 1947 2427 incedentis
1960 2392 2087 2426 motu

1241 2458 1285 2493 et
1305 2450 1394 2506 ipsa
1414 2449 1693 2492 movebatur:
1706 2448 1788 2491 ved
1805 2447 1923 2504 quod
1938 2452 2086 2503 palam

1241 2523 1286 2558 et
1305 2515 1408 2558 soris
1425 2515 1666 2572 gerebatur.
1687 2513 1756 2556 De
1778 2513 2085 2569 Ling.Lat.1v,

1242 2581 1310 2623 30.
1332 2580 1452 2623 Male
1471 2578 1650 2636 quidam
1670 2578 1826 2635 pallam
1842 2594 1944 2622 cum
1959 2578 2086 2634 pallio

1242 2644 1540 2689 confuderunt
1554 2661 1565 2695 ;
1584 2644 1740 2687 Nonus
1756 2643 1882 2686 >enim
1898 2677 1910 2697 ,
1926 2657 2022 2696 xw,
2041 2659 2084 2699 7:

1245 2728 1266 2747 «
1282 2709 1405 2754 Palla
1429 2717 1494 2751 est
1518 2708 1714 2751 honestae
1743 2706 1918 2749 mulieri
1947 2707 2087 2750 vesti-—

1241 2783 1445 2817 mentum
1463 2806 1474 2826 ,
1497 2772 1581 2815 hoc
1598 2781 1663 2815 est
1674 2805 1685 2826 ,
1707 2777 1858 2814 lunicoe
1867 2775 2086 2827 pallium.»

1243 2838 1431 2882 Pallium
1452 2837 1583 2894 igitur
1602 2836 1723 2894 pallae
1743 2832 1916 2894 quoque
1934 2852 2088 2895 super-

1242 2904 1507 2959 injiciebant.

1303 2969 1364 3011 13.
1384 2971 1546 3024 Regale
1563 2969 1966 3018 tenebat.Mos›ebat‚
1991 2983 2089 3009 me·-

1242 3034 1371 3078 liores
1381 3035 1477 3078 libri
1492 3049 1654 3092 magno
1664 3049 1868 3088 numero,
1890 3050 1991 3077 cum
2006 3034 2089 3089 pri-

1243 3116 1315 3143 ma
1335 3099 1539 3143 editione.
1563 3101 1728 3143 HEINS.
1759 3102 1946 3142 Tenebat
1972 3099 2088 3141 reti—

1244 3182 1343 3209 neo.
1366 3165 1502 3222 Epist.
1519 3179 1618 3218 xvl,
1642 3167 1729 3221 175.
1750 3165 1920 3219 Sceptra
1933 3180 2089 3219 parens

1245 3233 1365 3274 Asiae
1385 3236 1497 3272 tenet
1513 3247 1526 3272 .·
1548 3238 1593 3272 et
1623 3229 1778 3272 melius
1803 3228 2008 3271 convenit
2036 3235 2088 3285 τῷ

1245 3299 1341 3339 lale.
1365 3294 1519 3338 Claud.
1545 3294 1677 3338 Cons.
1699 3293 1853 3353 Olybr.
1873 3295 1950 3351 59:

1327 3388 1365 3397 ...
1378 3366 1478 3397 Italiae
1492 3364 1560 3396 late
1575 3376 1676 3406 quum
1692 3363 1780 3396 frena
1797 3371 1931 3395 teneret.
1943 3363 2066 3393 Eunu.

1305 3429 1366 3481 14.
1397 3428 1558 3484 Lydius
1576 3429 1668 3468 alla
1676 3427 1827 3480 pedum
1846 3426 1988 3466 vincla
2007 3438 2088 3465 co·—
