2268 3776
569 320 964 380 AMORUM
1016 325 1144 379 111.
1199 326 1446 383 ELEG.
1497 330 1587 383 ΙΙ.

1859 331 1952 387 161

259 435 421 517 Quos
444 431 605 497 faciat
633 447 824 495 nostra
852 447 1006 495 mota'
1026 431 1230 495 tabella
1251 438 1459 498 manu?

177 533 268 595 An
295 532 469 612 magis
496 531 588 592 hic
616 553 770 593 meus
799 522 883 592 est
909 530 1110 604 animi,
1130 554 1248 591 non
1276 532 1444 606 aet-is,
1470 550 1633 597 aestus
1650 583 1665 610 ‚

261 629 544 711 Captaque
573 626 842 688 femineus
870 641 1095 710 pectora
1126 642 1301 689 torret
1329 632 1522 691 amor?
1909 655 1965 709 40

180 726 329 787 Dum
359 723 586 808 loquor,
613 723 737 785 alba
766 724 928 803 nigro
959 748 1150 809 sparsa
1178 738 1263 787 est
1292 725 1396 785 tibi
1421 725 1643 809 pulvere
1672 731 1856 792 vestis,

261 820 492 881 Sordide
518 819 584 880 de
613 820 774 880 niveo
804 842 1038 903 corpore
1067 819 1250 904 pulvis
1281 821 1391 881 abi.

167 918 288 980 'Sed
310 919 420 1001 jam
448 940 655 1002 pompa
684 916 867 978 venit:
893 916 1100 996 linguis
1130 917 1437 1002 animisque
1464 919 1654 982 favete.

261 1018 506 1100 Tempus
534 1015 688 1077 adest
715 1014 978 1099 plausus:
1005 1039 1166 1077 aurea
1195 1040 1400 1101 pompa
1428 1019 1594 1080 venit.

178 1113 363 1176 Prima
385 1113 508 1175 loco
535 1113 713 1175 fertur
742 1113 918 1196 passis
949 1112 1195 1175 Victoria
1223 1115 1423 1198 pennis
1447 1141 1460 1176 ε
1911 1139 1968 1194 45

260 1212 388 1271 Huc
419 1210 580 1284 ades;
606 1225 660 1271 et
687 1233 842 1271 meus
864 1209 957 1270 hic
986 1209 1098 1284 sac,
1125 1211 1271 1284 Dea,
1295 1212 1479 1273 vincat
1508 1237 1677 1273 amor.

179 1305 430 1369 Plaudite
456 1309 749 1392 Neptuno,
772 1307 1007 1370 nimium
1040 1308 1137 1392 qui
1166 1308 1389 1370 creditis
1415 1309 1583 1370 undis
1609 1335 1623 1370 :

180 1447 299 1493 venti
327 1446 559 1504 dicuntur,
592 1464 730 1506 quum
757 1446 810 1491 de
839 1447 1028 1506 naviga-

180 1513 300 1558 tione
322 1514 476 1572 agitur.
498 1514 652 1571 Quare
675 1529 756 1571 ego
776 1529 878 1557 cum
900 1513 1029 1558 Scri-

180 1579 361 1624 veriano
380 1579 527 1625 codice
541 1613 553 1636 ,
582 1586 743 1623 teneros
762 1580 1029 1637 proeserrem.

183 1643 255 1688 Sic
285 1645 459 1690 Lucret.
491 1658 536 1699 1,
570 1645 682 1688 208:
715 1649 878 1688 teneras
907 1659 1031 1687 auras

184 1709 317 1765 dixit,
341 1718 386 1754 et
404 1710 565 1755 Noster
581 1722 638 1753 111
654 1741 666 1764 ,
691 1708 824 1753 Trist.
844 1721 955 1763 vm,
981 1724 1001 1765 7
1019 1723 1030 1751 ε

183 1779 232 1811 Ut
244 1787 359 1812 tenera
370 1779 489 1811 nostris
502 1778 633 1811 cedente
646 1778 809 1810 vot-tilm-
828 1788 918 1809 ωτι.
948 1778 987 1809 Β.

238 1841 304 1884 38.
331 1843 448 1896 Quos
465 1840 620 1896 saciat
643 1845 788 1883 nostra
812 1845 927 1883 mota
953 1846 1031 1882 ta-

182 1909 295 1950 bella
324 1922 462 1950 manu.
497 1906 617 1950 Male
637 1904 815 1963 quidam
822 1907 1029 1961 flabella,

181 1980 336 2017 contra
352 1971 484 2016 metri
500 1971 615 2030 leges
637 1980 681 2015 et
699 1971 939 2015 sermonis:
955 1969 1034 2013 fla-

180 2036 292 2082 bella
317 2037 439 2081 enim
457 2070 469 2090 ,
499 2039 667 2080 tabella
703 2044 830 2080 erant
856 2052 880 2079 e
913 2036 1033 2093 ligno

184 2101 283 2148 exili
301 2103 510 2148 consectae
525 2136 537 2156 ,
562 2118 667 2164 quas
684 2103 830 2147 avium
849 2100 1007 2159 plumis
1019 2134 1032 2157 ‚

182 2178 228 2214 et
258 2169 583 2214 rarissimarum
618 2168 798 2227 quidem
818 2201 830 2223 ,
873 2166 1036 2211 indue-

179 2234 301 2279 bant.
317 2233 443 2293 Saepe
459 2234 594 2279 etiam
609 2234 657 2277 in
675 2232 797 2277 hunc
815 2248 946 2277 usum
965 2248 1036 2291 pa-

180 2315 350 2344 vonum
379 2298 528 2344 caude
556 2298 911 2351 adhibebantur3
950 2314 1036 2342 nec

183 2379 284 2408 raro
300 2363 407 2408 varii
420 2363 555 2422 panni
568 2363 616 2408 in
630 2379 772 2406 unum
785 2363 1036 2407 fasciculum

184 2431 302 2475 inter
319 2447 367 2476 se
385 2429 584 2488 colligati.
603 2427 777 2488 Duplex
796 2438 946 2473 autem
962 2429 1037 2473 fla-

184 2496 404 2542 bellorum
432 2495 546 2554 apud
577 2503 747 2539 veteres
780 2509 909 2550 usus,
940 2510 1038 2552 quae

185 2570 231 2606 et
256 2564 462 2606 umbellas
488 2559 762 2618 adpellabant
778 2593 791 2616 ,
821 2576 899 2603 seu
928 2560 1038 2604 aeris

185 2625 477 2684 refrigerandi
498 2641 650 2680 causa,
672 2641 750 2668 seu
771 2624 826 2668 ad
848 2625 1037 2683 abigen-

185 2691 261 2736 das
282 2708 307 2736 a
325 2690 643 2736 somniantibus
666 2707 848 2734 muscas.
870 2691 1039 2735 Geren-

187 2757 253 2802 dis
274 2773 322 2802 ac
337 2754 634 2802 custodiendis
647 2755 827 2799 flabellis
846 2756 1039 2813 peculia-

187 2826 258 2874 resj
278 2822 450 2868 ancillas
467 2820 689 2866 habebant
710 2854 722 2876 ,
755 2837 861 2878 quas
881 2838 905 2864 a
928 2838 1035 2864 mu·-

189 2886 683 2944 nereipsoflabellisems
693 2887 852 2940 vocari,
869 2903 892 2930 e
907 2887 1038 2931 Plau-

188 2961 235 2996 to
257 2959 303 2995 et
321 2950 535 2995 Terentio
555 2951 808 3008 colligimus.

243 3018 310 3071 41.
339 3015 497 3071 Sparsa
515 3022 582 3058 est
607 3019 690 3060 tibi
698 3019 872 3072 pulvere
891 3023 1036 3063 veslzlr.

189 3079 341 3124 Sterni
365 3078 706 3124 solebatCircus
725 3082 937 3125 ramentis
963 3083 1038 3125 la-

188 3143 300 3203 pidis
315 3141 490 3187 candidi
505 3161 515 3195 ;
537 3143 613 3186 sed
626 3153 813 3188 stratum
826 3147 965 3188 minio
975 3180 987 3198 ,
1012 3163 1037 3190 a

192 3209 420 3267 Caligula;
453 3217 497 3251 et
523 3209 575 3252 ab
605 3210 764 3253 eodem
793 3221 837 3255 et
857 3213 1038 3256 Nerone

190 3270 440 3333 aurigaturo
452 3307 463 3329 ,
488 3276 782 3332 Chrysocolla,
803 3275 848 3318 id
862 3285 947 3330 est,
962 3293 1038 3320 au—

190 3349 287 3386 rato
308 3339 511 3398 pulvere,
533 3348 716 3382 narrant
743 3339 866 3384 Suet.
900 3339 1036 3400 Calig.

191 3416 339 3458 xv1113
369 3412 414 3447 et
433 3403 548 3447 Plin.
571 3417 746 3459 xxxm,
768 3405 806 3447 5.

247 3466 314 3522 43.
335 3468 422 3511 Sed
424 3467 523 3523 jam
535 3483 691 3524 pompa
714 3473 838 3514 venit.
868 3469 1038 3525 Pompa

385 3544 475 3598 II.

1109 1448 1202 1493 haec
1222 1449 1442 1498 solemnis,
1462 1465 1595 1507 quam
1611 1449 1784 1507 egregie
1801 1448 1939 1494 descri
1951 1475 1967 1483 ·

1109 1515 1174 1559 bit
1190 1514 1372 1575 Dionys.
1391 1515 1614 1559 Halicarn.
1633 1528 1719 1568 vn,
1745 1532 1814 1573 72,
1837 1531 1862 1558 a
1881 1514 1965 1559 Ca-

1111 1579 1262 1637 pitolio
1280 1581 1324 1623 in
1341 1579 1524 1624 Circum
1546 1595 1709 1638 magno
1727 1589 1936 1637 apparatu
1953 1613 1966 1633 ,

1113 1660 1254 1702 eoque
1265 1643 1421 1689 ordine
1433 1662 1512 1702 per
1525 1646 1672 1688 sorum
1683 1643 1966 1702 procedebat:

1113 1717 1265 1768 Πρῶτον
1282 1714 1354 1765 ,ue-‚0
1376 1714 1413 1754 ol
1433 1714 1566 1758 εοεῑδις
1586 1714 1710 1755 αὐτῶν
1731 1712 1913 1771 κρὸσηὸσί
1931 1730 1972 1754 τι

1113 1780 1266 1819 καὶτοῦ
1292 1778 1494 1830 πομπεύειν
1519 1779 1666 1830 ἴχοντις
1692 1778 1865 1828 Datim,
1895 1780 1968 1819 ia·-

1113 1852 1194 1892 κεῒς
1206 1847 1276 1899 μὲν
1287 1876 1297 1894 ,
1323 1844 1374 1887 ὦν
1391 1847 1427 1888 οἱ
1440 1846 1593 1906 πατὶρις
1605 1849 1809 1899 τιμήματα
1827 1848 1970 1888 Iniere

1116 1914 1233 1964 εἶχον·
1254 1915 1365 1960 κεζθὶ
1385 1912 1426 1952 δί
1440 1940 1451 1962 ,
1478 1912 1515 1953 οἱ
1531 1911 1725 1963 μέλλοντες
1744 1905 1787 1951 ἶν’
1801 1918 1880 1957 τοῖς
1899 1929 1969 1951 n·
2031 1910 2032 1913 ¹

1114 1982 1195 2026 ζσῖς
1215 1977 1479 2031 (ferreumque.
1499 1996 1555 2006 ·-
1575 1978 1734 2022 Τούτοις
1756 1979 1972 2018 ἦκολούθουν

1118 2042 1267 2094 ἧνίθχοι
1291 2039 1470 2096 τέθριππά
1504 2058 1542 2081 τι
1573 2045 1639 2082 καὶ
1674 2044 1882 2101 συνωρίδας
1909 2047 1978 2087 καὶ

1114 2109 1196 2152 τοὺς
1211 2103 1409 2155 ἀζεύκτους
1424 2107 1555 2150 ἵππους
1572 2103 1791 2151 necue-areg·
1809 2100 1893 2158 μεθ’
1911 2108 1971 2152 οὓς

1115 2174 1234 2214 οἷς-ὠν
1246 2169 1473 2224 ἀθλημάτων
1488 2168 1766 2223 ἂγωνιςαὶτῶν
1781 2173 1974 2227 τεκούςων

1115 2239 1181 2277 καὶ
1191 2241 1267 2277 τῶν
1276 2235 1422 2295 βαρέων
1433 2264 1446 2286 ,
1460 2235 1580 2287 τᾶμέν
1595 2235 1684 2275 ἄλλο
1695 2241 1808 2287 σῶμα
1818 2241 1973 2288 γυμνοὶ,

1114 2301 1164 2343 τὰ
1190 2302 1227 2341 δέ
1245 2303 1328 2359 περὶ
1349 2303 1416 2348 τὴν
1433 2301 1534 2341 «28⁸0»
1554 2300 1836 2352 καλυπτὲμεναι.

1170 2363 1236 2418 45.
1257 2363 1404 2405 Prima
1422 2364 1515 2405 loco
1524 2361 1669 2418 fertur
1684 2370 1766 2406 etc.
1787 2363 1972 2408 Effere—

1116 2428 1281 2471 bantur
1295 2426 1500 2470 Deorum
1520 2427 1751 2471 simulacra
1770 2427 1817 2472 in
1837 2428 1973 2473 then-

1115 2492 1170 2535 sis
1191 2500 1236 2535 et
1264 2491 1436 2536 ferculis
1456 2507 1467 2535 ε
1492 2499 1587 2536 erat
1616 2502 1766 2536 autem
1790 2496 1967 2546 thema,

1115 2557 1365 2601 vehiculum
1390 2556 1535 2614 ipsum
1557 2575 1568 2610 ;
1584 2558 1800 2614 ferculum
1830 2577 1963 2616 vero,

1116 2621 1301 2666 vehiculi
1321 2622 1542 2680 pulpitum
1557 2656 1570 2678 ,
1596 2623 1666 2667 cui
1686 2623 1889 2668 Deorum
1909 2627 1970 2669 si-

1117 2687 1312 2732 mulacra
1332 2688 1634 2745 imponebant.
1664 2690 1765 2732 Vid.
1788 2691 1825 2734 F
1826 2700 1903 2734 est.
1923 2701 1969 2734 et

1121 2753 1283 2798 Ascon.
1303 2754 1350 2797 in
1373 2755 1565 2797 Verrem
1587 2768 1657 2797 ιιι.

1170 2821 1236 2876 47.
1257 2822 1463 2875 Neptuno.
1486 2819 1646 2863 Scribit
1666 2820 1789 2863 Suet.
1812 2820 1968 2866 octav.

1114 2886 1252 2942 capite
1274 2899 1354 2929 xvr
1371 2918 1383 2939 ‚
1410 2885 1659 2942 Augustum
1682 2885 1751 2928 die
1773 2884 1970 2930 Circen—

1116 2953 1232 2995 sium
1250 2986 1262 3007 ,
1299 2951 1416 3008 quod
1446 2950 1585 3008 pridie
1600 2983 1605 2986 -
1618 2952 1712 3005 ejus
1745 2951 1830 2995 diei
1863 2970 1967 2997 cum

1117 3018 1333 3074 Pompeio
1366 3016 1510 3059 navali
1547 3016 1788 3060 certamine
1822 3018 1964 3062 dimi-

1114 3099 1243 3136 cans,
1266 3081 1380 3123 mala
1401 3089 1658 3136 tempestate
1681 3098 1782 3126 usus
1802 3084 1880 3134 sit,
1903 3102 1970 3128 so·

1114 3146 1251 3190 lemni
1289 3161 1460 3203 pompae
1488 3149 1756 3191 simulacmm
1784 3152 1975 3206 Neptuni

1114 3214 1347 3254 detrazme
1367 3227 1379 3252 .·
1402 3226 1452 3252 ex
1473 3226 1561 3266 quo
1581 3220 1726 3268 patet,
1750 3214 1867 3258 inter
1884 3233 1968 3259 re—

1113 3275 1251 3331 liquas
1272 3275 1476 3317 Deorum
1496 3277 1711 3333 imagines
1735 3277 1967 3323 Circensi-

1113 3340 1194 3382 bus
1208 3340 1404 3395 Neptuni
1417 3356 1592 3396 quoque
1612 3343 1893 3387 simulacrum
1905 3347 1970 3388 as-

1114 3405 1219 3448 serri
1239 3405 1415 3448 solitum
1431 3406 1571 3463 :quod
1582 3423 1702 3452 nunc
1716 3409 1818 3453 dicit
1831 3411 1970 3468 Nam,

1116 3469 1287 3514 adludit
1303 3470 1472 3516 Julian.
1493 3473 1541 3515 in
1569 3471 1825 3519 Caesaribus.

1678 3570 1734 3603 11
