2268 3776
322 342 426 374 212

783 318 854 371 P.
903 317 1204 383 OVAIDII
1254 316 1625 373 NASONIS

313 437 534 498 Scilicet
562 449 618 495 et
646 433 859 517 populo
891 457 991 516 per
1019 459 1104 495 me
1133 435 1393 496 comitata
1422 435 1683 518 placebas
1707 461 1720 496 ε

403 537 580 595 Causa
613 533 721 593 fuit
749 531 939 592 multis
969 547 1160 592 noster
1190 533 1391 593 amoris
1419 557 1590 594 amor.
2058 569 2109 596 20

314 631 524 714 Turpia
554 627 689 712 quid
716 629 948 690 referam
977 652 1127 689 vanae
1152 627 1437 688 mendacia
1466 627 1693 708 linguae,

398 731 472 788 Et
495 728 806 810 perjuratos
834 727 893 786 in
920 750 1041 787 mea
1070 725 1268 785 damna
1297 726 1491 785 Deos?

318 826 473 907 Quid
500 826 762 906 juvenum
793 824 990 883 tacitos
1019 823 1168 881 inter
1197 821 1449 881 convivia
1476 832 1648 881 nutus
1667 869 1682 893 ‚
1715 845 1720 849 ·

399 923 694 1004 Verbaque
729 920 1053 1003 compositis
1083 915 1427 978 dissimulata
1454 917 1647 978 notis?

316 1020 479 1080 Dicta
507 1031 622 1079 erat
649 1040 790 1095 aegra
817 1015 956 1075 mihi
983 1040 994 1075 :
1022 1037 1268 1097 praeceps
1292 1037 1592 1097 amensque
1621 1015 1855 1075 cucurri.
2057 1036 2108 1076 25

398 1117 575 1188 Veni3
602 1129 658 1176 et
685 1113 840 1174 rivali
869 1137 986 1173 non
1010 1127 1126 1173 erat
1152 1136 1294 1191 aegra
1322 1135 1464 1172 meo,

321 1215 453 1286 His,
480 1227 535 1274 et
567 1235 686 1294 quae
719 1226 898 1283 tace0‚
930 1209 1121 1270 duravi
1149 1232 1293 1292 saepe
1323 1202 1582 1269 ferendis.

400 1313 600 1391 Quaere
631 1307 798 1368 alium
828 1331 932 1389 pro
962 1330 1074 1377 me,
1111 1305 1208 1388 qui
1240 1318 1406 1386 queat
1427 1303 1534 1364 ista
1561 1302 1693 1385 pati.

315 1411 352 1469 J
356 1433 443 1470 am
472 1431 618 1479 mea,
642 1405 823 1465 votiva
850 1404 1059 1487 puppis
1089 1401 1344 1485 redimita
1373 1423 1612 1471 corona,

376 1498 575 1565 'Lenta
604 1516 970 1563 tumescentes
997 1499 1236 1583 aequoris
1266 1497 1422 1558 audit
1451 1518 1636 1580 aquas.
2058 1517 2110 1557 30

322 1602 527 1663 Desine
557 1599 885 1671 blanditiaS‚
920 1612 976 1659 et
1002 1598 1171 1658 verba
1200 1595 1455 1680 potentia
1485 1593 1796 1677 quondam,

399 1698 634 1758 Perdere
660 1723 672 1757 ε
699 1721 816 1758 non
843 1721 947 1775 ego
976 1720 1100 1756 sum
1130 1693 1365 1767 stultus,
1390 1708 1455 1753 ut
1478 1681 1729 1753 antefui.

321 1805 628 1862 Luctantur
645 1847 659 1872 ‚
685 1814 990 1882 pectusque
1015 1798 1131 1859 leve
1159 1799 1220 1857 in
1249 1796 1527 1858 contraria
1556 1794 1821 1867 tendunt,

403 1905 522 1963 Hac
552 1926 731 1974 amor,
760 1902 864 1962 hac
894 1901 1084 1961 odium
1110 1925 1122 1960 z
1149 1900 1274 1973 sed,
1299 1914 1439 1983 puto
1457 1946 1472 1972 ‚
1499 1897 1669 1958 vincit
1691 1920 1859 1956 amor.

324 2090 473 2129 tienler
489 2118 502 2140 ,
541 2085 726 2128 Putean.
752 2098 853 2126 cum
878 2081 1047 2126 duobus
1075 2082 1184 2127 aliis:

384 2167 445 2210 ¹9·
464 2151 638 2193 Scilicet
651 2154 693 2191 et
705 2151 859 2202 populo
871 2164 949 2202 per
965 2163 1030 2190 me
1049 2152 1181 2191 comi-

332 2222 424 2260 tata
432 2217 648 2270 placebas.
665 2214 875 2256 comitata
875 2228 955 2267 per
964 2228 1028 2254 me
1039 2220 1181 2269 potest

334 2279 514 2337 quidem
531 2278 706 2322 tolerari
724 2310 736 2331 ,
758 2285 809 2320 ut
828 2276 964 2334 Epist.
985 2290 1040 2318 111
1058 2310 1070 2331 ‚
1096 2294 1149 2336 29
1165 2293 1177 2320 :

327 2349 410 2401 J’er
425 2361 530 2401 quas
549 2347 749 2400 qomilala
768 2346 939 2385 redirem
955 2357 969 2395 ‚·
994 2341 1069 2391 sed
1090 2342 1181 2397 jam

331 2399 596 2466 praecedenti
618 2405 804 2449 disticho
827 2405 881 2449 de
908 2405 993 2449 hoc
1020 2414 1181 2462 egerat.

335 2477 535 2521 Francos.
547 2484 592 2518 et
611 2473 794 2517 Palatin.
810 2507 822 2529 ‚
842 2478 1018 2516 cantata
1029 2505 1041 2524 ,
1062 2471 1182 2528 quod

333 2541 467 2599 magis
483 2540 632 2597 placet.
645 2539 701 2581 Et
716 2539 925 2595 frequens
939 2536 1053 2595 apud
1066 2538 1182 2582 Nos-

332 2618 464 2652 trum.
490 2606 652 2649 Bunm.
679 2626 735 2636 --
755 2607 916 2659 Populo
928 2620 1007 2658 per
1025 2620 1088 2646 me
1089 2637 1180 2647 .......

326 2675 542 2728 placebas.
565 2669 743 2725 Quippe
768 2668 844 2724 qui
867 2668 983 2710 laudi
1001 2669 1078 2711 tibi
1098 2667 1183 2710 du-

335 2745 452 2780 ceret
471 2769 482 2791 ,
520 2735 572 2778 ab
595 2733 759 2777 ovidio
786 2733 922 2775 amari
940 2765 951 2787 ,
989 2740 1034 2775 et
1055 2733 1106 2775 ab
1128 2748 1182 2776 eo

338 2816 613 2860 quocumque
631 2801 715 2842 ires
734 2833 745 2854 ‚
768 2798 932 2842 assidue
949 2803 1153 2842 comitari.

391 2884 454 2924 27.
473 2868 558 2908 Ht's
569 2899 578 2916 ‚
597 2871 639 2908 et
654 2880 743 2920 quae
755 2869 874 2907 taceo
888 2897 898 2914 ‚
921 2866 1183 2917 duravisoepe

324 2932 527 2988 serendzlr.
544 2930 649 2985 Pro,
668 2927 855 2972 obdurui
875 2944 884 2971 :
901 2937 963 2971 est
977 2928 1096 2970 enim
1114 2928 1183 2975 hie

333 2997 579 3041 absolutum
591 2999 807 3043 durare‚e0
821 2995 1011 3052 positum
1029 2993 1179 3049 modo,

339 3080 426 3121 quo
448 3064 561 3122 apud
580 3064 702 3120 Virg.
723 3062 900 3106 AEneid.
922 3078 939 3106 1
956 3095 969 3118 ,
991 3078 1068 3119 207
1088 3078 1099 3104 ι

338 3138 482 3176 Durate,
498 3144 529 3167 et
542 3143 667 3167 vosmet
679 3136 776 3166 rebus
792 3144 915 3167 servate
931 3135 1092 3166 secundis.
1108 3136 1159 3166 M.

393 3198 546 3257 29-30.
564 3200 666 3240 Jam
682 3214 775 3240 mea
790 3202 929 3240 votiva
946 3205 1024 3240 etc.
1043 3195 1184 3240 Occu-

338 3274 410 3319 pat
429 3272 605 3320 portum
624 3262 801 3305 tandem
824 3277 920 3304 mea
941 3261 1082 3316 navis,
1107 3277 1184 3304 co-

335 3345 446 3372 rona
463 3329 663 3372 redimita
675 3361 687 3383 ,
711 3344 843 3384 quam
861 3321 906 3370 in
923 3343 1045 3385 spem
1059 3343 1184 3384 pros-

336 3394 429 3448 peri
450 3394 614 3436 itineris
629 3426 640 3447 ‚
674 3394 740 3436 vel
763 3393 926 3435 reditus
947 3425 958 3446 ,
982 3386 1183 3435 voveram.

338 3457 564 3512 Coronam
582 3460 738 3516 quippe
755 3461 853 3502 navi
868 3459 1154 3514 imponebant
1170 3493 1179 3511 ‚

1262 2081 1336 2138 qui
1350 2081 1532 2138 longum
1548 2095 1628 2136 per
1644 2093 1765 2123 mare
1782 2078 1865 2122 iter
1876 2088 1999 2122 erant
2017 2096 2111 2123 sus-

1261 2146 1456 2204 cepturi,
1474 2155 1522 2188 ut
1539 2161 1743 2202 prospere
1764 2161 1853 2201 quo
1872 2144 2111 2189 tendebant

1262 2212 1544 2270 pervenirent
1561 2227 1571 2261 ;
1595 2220 1639 2254 et
1658 2220 1756 2254 vota
1776 2227 1949 2267 quoque
1969 2227 2111 2254 vove-

1262 2279 1394 2333 bant,
1416 2278 1463 2321 in
1490 2277 1675 2335 patriam
1701 2276 1804 2320 inde
1836 2277 2034 2320 redituri.
2058 2301 2113 2312 -·

1264 2347 1410 2388 Lenta.
1439 2345 1618 2389 Rectius
1643 2361 1748 2388 sane
1765 2377 1777 2399 ‚
1818 2361 1950 2401 quam
1979 2349 2078 2388 loela
2098 2380 2108 2395 ‚

1265 2411 1382 2470 quod
1400 2411 1642 2469 periculum
1662 2411 1846 2455 evaserit
1866 2428 1875 2455 :
1899 2415 2013 2454 lenta
2032 2428 2112 2454 au-

1264 2485 1379 2532 tem,
1403 2484 1452 2518 ut
1474 2475 1683 2529 immota,
1707 2475 1866 2518 scilicet
1887 2483 1931 2517 et
1953 2474 2111 2518 incon-

1263 2557 1384 2583 cussa
1403 2543 1526 2583 audit
1545 2538 1684 2582 undas
1704 2547 1948 2595 turgescere
1967 2572 1979 2593 ,
2010 2540 2110 2595 quia

1263 2606 1371 2649 nihil
1390 2608 1480 2663 jam
1496 2606 1598 2650 inde
1617 2606 1796 2663 periculi
1810 2606 1887 2663 ipsi
1904 2615 2110 2649 metuen-

1264 2672 1383 2715 dum.
1410 2674 1506 2716 Hac
1527 2688 1700 2728 quoque
1736 2673 1990 2729 metaphora
2010 2689 2111 2717 usus

1265 2740 1420 2782 Horat.
1441 2753 1457 2781 1
1471 2772 1482 2793 ‚
1504 2738 1592 2783 Od.
1613 2742 1637 2782 5
1654 2772 1665 2794 ‚
1691 2739 1745 2782 ad
1769 2740 2007 2798 Pyrrham,
2033 2758 2111 2784 cu—

1262 2803 1331 2858 jus
1349 2820 1399 2845 ex
1415 2803 1626 2846 illecebris
1642 2836 1653 2857 ,
1674 2812 1883 2860 tanquam
1897 2821 1920 2848 e
1934 2806 2111 2848 naufra-

1266 2868 1334 2927 gio
1349 2902 1360 2924 ,
1384 2878 1633 2912 enataverat
1656 2886 1668 2912 ι

1634 2950 1693 2981 Me
1707 2950 1818 2981 tabula
1830 2961 1918 2982 sacer

1385 3010 1505 3042 Votiva
1517 3011 1623 3052 paries
1638 3011 1759 3042 indicat
1778 3013 1878 3044 uvida

1424 3073 1486 3102 Sus
1489 3071 1637 3112 pendisse
1650 3073 1774 3113 potenti

1425 3132 1628 3163 Vestimenta
1643 3134 1742 3170 maris
1757 3135 1838 3164 Deo.

1305 3197 1697 3251 33-34.Luclantur,
1704 3204 1929 3255 pectusque
1935 3201 2020 3242 leve
2033 3207 2112 3243 etc.

1266 3262 1364 3303 Hac
1380 3277 1514 3309 amor,
1538 3264 1620 3305 hac
1638 3265 1790 3306 odium.
1809 3263 1912 3306 Non
1928 3263 1987 3306 sic
2003 3263 2112 3306 Pro-

1265 3327 1448 3384 pertius,
1471 3344 1561 3370 non
1583 3327 1800 3384 Catullus,
1821 3344 1992 3385 quuma
2007 3327 2111 3371 Les-

1265 3394 1333 3436 bia
1353 3411 1428 3438 sua
1450 3395 1517 3438 vel
1540 3394 1733 3453 Cynthia
1760 3395 1933 3452 decepti
1954 3410 2110 3451 geme-

1265 3470 1391 3515 rent,
1419 3471 1491 3505 aut
1505 3462 1860 3520 indignarentur-3
1884 3478 1975 3505 non
1987 3462 2110 3506 eale-
