2268 3776
281 286 390 339 25ss

744 287 806 339 P.
851 287 1143 343 OVIDII
1186 286 1566 344 NASONIS

358 401 515 462 Pube
544 402 746 484 premit
775 403 1003 465 rabidos
1030 405 1468 488 inguinibusque
1498 429 1674 466 canes,

279 501 397 581 Qui
426 502 662 560 Martem
693 515 860 575 terra,
891 502 1215 585 Neptunum
1244 501 1443 580 effugit
1470 503 1529 561 in
1556 501 1749 575 undis,

360 597 631 678 Conjugis
662 598 886 660 Atrides
915 600 1136 658 victima
1165 599 1285 658 dira
1312 598 1435 658 fuit.

277 694 382 754 Cui
410 717 528 752 non
557 693 750 755 defleta
779 709 864 755 est
889 695 1170 778 Ephyraeae
1197 694 1413 754 flamma
1443 695 1707 775 Creusae?

1971 712 2051 754 335

354 792 431 850 Et
458 814 589 850 nece
618 805 878 851 natorum
906 789 1328 870 sanguinolenta
1357 795 1599 875 parens?

271 886 451 947 Flevit
477 887 870 970 Amyntorides
900 913 999 971 per
1028 888 1212 948 inania
1239 888 1450 951 lumina
1479 890 1747 951 Phoenix:

356 982 728 1067 Hippolytum
750 985 937 1068 pavidi
969 984 1304 1067 diripuistiS‚
1336 986 1482 1069 equi.

275 1081 432 1160 Quid
457 1081 604 1142 fodis
633 1083 951 1155 immeritiS‚
995 1083 1241 1155 Phineu,
1273 1107 1372 1143 sua
1402 1082 1611 1142 lumina
1633 1081 1825 1142 natis?

355 1181 530 1240 Poena
558 1205 841 1242 reversura
871 1196 954 1242 est
982 1180 1041 1240 in
1070 1194 1237 1264 caput
1265 1179 1371 1240 ista
1399 1194 1575 1239 tuum.

1973 1194 2055 1250 340

275 1277 480 1338 Omnia
508 1278 741 1339 feminea
762 1294 894 1339 sunt
916 1278 1021 1338 ista
1047 1277 1278 1337 libidine
1300 1289 1452 1335 mota
1471 1299 1483 1347 ;

353 1373 554 1434 Acrior
580 1388 664 1434 est
692 1388 908 1446 nostra,
939 1372 1180 1456 plusque
1202 1372 1408 1433 furoris
1434 1371 1619 1431 habet.

274 1517 449 1576 ERGO
480 1539 608 1593 age,
640 1539 711 1575 ne
742 1515 936 1574 dubita
965 1530 1190 1575 cunctas
1224 1537 1480 1598 superare
1504 1512 1750 1597 puellas:

351 1613 461 1672 Vix
490 1613 594 1673 erit
622 1636 650 1673 e
679 1610 870 1672 multis
899 1636 1020 1695 quae
1048 1626 1214 1690 neget
1241 1635 1352 1671 una
1382 1610 1503 1672 tibi.

273 1799 586 1846 tentaverunt,
610 1807 744 1848 quem
777 1806 858 1847 ego
886 1789 946 1833 sic
969 1822 980 1843 ,
1014 1789 1123 1833 duce

274 1866 414 1916 praest.
443 1857 544 1901 edit.
580 1859 709 1912 1470,
733 1855 855 1899 facile
876 1854 1124 1898 restituen-

274 1926 382 1968 dum
402 1933 555 1982 putem
579 1939 588 1966 :

315 1997 428 2036 Puppe
442 1995 559 2025 cadens
573 1993 658 2024 celsa
673 1990 757 2043 facta
773 1990 912 2022 refertur
926 1992 1008 2022 avis.

279 2055 456 2100 Omisso
492 2064 638 2098 tamen
679 2061 890 2109 sequente
913 2051 1123 2107 disticho,

278 2120 396 2178 quod
411 2136 545 2164 nemo
564 2135 655 2162 non
674 2118 839 2175 judicet
853 2117 1125 2161 Grammati-

275 2187 360 2231 culi
380 2185 526 2229 nescio
546 2185 669 2241 eujus
701 2200 876 2226 merum
902 2183 1124 2240 glossema.

275 2254 458 2294 -Nisa
478 2253 580 2295 Nisi
594 2249 769 2307 plurimi
788 2249 957 2305 scripti3
975 2247 1049 2291 sed
1066 2248 1125 2290 ita

277 2327 322 2360 et
343 2317 510 2360 Plinius
538 2315 608 2358 lib.
630 2328 698 2357 ΧΠ
716 2347 727 2369 ,
755 2315 805 2369 14
821 2347 833 2369 ,
855 2313 986 2367 dixit,
1006 2329 1126 2356 nemo

262 2382 441 2437 furatur
455 2384 592 2424 alteri.

348 2446 442 2488 335.
483 2447 710 2501 Ephyraeoe.
755 2441 998 2486 Corinthiae
1021 2475 1032 2496 ‚
1073 2441 1125 2485 ab

278 2511 472 2570 Ephyre.
495 2510 597 2553 Vid.
613 2526 709 2566 quae
725 2508 931 2552 adnotata
944 2510 990 2552 in
1006 2508 1129 2565 Epis-

278 2577 366 2619 tola
388 2575 562 2619 Medeae
583 2575 636 2618 ad
654 2576 878 2618 Jasonem.

332 2642 424 2700 337.
439 2643 575 2683 Heri!
586 2641 883 2697 Amyntorides
889 2658 969 2696 per
978 2645 1128 2684 inania

276 2710 438 2750 lumina
452 2704 638 2748 phenix.
656 2705 817 2749 Narrat
837 2706 925 2762 ipse
941 2706 1126 2750 Phoenix

280 2772 394 2832 apud
406 2773 674 2826 Homerum,
689 2772 738 2814 Il.
749 2780 819 2826 IX,
834 2774 914 2831 449
929 2789 1020 2828 sqq.
1030 2789 1126 2816 ma-

279 2840 356 2882 tris
376 2837 565 2895 impulsu
585 2836 718 2894 patris
744 2836 942 2893 pellicem
964 2854 1123 2880 corru-

280 2906 390 2963 pisse
403 2938 414 2960 ,
431 2903 549 2947 unde
570 2901 705 2947 iratus
724 2912 847 2960 pater
863 2903 1003 2946 filium
1024 2903 1126 2946 diris

282 2970 506 3015 devoverit
523 2988 532 3022 ;
566 2969 640 3025 qui
671 2985 808 3025 quum
848 2969 1051 3025 fugisset,
1083 2977 1127 3011 et

278 3035 488 3081 Phthiam
501 3033 949 3090 devenisset,benigne
959 3050 983 3076 a
992 3033 1126 3080 Peleo

280 3109 480 3157 exceptus
489 3109 568 3153 est,
579 3115 811 3155 comesque
824 3098 979 3142 Achilli
989 3098 1126 3143 datus.

283 3167 393 3209 Haec
429 3174 605 3209 tantum
640 3182 688 3207 ex
726 3165 930 3207 Homero
967 3180 977 3206 :
1011 3163 1128 3220 apud

283 3229 487 3287 Apollod.
507 3238 678 3283 autem,
699 3243 782 3283 111,
811 3230 858 3271 13
879 3262 890 3284 ,
912 3229 1094 3287 legimus
1113 3262 1124 3283 ,

283 3311 308 3338 a
326 3304 449 3351 patre
478 3302 736 3338 excaecatum
753 3326 765 3347 ‚
808 3303 852 3336 et
881 3302 1081 3336 sanatum
1104 3309 1127 3335 a

287 3358 483 3403 Chirone
505 3393 516 3413 ,
538 3359 762 3415 Dolopum
783 3374 931 3415 regem
952 3375 975 3401 a
993 3358 1127 3402 Peleo

283 3426 571 3469 constitutum
602 3426 743 3470 fuisse.
772 3426 920 3482 Hujus
940 3426 1127 3470 sortunae

1206 1806 1230 1833 a
1251 1789 1420 1847 tragicis
1440 1789 1580 1846 poetis
1600 1788 1772 1832 varium
1798 1788 1846 1831 in
1868 1787 2053 1831 modum

1204 1856 1287 1898 suit
1305 1864 1485 1898 versata.

1260 1921 1355 1980 339.
1390 1922 1508 1975 Quid
1506 1919 1631 1975 sodis
1649 1923 1865 1963 immerilis·
1879 1921 2053 1962 Phineu.

1209 1985 1305 2028 Cur
1325 1985 1494 2030 Phinea
1512 1985 1689 2041 Jupiter
1714 1984 1881 2027 lumine
1915 1984 2054 2026 orba-

1206 2052 1318 2096 verit
1335 2085 1346 2107 ,
1368 2068 1461 2095 non
1485 2059 1654 2095 constat
1673 2051 1773 2094 satis
1793 2050 1909 2093 inter
1939 2050 2054 2108 My-

1206 2117 1482 2175 thographos.
1505 2116 1593 2160 Alii
1611 2116 1732 2159 enim
1751 2124 2012 2166 excaecatum
2030 2131 2054 2157 a

1207 2184 1303 2228 Diis
1319 2185 1468 2227 serunt
1481 2217 1494 2239 ,
1512 2183 1613 2240 quia
1632 2184 1782 2226 sutura
1799 2182 2055 2225 mortalibus

1207 2249 1396 2307 aperiret
1429 2266 1439 2293 ;
1472 2249 1542 2292 alii
1564 2281 1576 2303 ,
1612 2264 1636 2291 a
1675 2249 1886 2304 Neptuno
1907 2280 1919 2301 ‚
1955 2247 2055 2302 quia

1205 2314 1472 2372 fugientibus
1501 2330 1525 2357 e
1561 2312 1735 2356 Colchis
1760 2312 1806 2354 in
1839 2311 2055 2355 Graeciam

1208 2379 1372 2438 Phryxi
1390 2379 1503 2423 natis
1522 2394 1643 2422 mare
1662 2378 1917 2435 placaverat.
1936 2377 2054 2419 Sunt

1207 2444 1399 2501 denique
1432 2444 1508 2501 qui
1526 2443 1660 2487 oculis
1680 2450 1857 2500 captum
1877 2441 2023 2485 dicant
2040 2474 2052 2496 ‚

1209 2510 1325 2567 quod
1344 2543 1356 2564 ‚
1377 2509 1589 2554 suadente
1612 2508 1728 2552 Idaea
1747 2508 1933 2564 conjuge
1947 2540 1959 2561 ,
1977 2523 2055 2549 na-

1208 2576 1261 2618 tis
1280 2608 1291 2630 ,
1316 2590 1424 2632 quos
1440 2591 1464 2618 e
1479 2574 1616 2632 priori
1635 2589 1769 2616 uxore
1782 2580 2051 2628 susceperat,

1208 2641 1354 2684 oculos
1372 2640 1461 2697 ipse
1483 2639 1715 2683 effodisset.
1735 2637 1996 2695 Apollod.1'‚
2012 2653 2051 2695 9.

1210 2705 1343 2749 Plura
1370 2704 1486 2762 apud
1511 2703 1799 2761 Apollonium
1824 2701 1969 2745 Rhod.
1989 2714 2051 2755 11,

1214 2785 1407 2828 170-209
1423 2802 1434 2822 ‚
1471 2777 1515 2812 et
1537 2785 1630 2824 sqq.
1649 2785 1659 2820 ;
1691 2766 1766 2809 ubi
1787 2765 1874 2809 vid.
1907 2765 2053 2808 Schol.

1208 2834 1355 2877 Valer.
1378 2833 1515 2876 Flacc.
1538 2832 1618 2887 423
1645 2848 1737 2888 sqq.
1768 2830 1970 2875 Breviter
1998 2829 2052 2872 de

1208 2900 1380 2945 Phineo
1395 2933 1407 2954 ‚
1430 2900 1477 2942 in
1501 2898 1681 2956 Orphic.
1701 2898 1797 2941 665.

1262 2968 1315 3021 34
1323 2985 1337 3010 1
1346 2999 1355 3008 .
1369 2969 1563 3010 Libidine
1576 2972 1701 3009 mota.
1720 2967 1923 3021 Cupidine
1926 2967 2057 3020 plena

1210 3031 1484 3083 Oxoniensis.
1505 3032 1672 3074 HEINS.
1690 3059 1694 3061 —

1262 3099 1358 3153 343.
1380 3101 1445 3142 Ne
1465 3101 1623 3141 dubita.
1644 3097 1881 3151 Nonnulli,
1898 3112 1975 3139 nec
1986 3095 2055 3138 vel

1207 3183 1259 3208 ne
1276 3168 1457 3208 dubiles:
1474 3165 1633 3209 eodem
1646 3164 1781 3209 modo
1794 3164 1964 3207 variant
1978 3178 2053 3206 co-

1209 3230 1324 3275 dices
1336 3246 1372 3274 11
1385 3265 1396 3286 ‚
1411 3232 1522 3275 Met.
1546 3247 1618 3274 101
1634 3264 1645 3284 ,
1659 3231 1738 3274 335
1754 3245 1824 3283 ;1x
1837 3262 1848 3283 ,
1860 3230 1938 3288 697
1953 3227 2053 3271 :sed

1208 3295 1393 3339 imitatio
1403 3296 1575 3339 videtur
1584 3295 1813 3348 Tibul.111,
1826 3293 1890 3336 El.
1903 3306 1967 3345 1v,
1981 3293 2054 3346 75:

1208 3366 1292 3406 Ergo
1307 3377 1346 3396 ne
1359 3365 1478 3397 dubita
1491 3364 1624 3395 blandas
1635 3363 1787 3406 adhibere
1799 3361 1956 3404 querelas-

1209 3425 1404 3470 Latinius
1417 3434 1564 3470 autem
1579 3442 1630 3469 ae
1645 3426 1803 3475 dubila,
1821 3435 1951 3478 quam
1971 3421 2051 3462 du-
