2268 3776
227 274 337 343 440

684 276 748 328 Ρ.
805 276 1112 333 OVIDII
1163 278 1550 338 NASONIS

301 393 378 452 Et
406 414 532 451 cum
562 389 899 452 Callimacho
928 406 990 453 tu
1020 418 1268 477 quoque,
1297 398 1438 471 Coe‘,
1467 422 1650 460 noces.

1927 423 2009 479 760

222 489 318 549 Me
346 503 491 548 certe
521 488 747 571 Sappho
775 489 1058 551 meliorem
1087 492 1216 552 fecit
1245 495 1463 569 amicae3

300 588 416 647 Nec
443 586 653 664 rigidos
684 612 867 649 mores
893 591 1029 649 Te'l'a
1058 591 1223 650 Musa
1253 590 1421 651 dedit.

223 683 479 744 Carmina
508 685 632 767 quis
663 686 850 767 potuit
882 700 1003 745 tuto
1034 685 1233 764 legisse
1261 687 1503 761 Tibulli,

302 780 406 841 Vel
438 796 558 854 tua,
591 783 747 864 cujus
780 807 924 867 opus
956 783 1198 866 Cynthia
1228 783 1343 845 sola
1370 785 1516 845 fuit?

222 876 366 956 Quis
396 879 585 961 potuit
611 878 756 939 lecto
787 879 959 939 durus
989 879 1268 941 discedere
1303 880 1510 941 Gallo?

302 977 376 1036 Et
406 1001 525 1037 mea
553 977 742 1037 nescio
771 978 906 1060 quid
939 978 1180 1039 carmina
1211 978 1371 1039 dulce
1403 995 1620 1041 sonant.

224 1073 425 1152 Quod,
460 1073 569 1133 nisi
597 1073 709 1135 dux
743 1075 926 1158 operis
953 1090 1130 1135 vatem
1157 1076 1457 1138 frustratur
1483 1077 1695 1163 Apollo
1712 1125 1727 1152 ‚

302 1170 562 1231 AEmulus
592 1186 674 1231 est
703 1173 881 1232 nostri
910 1173 1147 1233 maxima
1173 1169 1335 1234 causa
1363 1173 1512 1234 mali.

218 1268 298 1329 At
326 1283 387 1327 tu
417 1268 641 1329 rivalem
671 1269 789 1329 noli
821 1270 927 1329 tibi
955 1269 1163 1348 fingere
1195 1264 1529 1353 quemquam
1554 1297 1568 1331 :

299 1368 479 1449 Inque
505 1391 608 1427 suo
640 1366 813 1428 solam
843 1367 1002 1428 crede
1030 1368 1207 1448 jacere
1238 1382 1378 1427 toro.

1933 1404 2014 1447 770

215 1466 419 1527 'Acrius
452 1467 793 1528 Hermionen
823 1467 951 1527 ideo
986 1466 1179 1527 dilexit
1211 1468 1475 1539 OresteS‚

301 1567 440 1625 Esse
472 1565 620 1647 quod
650 1564 877 1625 alterius
908 1579 1148 1647 coeperat
1177 1563 1273 1625 illa
1297 1564 1418 1624 viri.

221 1662 405 1741 Quid,
430 1661 711 1736 Menelae',
740 1662 937 1723 doles?
967 1663 1087 1724 ibas
1118 1662 1236 1722 sine
1268 1663 1505 1746 conjuge
1537 1662 1771 1737 Creten;

301 1766 377 1824 Et
406 1780 626 1847 poteras
656 1781 833 1849 nupta
859 1765 1044 1832 lentus
1074 1767 1269 1828 abesse
1298 1781 1408 1827 tua.

216 1868 298 1927 Ut
325 1869 481 1929 Paris
509 1869 651 1929 hanc
679 1870 890 1955 rapuit,
917 1895 1066 1930 nunc
1098 1871 1321 1931 demum
1350 1894 1524 1931 uxore
1556 1893 1738 1930 carere

1933 1890 2016 1946 775

299 1975 431 2033 Non
461 1989 624 2056 potes
649 2000 661 2034 :
690 1973 916 2035 alterius
945 1975 1115 2036 crevit
1138 1999 1320 2036 amore
1352 1990 1499 2035 tuus,

220 2077 347 2135 Hoc
380 2091 435 2136 et
459 2077 517 2136 in
545 2077 783 2138 abducta
812 2078 1063 2140 Briseide
1092 2078 1262 2140 flebat
1292 2077 1541 2140 Achilles
1559 2125 1576 2153 ‚

299 2177 459 2239 Illam
488 2178 802 2240 Plisthenio
830 2180 1031 2258 gaudia
1059 2179 1199 2242 ferre
1230 2194 1375 2241 tor0.

219 2282 335 2342 Nec
363 2281 569 2347 frustra
597 2283 791 2357 flebat,
820 2283 959 2344 mihi
989 2284 1193 2346 credite
1220 2310 1232 2344 :
1257 2283 1390 2346 fecit
1418 2283 1646 2345 Atrides
1672 2310 1685 2344 :

278 2442 370 2499 76ι.
393 2444 570 2497 Sappho,
601 2444 726 2499 cujus
747 2459 880 2501 opera
900 2445 1087 2491 suerunt

217 2506 391 2562 lasciva,
411 2516 459 2550 ut
473 2508 562 2564 ipse
579 2508 639 2553 ait
655 2510 772 2553 Naso
790 2509 837 2555 in
856 2509 964 2553 Arte
982 2509 1084 2553 Am-

278 2573 369 2628 762.
393 2574 435 2615 T
429 2580 498 2617 eia
510 2574 652 2632 Musa.
675 2574 909 2618 Anacreon
924 2576 1088 2632 pariter

216 2637 401 2682 lascivus
415 2671 427 2693 ,
466 2639 590 2694 cujus
627 2641 767 2697 patria
803 2641 920 2685 Teos
937 2674 949 2696 ,
982 2642 1085 2686 urbs

220 2704 370 2751 Ioniae.

276 2769 367 2826 764.
403 2771 586 2827 Cynthia
617 2773 724 2815 sola.
758 2770 884 2814 Hinc
907 2780 1085 2828 apparet

220 2837 446 2894 Propertii
469 2840 666 2885 carmina
677 2840 953 2884 inscribenda
970 2848 1085 2889 CYN-

221 2911 341 2951 TfflA
371 2915 717 2954 ΜοΝοΒῙΒΛοΣ.
746 2906 863 2951 Vide
885 2906 1083 2953 Broukh.

223 2973 277 3017 ad
305 2973 484 3017 initium
504 2982 659 3029 poetae.

284 3037 374 3093 766.
403 3040 601 3081 Carmina
622 3040 743 3083 dulce
758 3044 926 3082 sonant.
945 3041 1085 3084 Dulce

225 3108 387 3147 canunt
405 3102 494 3148 duo
508 3102 677 3159 scripti:
694 3106 786 3145 lene
802 3109 960 3146 sonant
974 3119 1085 3160 qua-

228 3177 332 3211 tuor
356 3183 365 3210 :
389 3170 514 3213 molle
541 3167 731 3211 malebat
749 3168 974 3214 Francius.

285 3234 376 3289 767.
414 3236 541 3288 Quod
547 3238 728 3280 m‘sietc.
757 3236 1084 3288 Que'nz'sz‘Fran-

227 3300 387 3343 cofurt.
401 3300 513 3348 forte
536 3316 616 3356 pro
636 3303 745 3354 Quin
761 3316 773 3342 .·
790 3300 943 3345 ultima
958 3300 1084 3345 litera

219 3363 430 3420 absorpta
453 3364 537 3408 suit
557 3381 580 3407 a
600 3365 829 3421 sequenti,
853 3369 951 3408 nisi.

275 3426 366 3488 768.
395 3430 551 3476 Nostri
579 3434 771 3478 maxima
801 3446 936 3477 causa
966 3433 1082 3478 mali.

1175 2448 1322 2490 Vestri
1334 2445 1574 2490 Vaticanus
1588 2444 1685 2489 :sed
1699 2443 1763 2488 nil
1781 2459 1903 2502 opus.
1917 2443 2021 2487 Vid.

1168 2530 1300 2572 supra
1322 2515 1417 2559 683.

1227 2598 1319 2638 77²·
1340 2581 1531 2624 Alterius
1544 2583 1643 2631 viri,
1670 2578 1831 2623 scilicet
1845 2578 2022 2638 Pyrrhi.

1225 2648 1315 2703 778.
1338 2648 1438 2691 Viro
1457 2647 1704 2689 Plisthenio.
1726 2643 2022 2687 Plisthenium

1166 2710 1723 2767 virum,Agamemnonem
1732 2717 1874 2762 vocat,
1885 2725 1908 2750 a
1919 2708 2025 2750 Plis-

1167 2776 1301 2822 thene
1325 2785 1448 2833 patre
1471 2774 1822 2833 Agamemnonis
1843 2783 1888 2817 et
1909 2775 2022 2817 Me·-

1167 2841 1295 2884 nelai.
1317 2841 1429 2883 Tres
1445 2841 1567 2882 enim
1581 2841 1765 2882 suerunt
1777 2838 1951 2895 Pelopis
1967 2837 2025 2880 fi-

1167 2906 1211 2949 lii
1226 2938 1238 2959 ,
1256 2906 1436 2958 Atreus,
1450 2904 1682 2964 Thyestes,
1694 2913 1738 2947 et
1751 2903 1998 2948 Plisthenes
2013 2919 2024 2946 ε

1169 2985 1361 3026 quorum
1386 2969 1566 3012 ultimus
1585 2968 1657 3012 hic
1670 3001 1683 3023 ,
1698 2984 1836 3025 quum
1853 2967 2025 3024 juvenis

1168 3035 1311 3079 adhuc
1342 3035 1461 3081 diem
1491 3035 1691 3084 obiisset,
1715 3034 1875 3079 relictis
1898 3034 2025 3090 Aga—

1166 3117 1411 3154 memnone
1428 3110 1472 3145 et
1490 3100 1701 3144 Menelao
1721 3099 1843 3154 filiis,
1860 3098 2025 3142 horum

1166 3184 1319 3210 curam
1333 3167 1495 3212 Atreus
1510 3167 1557 3209 in
1577 3183 1621 3210 se
1633 3166 1822 3222 suscepit
1833 3198 1846 3220 ,
1861 3180 2025 3221 eosque

1166 3233 1379 3278 educavit.
1398 3233 1545 3289 Atque
1559 3232 1664 3275 hinc
1676 3240 1742 3275 est
1756 3229 1875 3287 quod
1890 3230 2025 3272 etiam

1165 3300 1332 3342 Alrz'doe
1341 3307 1570 3352 vocantur,
1584 3312 1838 3353 quanquam
1858 3296 2025 3340 Home-

1166 3382 1242 3408 rus
1254 3367 1346 3409 sere
1361 3366 1524 3422 ubique
1536 3366 1718 3408 Atridas
1738 3371 1864 3406 vocet
1876 3396 1887 3417 ,
1903 3361 2023 3404 nulla

1167 3431 1405 3479 Plisthenis
1426 3432 1538 3477 sacta
1552 3429 1797 3476 mentione.
1819 3428 1994 3472 MICYL.
