2268 3776
245 283 311 339 72
554 263 619 317 P.
668 264 970 321 ovlmi
1012 266 1395 325 NASONIS

323 371 552 445 Vivent,
589 373 721 434 dum
749 377 1271 453 meretrix'blanda,
1303 379 1646 440 Menandros
1674 378 1793 441 erit.

239 471 456 531 Ennius
487 486 600 532 arte
632 497 849 545 carens,
883 475 1227 559 animosique
1257 478 1462 538 Accius
1495 480 1635 553 oris,

322 569 594 629 Casurum
622 570 781 630 nullo
814 586 1062 656 tempore
1090 597 1295 634 nomen
1326 575 1554 636 habent.
1970 607 2023 636 20

240 667 545 727 Varronem
573 668 917 752 primamque
947 685 1121 730 ratem
1153 695 1275 753 quae
1304 673 1513 732 nesciat
1541 688 1670 735 aetas
1692 720 1710 748 ,

321 764 616 846 Aureaque
648 766 885 826 AEsonio
913 781 1065 845 terga
1095 767 1269 849 petita
1300 767 1471 827 duci?

242 861 499 922 Carmina
529 861 784 924 sublimis
813 878 946 925 tunc
975 879 1107 925 sunt
1135 865 1382 948 peritura
1408 865 1660 941 Lucreti,

320 959 510 1019 Exitio
543 975 713 1021 terras
740 986 915 1044 quum
947 962 1102 1023 dabit
1123 987 1236 1023 una
1266 962 1399 1023 dies,

239 1152 382 1192 unus,
405 1138 463 1181 ait
479 1137 662 1196 Quint.,
689 1156 790 1184 meo
813 1140 992 1199 quidem
1011 1144 1094 1200 ju—

240 1205 376 1260 dicio,
405 1204 638 1263 diligenter
664 1207 822 1263 lectus,
855 1208 909 1251 ad
938 1218 1095 1253 cuncta

241 1285 339 1326 quae
360 1271 633 1327 praecipimus
651 1304 662 1326 ,
691 1272 942 1329 effingenda
961 1273 1094 1316 suffi—

239 1335 324 1378 ciat
344 1352 354 1379 t
376 1336 434 1379 ita
455 1342 638 1380 omnem
655 1337 753 1381 vitae
766 1339 1005 1395 imaginem
1025 1355 1093 1381 ex-

239 1401 395 1456 pressit
412 1419 422 1453 ;
452 1410 574 1445 tanta
594 1402 639 1445 in
662 1414 722 1445 eo·
736 1403 991 1446 inveniendi
1010 1419 1094 1446 co-

238 1467 334 1524 pia,
365 1474 409 1510 et
441 1467 678 1524 eloquendi
708 1468 912 1521 facultas3
944 1469 1003 1511 ita
1032 1477 1097 1513 est

242 1533 447 1577 omnibus
474 1534 605 1577 rebus
621 1567 633 1588 ,
664 1535 861 1591 personis
878 1567 890 1590 ,
921 1535 1097 1579 affecti—

241 1600 322 1643 bus
344 1599 725 1645 accommodatus!
753 1618 774 1638 »

306 1664 368 1706 18.
394 1667 582 1707 Blanda.
601 1665 669 1708 lta
690 1665 860 1709 Thaida
882 1666 1098 1710 Menand.

245 1727 447 1772 describit
471 1729 691 1774 Plutarch.
713 1732 759 1775 in
782 1731 962 1789 Excerp.
987 1732 1103 1789 apud

246 1794 475 1838 Stohaeum
493 1794 839 1854 Grotianis,pag.
860 1798 922 1840 16.
937 1797 1101 1840 BURM.

305 1877 367 1918 19·
385 1862 550 1903 Ennius
563 1866 656 1904 arte
669 1877 831 1905 carens.
847 1862 973 1920 Stylo
988 1878 1102 1918 pene

244 1926 417 1982 poetico
438 1925 492 1969 de
514 1926 586 1969 illo
613 1936 742 1984 poeta
761 1927 957 1984 loquitur
977 1928 1104 1972 toties

243 1992 335 2048 jam
350 1992 477 2036 nobis
489 1992 760 2048 citatus,.nec
771 1994 871 2037 satis
886 2010 1101 2050 unquam,

248 2054 422 2098 Rhetor
459 2057 782 2102 celeberrimus.
826 2076 848 2096 «
874 2058 1072 2101 Ennium
1090 2091 1102 2114 ,

244 2119 391 2177 inquit
406 2154 418 2176 ,
446 2122 556 2165 sicut
583 2139 726 2167 sacros
750 2132 964 2167 vetustate
985 2124 1104 2167 lucos

247 2185 482 2231 adoremus
498 2221 510 2243 ,
532 2189 578 2233 in
595 2189 750 2245 quibus
765 2189 946 2246 grandia
960 2198 1004 2233 et
1023 2205 1105 2233 an-

246 2252 369 2309 tiqua
398 2254 559 2297 robora
586 2255 679 2312 jam
702 2271 796 2298 non
823 2263 992 2299 tantam
1018 2255 1106 2298 ha-

246 2317 355 2361 bent
392 2320 582 2376 speciem
605 2353 617 2375 ,
673 2329 886 2377 quantam
919 2320 1105 2378 religio—

247 2399 369 2428 nem.
391 2402 414 2423 »
437 2384 507 2427 De
530 2385 679 2428 Ennio
698 2386 790 2442 jam
811 2385 1039 2429 Lucretius
1061 2401 1072 2429 z

705 2462 836 2493 Primus
854 2472 980 2493 amoeno

242 2521 376 2552 Detulit
395 2533 436 2553 ex
452 2521 614 2553 Helicone
635 2524 768 2564 peremi
784 2521 898 2555 fronde
911 2534 1063 2555 coronam

248 2583 310 2614 Per
325 2590 434 2624 gentes
449 2583 561 2614 Italas.

248 2643 410 2688 Laudis
441 2643 527 2688 hoc
558 2660 817 2699 summum;
854 2654 920 2690 est
952 2655 1104 2690 tamen

251 2708 463 2766 quiddam
484 2710 603 2767 quod
631 2726 736 2753 eum
763 2710 876 2768 apud
909 2719 1105 2768 posteros

250 2775 394 2819 multo
414 2775 552 2833 magis
571 2775 855 2819 commendet
875 2792 886 2819 ε
911 2789 1105 2833 gemmas

250 2857 274 2883 e
285 2846 467 2884 stercore
479 2843 618 2884 Ennii
628 2841 774 2899 legere
788 2841 998 2898 Virgilius
1011 2856 1105 2884 non

250 2906 511 2964 dedignatus
538 2916 614 2952 est.
639 2929 696 2940 -·
715 2909 920 2951 Animosi
942 2907 1107 2951 Accius

250 2976 347 3014 otis.
370 2970 454 3015 Vel
474 2981 654 3030 propter
669 2972 979 3017 sublimitatem
999 2988 1106 3017 car-

250 3037 382 3080 minis
395 3071 407 3092 ,
426 3037 495 3081 vel
516 3047 695 3095 propter
710 3037 917 3082 fiduciam
936 3037 1026 3094 sui,
1050 3037 1106 3081 de

252 3118 337 3159 qua
357 3103 416 3146 sic
438 3103 534 3146 Val.
564 3105 681 3146 Max.
708 3117 767 3146 111
783 3138 795 3159 ,
831 3121 866 3148 c.
899 3117 994 3160 vn,
1023 3121 1068 3147 11
1093 3118 1105 3147 ε

252 3186 274 3204 «
297 3168 338 3211 Is
359 3167 476 3212 Sext.
499 3169 622 3211 Julio
654 3168 817 3213 Caesari
839 3170 1105 3227 amplissimo

252 3241 298 3275 et
330 3232 640 3278 florentissimo
672 3235 767 3278 viro
800 3236 846 3278 in
874 3235 1106 3293 collegium

251 3308 485 3354 poetarum
510 3300 705 3344 venienti
722 3317 954 3357 nunquam
971 3317 1108 3344 assur-

249 3365 360 3409 rexit
381 3381 391 3410 :
410 3381 504 3409 non
536 3366 775 3422 majestatis
804 3367 898 3423 ejus
935 3366 1107 3409 imme—

246 3446 347 3474 mor
368 3463 381 3487 ,
420 3431 498 3477 sed
529 3432 649 3490 quod
687 3432 735 3476 in
774 3432 1104 3490 comparatione

1176 1141 1484 1186 communium
1522 1139 1770 1186 studiorum
1809 1140 2031 1197 aliquanto

1177 1208 1454 1265 superiorem
1472 1224 1517 1252 se
1532 1224 1623 1251 esse
1638 1206 1896 1251 confideret.
1912 1205 2033 1261 Qua-

1176 1282 1358 1331 propter
1387 1273 1631 1317 insolentiae
1651 1272 1835 1316 crimine
1861 1272 2001 1315 caruit
2018 1284 2031 1311 t

1177 1339 1279 1395 quia
1312 1339 1372 1382 ibi
1407 1338 1688 1382 voluminum
1708 1371 1720 1393 ,
1750 1354 1844 1381 non
1877 1336 2035 1393 imagi-

1177 1420 1289 1448 num
1299 1404 1539 1447 certamina
1553 1404 1880 1447 exercebantur.
1895 1421 1916 1441 »
1929 1404 2036 1446 Am·-

1177 1485 1338 1512 mosum
1358 1485 1407 1512 os
1433 1478 1499 1512 est
1526 1469 1796 1519 violentum;
1828 1467 1914 1511 vid.
1933 1467 2034 1509 insr.

1179 1532 1234 1575 ad
1255 1533 1325 1576 lib.
1346 1547 1398 1588 11,
1423 1533 1545 1592 Eleg.
1567 1547 1692 1586 xvu,
1719 1551 1756 1591 7.
1780 1532 1902 1577 Hinc
1917 1537 2036 1574 atro-

1179 1616 1270 1643 cem
1290 1607 1415 1643 vocat
1433 1599 1504 1642 lib.
1523 1612 1562 1642 11
1575 1631 1587 1654 ,
1609 1599 1742 1642 Trist.
1764 1599 1859 1657 359.

1236 1683 1302 1709 21.
1350 1669 1579 1710 Varmnem
1603 1670 1863 1721 primamque
1890 1668 2036 1706 talem.

1182 1731 1406 1789 Apollonii
1435 1730 1600 1775 Rhodii
1629 1732 1921 1786 Argonautica
1949 1728 2038 1772 de-

1181 1796 1349 1854 signat,
1379 1812 1476 1852 quae
1500 1790 1643 1838 latinis
1670 1794 1865 1838 versibus
1892 1795 2038 1836 Varro

1183 1853 1395 1907 Atacinus
1435 1869 1740 1914 converterat,
1777 1859 2038 1916 «interpres

1183 1930 1326 1988 operis
1347 1929 1475 1973 alieni
1494 1944 1587 1973 non
1601 1926 1876 1987 spernendus
1891 1946 1912 1966 »
1928 1960 1939 1983 ,
1955 1927 2038 1984 ju·-

1184 1996 1277 2040 dice
1302 1994 1596 2052 Quintiliano.

1239 2062 1305 2105 23.
1327 2062 1537 2104 Sublt'tmssr.
1548 2060 1621 2103 An
1630 2061 1822 2102 sublimis
1834 2057 1916 2101 dici
1928 2073 2038 2115 pos-

1182 2127 1238 2171 sit
1266 2126 1495 2169 Lucretius
1512 2159 1524 2181 ,
1558 2124 1633 2182 qui
1654 2123 1838 2167 minime
1866 2121 2042 2165 sublimi

1183 2190 1378 2234 carmine
1394 2222 1406 2245 ,
1427 2189 1504 2234 sed
1516 2188 1715 2247 populari
1726 2188 1817 2231 sere
1833 2202 2039 2231 sermone

1185 2256 1367 2314 Epicuri
1387 2257 1492 2300 scita
1512 2255 1720 2310 tradidit,
1752 2253 1906 2297 dubito
1926 2266 1937 2293 ε
1957 2253 2043 2297 nisi

1186 2322 1241 2365 ad
1268 2322 1464 2366 materiae
1485 2338 1510 2364 a
1535 2321 1667 2379 vulgo
1688 2327 1872 2363 remotae
1896 2318 2042 2362 subli-

1184 2389 1387 2432 mitatem
1421 2386 1660 2445 respexerit
1684 2403 1695 2438 ;
1739 2394 1790 2428 ut
1823 2384 1883 2427 ita
1915 2383 2044 2427 ardui

1186 2454 1291 2512 quid
1306 2455 1353 2498 in
1371 2453 1577 2498 Lucretio
1594 2452 1787 2496 Statium
1806 2466 2041 2509 agnoscere

1185 2520 1355 2563 notavit
1373 2518 1525 2562 Barth.
1546 2516 1599 2561 ad
1620 2517 1691 2560 lib.
1712 2531 1751 2560 11
1765 2548 1778 2571 ,
1814 2515 1919 2560 silv.
1939 2527 2010 2557 v11
2026 2547 2039 2569 ,

1187 2585 1240 2641 76
1261 2601 1271 2627 :
1292 2592 1337 2628 et
1357 2592 1407 2627 ut
1427 2600 1452 2627 a
1477 2581 1668 2639 Quintil.
1692 2596 1721 2624 x
1737 2613 1750 2636 ,
1776 2598 1793 2624 1
1813 2612 1826 2636 ,
1849 2579 2043 2636 diffict'ltlr

1185 2649 1356 2694 dicitur.
1378 2650 1542 2693 BURM.

1239 2718 1308 2770 24.
1334 2717 1486 2757 Exitio
1507 2719 1642 2756 terras
1659 2728 1781 2769 quum
1807 2712 1931 2753 dabit
1955 2726 2043 2752 una

1184 2781 1291 2822 dies.
1310 2780 1404 2821 Ima
1423 2780 1516 2821 dies
1537 2778 1755 2835 Scaliger,
1774 2775 1851 2819 sed
1868 2776 2042 2819 frustra.

1187 2844 1267 2888 Illa
1297 2843 1489 2887 Lucretii
1517 2842 1704 2900 respexit
1737 2842 1927 2896 Noster,
1968 2839 2042 2883 lib.

1187 2925 1218 2956 V
1233 2944 1245 2966 ,
1267 2911 1322 2971 93
1345 2922 1356 2950 :

1184 2989 1351 3031 Principio
1364 2989 1467 3021 maria
1477 2999 1514 3019 ac
1531 2994 1634 3019 terras
1651 2986 1834 3029 caelumque
1847 2991 1939 3016 tuere

1187 3052 1320 3084 Horum
1349 3057 1498 3081 natm-am
1531 3049 1695 3092 triplicem
1711 3071 1722 3087 ‚
1749 3047 1813 3078 tria
1839 3056 1997 3088 corpora,

1288 3111 1448 3151 Memmi,

1187 3175 1269 3207 Tres
1283 3175 1405 3216 species
1423 3180 1490 3204 tam
1507 3171 1683 3204 dissimiles
1693 3194 1705 3211 ‚
1721 3170 1786 3203 tria
1800 3168 1879 3202 talia
1891 3174 1979 3201 texta
1988 3191 2000 3207 ‚

1192 3237 1268 3267 Una
1285 3237 1354 3267 dies
1371 3235 1472 3266 dabit
1487 3236 1603 3267 exitio.

1188 3297 1317 3341 Idem
1330 3331 1342 3354 ,
1366 3296 1526 3342 eodem
1553 3296 1665 3340 libro
1681 3328 1695 3352 ,
1718 3311 1829 3339 vers.
1853 3310 1932 3354 997
1950 3304 1962 3332 2

1187 3372 1235 3404 At
1252 3384 1318 3404 non
1335 3373 1438 3404 multa
1450 3373 1562 3404 virum
1575 3372 1638 3404 sub
1650 3371 1752 3414 signis
1765 3369 1870 3402 millia
1885 3368 1985 3399 ducta
2030 3402 2033 3403 .

1187 3434 1266 3466 Una
1277 3435 1346 3467 dies
1361 3434 1460 3467 dabat
1472 3433 1586 3467 exitio.
1843 3430 1976 3463 umus.
