2268 3776
286 308 385 342 110

730 287 793 341 P.
851 287 1162 343 OVIDII
1219 287 1604 344 NASONIS

355 403 509 486 Saepe
540 402 690 462 fruar
714 402 963 475 domina3
990 427 1132 487 saepe
1163 404 1420 487 repulsus
1451 427 1587 465 eam.

278 500 450 578 Quod
480 498 684 559 dubius
712 500 871 559 Mars
902 514 1016 572 est,
1045 524 1146 583 per
1173 516 1252 574 te,
1285 502 1536 584 privigne
1561 502 1809 586 Cupido,
1842 517 1955 563 est:

357 599 433 656 Et
461 609 644 655 movet
670 595 921 678 exemplo
947 597 1179 657 vitricus
1210 621 1359 658 arma
1391 614 1507 659 tuo,

274 695 362 753 Tu
389 691 523 752 levis
554 715 638 764 eS,
669 691 961 775 multoque
987 693 1098 752 tuis
1124 693 1412 753 ventosior
1433 693 1569 754 alis·
1557 742 1569 765 ‚

360 788 681 870 Gaudiaque
709 788 971 867 ambigua
1002 789 1209 871 dasque
1239 812 1518 872 negasque
1547 789 1671 850 fide.
1856 815 1858 817 >
2007 807 2060 846 50

274 886 336 945 Si
365 899 546 944 tamen
577 884 828 957 exaudiS,
861 884 1095 968 pulchra
1121 908 1248 944 cum
1273 899 1471 958 matre,
1504 899 1818 964 rogantem,

354 982 638 1042 Indeserta
658 1005 781 1042 meo
808 996 1031 1064 pectore
1054 1005 1223 1060 regna
1255 996 1397 1042 tene.

225 1111 227 1114 ·
272 1079 554 1140 Accedant
581 1103 780 1158 regno,
810 1079 1045 1139 nimium
1073 1102 1210 1157 vaga
1238 1080 1428 1152 turba,
1456 1076 1655 1161 puellae
1681 1080 1694 1137 l

352 1177 650 1237 Ambobus
680 1175 908 1259 populis
938 1176 1015 1237 sic
1048 1175 1393 1237 venerandus
1422 1175 1548 1235 eris.

271 1328 330 1372 sic
362 1327 463 1370 alibi
490 1328 679 1382 Noster,
717 1335 761 1370 et
782 1326 851 1370 alii
873 1345 883 1379 ;
923 1326 1000 1370 sed
1022 1326 1123 1383 quia

271 1392 396 1436 obvia
415 1401 459 1435 et
478 1393 685 1448 frequens
708 1400 772 1434 est
790 1391 952 1435 locutio
968 1424 980 1446 ‚
1017 1407 1121 1434 sus-

270 1458 491 1515 picionem
510 1466 660 1500 movet
680 1473 703 1499 a
722 1457 898 1500 librario
914 1472 1004 1500 esse
1019 1472 1125 1513 sup-

270 1523 457 1580 positam
478 1538 558 1579 pro
578 1522 724 1565 minus
753 1522 919 1579 vulgari
942 1555 953 1576 ,
991 1537 1124 1578 quam

270 1588 456 1632 servavit
475 1588 521 1630 in
544 1588 773 1630 Puteaneo
803 1585 996 1630 secunda
1026 1602 1125 1629 ma-

257 1670 354 1697 -nus
369 1672 379 1706 ;
395 1654 499 1696 etin
512 1653 732 1696 Moretiet
747 1650 1121 1705 Francosurtensi,

270 1719 410 1776 prima
430 1752 441 1773 ,
470 1720 623 1774 Jurgia
647 1723 824 1774 querat,
866 1733 962 1774 quae
981 1717 1123 1760 multo

270 1784 527 1841 elegantior,
548 1792 593 1827 et
615 1782 669 1826 ad
684 1799 782 1826 rem
804 1781 1123 1826 accommoda-

1205 1327 1303 1369 tior.
1328 1326 1396 1369 Ita
1415 1325 1652 1369 Terentius
1673 1333 1719 1368 et
1751 1324 1851 1378 alii,
1889 1341 2065 1381 quaerere

1205 1407 1405 1441 causam,
1431 1398 1474 1433 et
1493 1390 1659 1433 similia.
1701 1389 1865 1432 BURM.

1261 1458 1328 1497 51.
1365 1457 1551 1498 Pulchra
1568 1471 1661 1498 cum
1689 1460 1822 1497 matre
1848 1464 1929 1498 etc,
1966 1458 2062 1498 Ro-

1201 1526 1396 1577 ganlem‚
1427 1537 1508 1578 pro
1542 1521 1710 1565 diversa
1745 1521 1930 1564 lectione
1968 1523 2062 1565 Pu-

1206 1597 1399 1631 teaneus.
1423 1588 1592 1631 HRINS.
1622 1586 1712 1631 Sed
1735 1590 1881 1630 audioe
1900 1605 2062 1644 rogan—

1205 1658 1290 1694 tem
1328 1652 1466 1709 magis
1499 1652 1690 1695 latinum
1729 1660 1836 1708 puto
1860 1685 1872 1706 ,
1926 1668 2059 1708 quam

1205 1719 1407 1760 exaudire
1418 1732 1434 1772 ,·
1452 1725 1496 1760 et
1517 1717 1569 1760 ab
1587 1716 1736 1761 Ovidii
1753 1733 1890 1759 manu
1905 1717 2032 1760 fuisse
2052 1733 2061 1758 :

1204 1786 1239 1816 Si
1253 1784 1434 1816 tamenhaec
1441 1785 1550 1824 audis,
1564 1785 1701 1827 pulchra
1708 1797 1784 1816 cum
1794 1793 1908 1824 matre,
1921 1787 2060 1827 Cupido.

888 2055 1286 2125 ELEGIA
1346 2055 1431 2124 X.

341 2332 402 2363 AD
431 2331 700 2364 GRAECINUM
724 2334 733 2361 Σ

756 2318 777 2339 *
798 2329 949 2371 quon,
979 2328 1182 2370 PRAETEn
1211 2327 1362 2357 uuus
1392 2322 1683 2365 ommoumu,
1714 2323 1825 2353 nun-2
1853 2321 1998 2352 suunt

974 2410 1163 2442 Possm'r
1193 2407 1363 2440 AMAM.

243 2613 247 2617 .
276 2536 394 2622 TU
423 2560 587 2632 mihi,
621 2574 683 2619 tu
713 2575 855 2620 certe
875 2606 889 2632 ,
920 2558 1172 2629 memini,
1211 2555 1485 2627 Graecine,
1516 2553 1793 2632 negabas,

358 2661 489 2719 Uno
517 2681 683 2742 posse
708 2656 946 2739 aliquem
977 2671 1224 2738 tempore
1252 2677 1429 2713 amare
1458 2652 1610 2711 duas.

274 2756 382 2816 Per
407 2770 461 2815 te
489 2778 592 2833 ego
620 2752 893 2835 decipior3
918 2774 1019 2834 per
1042 2765 1094 2810 te
1123 2750 1425 2832 deprensus
1451 2746 1677 2808 inermis
1694 2792 1710 2818 ,

330 2907 353 2929 '³
381 2906 635 2951 Graecinum
661 2903 782 2947 hunc
801 2901 1010 2946 eumdem
1035 2917 1125 2945 esse

277 2975 483 3033 opinatur
518 2971 756 3024 Ciofanus,
788 2968 842 3012 ad
875 2984 1008 3025 quem
1039 2977 1126 3011 tres

279 3047 448 3083 exstant
466 3055 490 3081 e
510 3038 658 3081 Ponto
672 3003 892 3091 Epistolae‚
909 3032 1003 3091 (lib
1023 3047 1057 3088 1,
1078 3050 1124 3089 7,

276 3117 343 3160 11,
373 3105 427 3157 63
459 3116 508 3147 lv
526 3135 537 3157 ,
569 3103 639 3160 9).
672 3103 757 3145 Vir
784 3100 868 3143 suit
899 3098 1127 3143 literarum

279 3180 324 3214 et
343 3169 524 3223 militiae,
538 3176 588 3210 ut
609 3167 802 3224 adparet,
822 3164 948 3209 laude
964 3164 1126 3216 clarus;

278 3246 349 3292 et,
373 3234 493 3292 quod
510 3233 650 3276 multo
670 3231 811 3288 majus
828 3240 892 3274 est
907 3264 918 3286 ,
941 3230 1042 3287 quia
1055 3245 1127 3271 ra-

278 3302 385 3355 rius,
402 3301 595 3343 infractae
609 3298 654 3340 in
672 3298 863 3341 amicum
876 3305 920 3339 et
933 3294 1127 3339 sodalem

242 3418 251 3429 ‘
279 3366 382 3409 fidei
398 3384 407 3417 3
433 3364 550 3407 unde
564 3363 728 3407 meruit
742 3361 939 3420 Pyladen
954 3362 1071 3404 inter
1083 3369 1128 3403 et

281 3429 533 3473 Pirithoum
570 3429 621 3470 ab
651 3426 780 3470 Ovid.
817 3425 1122 3469 adnumerari:

1207 2914 1408 2954 Tuquoueq
1407 2921 1479 3002 ⁵pei·
1463 2909 1660 2941 rsdurume
1642 2919 1720 2940 erav
1722 2913 1906 3001 toteimpir
1869 2918 1896 2939 is
1913 2908 1996 2940 aiem

1247 2974 1375 3014 Dignus
1435 2972 1514 3002 inta
1515 2971 1580 3002 ntis
1593 2981 1688 3002 nome
1671 2969 1840 3001 enhahere

1209 3033 1282 3077 Ad
1314 3033 1590 3077 consulatum
1614 3031 1846 3089 pervenit,
1882 3046 1936 3074 eo
1963 3030 2059 3088 ipso

1208 3108 1423 3156 tempore,
1438 3113 1526 3154 quo
1540 3098 1656 3141 Naso
1666 3098 1714 3141 in
1727 3096 1906 3155 Scythia
1923 3111 2059 3139 exsu-

1208 3164 1323 3207 labat
1338 3182 1350 3217 ;
1373 3172 1416 3207 et
1432 3171 1650 3219 quantum
1660 3162 1803 3219 potuit
1814 3169 1857 3204 et
1871 3161 1933 3204 sas
1949 3170 2056 3211 erat,

1209 3245 1289 3286 pro
1310 3228 1455 3292 reditu
1474 3229 1601 3272 amici
1615 3227 1732 3285 apud
1754 3226 1974 3272 Caesarem
1990 3225 2060 3267 vi-

1210 3293 1339 3338 detur
1354 3294 1656 3338 intercessisse.

1263 3360 1300 3402 3.
1322 3362 1566 3415 Deprensus
1578 3361 1758 3401 inermis.
1779 3356 1821 3400 A
1836 3353 2055 3411 Cupidine

1209 3424 1366 3469 scilicet
1382 3443 1392 3479 ;
1409 3434 1452 3469 et
1465 3428 1634 3469 inermis
1642 3457 1654 3476 ,
1679 3422 1778 3479 quia
1788 3435 1931 3477 quum
1944 3418 2054 3462 mihi
