<?xml version="1.0" encoding="UTF-8"?>
<!DOCTYPE html PUBLIC "-//W3C//DTD XHTML 1.0 Transitional//EN"
    "http://www.w3.org/TR/xhtml1/DTD/xhtml1-transitional.dtd">
<html xmlns="http://www.w3.org/1999/xhtml" xml:lang="en" lang="en">
 <head>
  <title>
</title>
<meta http-equiv="Content-Type" content="text/html;charset=utf-8" />
  <meta name='ocr-system' content='tesseract 3.04.00' />
  <meta name='ocr-capabilities' content='ocr_page ocr_carea ocr_par ocr_line ocrx_word'/>
</head>
<body>
  <div class='ocr_page' id='page_1' title='image "./quaeextantomniao02oviduoft_0077.png"; bbox 0 0 2268 3776; ppageno 0'>
   <div class='ocr_carea' id='block_1_1' title="bbox 552 301 1566 360">
    <p class='ocr_par' dir='ltr' id='par_1_1' title="bbox 552 301 1566 360">
     <span class='ocr_line' id='line_1_1' title="bbox 552 301 1566 360; baseline -0.003 -1"><span class='ocrx_word' id='word_1_1' title='bbox 552 302 940 359; x_wconf 84' lang='lat' dir='ltr'><strong>AMORUM</strong></span> <span class='ocrx_word' id='word_1_2' title='bbox 990 303 1038 356; x_wconf 89' lang='lat'>1.</span> <span class='ocrx_word' id='word_1_3' title='bbox 1088 301 1334 357; x_wconf 83' lang='lat' dir='ltr'><strong>ELEG.</strong></span> <span class='ocrx_word' id='word_1_4' title='bbox 1383 302 1566 360; x_wconf 85' lang='lat' dir='ltr'><strong>XIV.</strong></span> 
     </span>
    </p>
   </div>
   <div class='ocr_carea' id='block_1_2' title="bbox 1895 303 1967 359">
    <p class='ocr_par' dir='ltr' id='par_1_2' title="bbox 1895 303 1967 359">
     <span class='ocr_line' id='line_1_2' title="bbox 1895 303 1967 359; baseline 0.014 -1"><span class='ocrx_word' id='word_1_5' title='bbox 1895 303 1967 359; x_wconf 85' lang='lat'>63</span> 
     </span>
    </p>
   </div>
   <div class='ocr_carea' id='block_1_3' title="bbox 190 415 1974 771">
    <p class='ocr_par' dir='ltr' id='par_1_3' title="bbox 190 415 1974 580">
     <span class='ocr_line' id='line_1_3' title="bbox 190 415 1974 506; baseline -0.003 -23"><span class='ocrx_word' id='word_1_6' title='bbox 190 423 315 506; x_wconf 88' lang='lat' dir='ltr'>Ipse</span> <span class='ocrx_word' id='word_1_7' title='bbox 343 418 526 481; x_wconf 70' lang='lat' dir='ltr'>Defim</span> <span class='ocrx_word' id='word_1_8' title='bbox 557 419 806 499; x_wconf 86' lang='lat' dir='ltr'>genitor,</span> <span class='ocrx_word' id='word_1_9' title='bbox 842 441 910 479; x_wconf 91' lang='lat' dir='ltr'>ne</span> <span class='ocrx_word' id='word_1_10' title='bbox 943 432 995 479; x_wconf 89' lang='lat' dir='ltr'>te</span> <span class='ocrx_word' id='word_1_11' title='bbox 1029 432 1139 478; x_wconf 87' lang='lat' dir='ltr'>tam</span> <span class='ocrx_word' id='word_1_12' title='bbox 1162 440 1305 500; x_wconf 86' lang='lat' dir='ltr'>saepe</span> <span class='ocrx_word' id='word_1_13' title='bbox 1334 415 1569 491; x_wconf 85' lang='lat' dir='ltr'>videret,</span> <span class='ocrx_word' id='word_1_14' title='bbox 1916 438 1974 493; x_wconf 75' lang='lat'>45</span> 
     </span>
     <span class='ocr_line' id='line_1_4' title="bbox 275 513 1347 580; baseline -0.007 0"><span class='ocrx_word' id='word_1_15' title='bbox 275 516 565 580; x_wconf 77' lang='lat' dir='ltr'>Commisit</span> <span class='ocrx_word' id='word_1_16' title='bbox 594 531 789 578; x_wconf 87' lang='lat' dir='ltr'>noctes</span> <span class='ocrx_word' id='word_1_17' title='bbox 815 515 876 575; x_wconf 92' lang='lat' dir='ltr'>in</span> <span class='ocrx_word' id='word_1_18' title='bbox 905 539 1004 576; x_wconf 91' lang='lat' dir='ltr'>sua</span> <span class='ocrx_word' id='word_1_19' title='bbox 1033 527 1163 575; x_wconf 86' lang='lat' dir='ltr'>vota</span> <span class='ocrx_word' id='word_1_20' title='bbox 1193 513 1347 574; x_wconf 81' lang='lat' dir='ltr'>dua8.</span> 
     </span>
    </p>

    <p class='ocr_par' dir='ltr' id='par_1_4' title="bbox 190 610 1484 771">
     <span class='ocr_line' id='line_1_5' title="bbox 190 610 1484 693; baseline -0.004 -18"><span class='ocrx_word' id='word_1_21' title='bbox 190 613 386 693; x_wconf 83' lang='lat' dir='ltr'>Jurgia</span> <span class='ocrx_word' id='word_1_22' title='bbox 414 612 661 673; x_wconf 86' lang='lat' dir='ltr'>finieram</span> <span class='ocrx_word' id='word_1_23' title='bbox 687 637 700 672; x_wconf 91' lang='lat'>:</span> <span class='ocrx_word' id='word_1_24' title='bbox 731 611 898 672; x_wconf 86' lang='lat' dir='ltr'>scires</span> <span class='ocrx_word' id='word_1_25' title='bbox 928 610 1176 683; x_wconf 88' lang='lat' dir='ltr'>audisse;</span> <span class='ocrx_word' id='word_1_26' title='bbox 1206 610 1484 684; x_wconf 89' lang='lat' dir='ltr'>rubebat;</span> 
     </span>
     <span class='ocr_line' id='line_1_6' title="bbox 272 706 1411 771; baseline -0.005 0"><span class='ocrx_word' id='word_1_27' title='bbox 272 711 387 771; x_wconf 84' lang='lat' dir='ltr'>Nec</span> <span class='ocrx_word' id='word_1_28' title='bbox 414 723 596 771; x_wconf 88' lang='lat' dir='ltr'>tamen</span> <span class='ocrx_word' id='word_1_29' title='bbox 625 708 855 771; x_wconf 88' lang='lat' dir='ltr'>adsueto</span> <span class='ocrx_word' id='word_1_30' title='bbox 887 708 1099 770; x_wconf 87' lang='lat' dir='ltr'>tardior</span> <span class='ocrx_word' id='word_1_31' title='bbox 1130 721 1252 769; x_wconf 87' lang='lat' dir='ltr'>orta</span> <span class='ocrx_word' id='word_1_32' title='bbox 1277 706 1411 768; x_wconf 88' lang='lat' dir='ltr'>dies.</span> 
     </span>
    </p>
   </div>
   <div class='ocr_carea' id='block_1_4' title="bbox 188 864 1047 1766">
    <p class='ocr_par' dir='ltr' id='par_1_5' title="bbox 188 864 1047 1766">
     <span class='ocr_line' id='line_1_7' title="bbox 190 864 1042 923; baseline -0.002 -13"><span class='ocrx_word' id='word_1_33' title='bbox 190 870 268 910; x_wconf 77' lang='lat' dir='ltr'>est.</span> <span class='ocrx_word' id='word_1_34' title='bbox 305 864 371 910; x_wconf 88' lang='lat' dir='ltr'>Ita</span> <span class='ocrx_word' id='word_1_35' title='bbox 403 864 561 923; x_wconf 87' lang='lat' dir='ltr'>legitur</span> <span class='ocrx_word' id='word_1_36' title='bbox 595 864 725 923; x_wconf 84' lang='lat' dir='ltr'>vulgo</span> <span class='ocrx_word' id='word_1_37' title='bbox 741 897 753 919; x_wconf 92' lang='lat'>,</span> <span class='ocrx_word' id='word_1_38' title='bbox 785 872 831 909; x_wconf 88' lang='lat' dir='ltr'>et</span> <span class='ocrx_word' id='word_1_39' title='bbox 864 865 1042 922; x_wconf 80' lang='lat' dir='ltr'>exponit</span> 
     </span>
     <span class='ocr_line' id='line_1_8' title="bbox 190 928 1042 989; baseline -0.001 -15"><span class='ocrx_word' id='word_1_40' title='bbox 190 930 251 974; x_wconf 86' lang='lat' dir='ltr'>ita</span> <span class='ocrx_word' id='word_1_41' title='bbox 270 928 626 985; x_wconf 86' lang='lat' dir='ltr'>Commentator,</span> <span class='ocrx_word' id='word_1_42' title='bbox 651 932 741 974; x_wconf 88' lang='lat' dir='ltr'>Nec</span> <span class='ocrx_word' id='word_1_43' title='bbox 759 935 834 974; x_wconf 77' lang='lat' dir='ltr'>lua</span> <span class='ocrx_word' id='word_1_44' title='bbox 852 930 1042 989; x_wconf 77' lang='lat' dir='ltr'>(scilicet</span> 
     </span>
     <span class='ocr_line' id='line_1_9' title="bbox 192 993 1041 1054; baseline -0.004 -15"><span class='ocrx_word' id='word_1_45' title='bbox 192 993 401 1054; x_wconf 81' lang='lat' dir='ltr'>Aurorae)</span> <span class='ocrx_word' id='word_1_46' title='bbox 417 995 565 1052; x_wconf 84' lang='lat' dir='ltr'>forma</span> <span class='ocrx_word' id='word_1_47' title='bbox 583 1001 651 1039; x_wconf 78' lang='lat' dir='ltr'>est</span> <span class='ocrx_word' id='word_1_48' title='bbox 678 998 864 1040; x_wconf 82' lang='lat' dir='ltr'>secunda</span> <span class='ocrx_word' id='word_1_49' title='bbox 889 998 1008 1039; x_wconf 80' lang='lat' dir='ltr'>illius</span> <span class='ocrx_word' id='word_1_50' title='bbox 1027 1008 1041 1035; x_wconf 78' lang='lat'>‚⁰</span> 
     </span>
     <span class='ocr_line' id='line_1_10' title="bbox 190 1059 1040 1119; baseline -0.001 -14"><span class='ocrx_word' id='word_1_51' title='bbox 190 1059 276 1105; x_wconf 82' lang='lat' dir='ltr'>hoc</span> <span class='ocrx_word' id='word_1_52' title='bbox 294 1070 359 1105; x_wconf 82' lang='lat' dir='ltr'>est</span> <span class='ocrx_word' id='word_1_53' title='bbox 373 1093 386 1115; x_wconf 94' lang='lat'>,</span> <span class='ocrx_word' id='word_1_54' title='bbox 422 1069 471 1104; x_wconf 84' lang='lat' dir='ltr'>tu</span> <span class='ocrx_word' id='word_1_55' title='bbox 491 1076 612 1118; x_wconf 78' lang='lat' dir='ltr'>aeque</span> <span class='ocrx_word' id='word_1_56' title='bbox 633 1060 811 1119; x_wconf 89' lang='lat' dir='ltr'>pulchra</span> <span class='ocrx_word' id='word_1_57' title='bbox 838 1077 884 1104; x_wconf 80' lang='lat' dir='ltr'>es</span> <span class='ocrx_word' id='word_1_58' title='bbox 911 1068 1040 1117; x_wconf 87' lang='lat' dir='ltr'>atque</span> 
     </span>
     <span class='ocr_line' id='line_1_11' title="bbox 188 1125 1043 1185; baseline -0.001 -14"><span class='ocrx_word' id='word_1_59' title='bbox 188 1125 274 1171; x_wconf 83' lang='lat' dir='ltr'>illa.</span> <span class='ocrx_word' id='word_1_60' title='bbox 298 1126 414 1184; x_wconf 74' lang='lat' dir='ltr'>Quae</span> <span class='ocrx_word' id='word_1_61' title='bbox 430 1126 636 1185; x_wconf 76' lang='lat' dir='ltr'>expositio</span> <span class='ocrx_word' id='word_1_62' title='bbox 654 1142 745 1170; x_wconf 87' lang='lat' dir='ltr'>non</span> <span class='ocrx_word' id='word_1_63' title='bbox 765 1125 938 1170; x_wconf 90' lang='lat' dir='ltr'>videtur</span> <span class='ocrx_word' id='word_1_64' title='bbox 958 1142 1043 1170; x_wconf 81' lang='lat' dir='ltr'>res·</span> 
     </span>
     <span class='ocr_line' id='line_1_12' title="bbox 189 1189 1041 1250; baseline 0.004 -17"><span class='ocrx_word' id='word_1_65' title='bbox 189 1189 387 1248; x_wconf 89' lang='lat' dir='ltr'>pondere</span> <span class='ocrx_word' id='word_1_66' title='bbox 406 1191 737 1250; x_wconf 80' lang='lat' dir='ltr'>expostulationi</span> <span class='ocrx_word' id='word_1_67' title='bbox 754 1207 764 1235; x_wconf 91' lang='lat'>:</span> <span class='ocrx_word' id='word_1_68' title='bbox 785 1207 889 1235; x_wconf 88' lang='lat' dir='ltr'>nam</span> <span class='ocrx_word' id='word_1_69' title='bbox 904 1207 1041 1249; x_wconf 88' lang='lat' dir='ltr'>quum</span> 
     </span>
     <span class='ocr_line' id='line_1_13' title="bbox 191 1255 1042 1312; baseline 0.002 -14"><span class='ocrx_word' id='word_1_70' title='bbox 191 1262 319 1312; x_wconf 86' lang='lat' dir='ltr'>poeta</span> <span class='ocrx_word' id='word_1_71' title='bbox 342 1255 386 1298; x_wconf 89' lang='lat' dir='ltr'>in</span> <span class='ocrx_word' id='word_1_72' title='bbox 410 1255 631 1301; x_wconf 85' lang='lat' dir='ltr'>Auroram</span> <span class='ocrx_word' id='word_1_73' title='bbox 659 1256 914 1311; x_wconf 80' lang='lat' dir='ltr'>invehatur,</span> <span class='ocrx_word' id='word_1_74' title='bbox 937 1273 1042 1300; x_wconf 88' lang='lat' dir='ltr'>ma-</span> 
     </span>
     <span class='ocr_line' id='line_1_14' title="bbox 191 1318 1043 1380; baseline 0.006 -18"><span class='ocrx_word' id='word_1_75' title='bbox 191 1318 253 1377; x_wconf 82' lang='lat' dir='ltr'>gis</span> <span class='ocrx_word' id='word_1_76' title='bbox 273 1320 559 1365; x_wconf 85' lang='lat' dir='ltr'>conveniebat</span> <span class='ocrx_word' id='word_1_77' title='bbox 588 1321 704 1366; x_wconf 91' lang='lat' dir='ltr'>illam</span> <span class='ocrx_word' id='word_1_78' title='bbox 725 1321 962 1380; x_wconf 86' lang='lat' dir='ltr'>vituperari</span> <span class='ocrx_word' id='word_1_79' title='bbox 989 1322 1043 1367; x_wconf 90' lang='lat' dir='ltr'>ab</span> 
     </span>
     <span class='ocr_line' id='line_1_15' title="bbox 190 1384 1043 1445; baseline 0.005 -18"><span class='ocrx_word' id='word_1_80' title='bbox 190 1384 265 1428; x_wconf 87' lang='lat' dir='ltr'>illo</span> <span class='ocrx_word' id='word_1_81' title='bbox 283 1418 295 1440; x_wconf 95' lang='lat'>,</span> <span class='ocrx_word' id='word_1_82' title='bbox 331 1401 464 1443; x_wconf 89' lang='lat' dir='ltr'>quam</span> <span class='ocrx_word' id='word_1_83' title='bbox 496 1385 675 1430; x_wconf 89' lang='lat' dir='ltr'>laudari.</span> <span class='ocrx_word' id='word_1_84' title='bbox 709 1386 874 1445; x_wconf 87' lang='lat' dir='ltr'>Legere</span> <span class='ocrx_word' id='word_1_85' title='bbox 898 1387 1043 1445; x_wconf 86' lang='lat' dir='ltr'>itaque</span> 
     </span>
     <span class='ocr_line' id='line_1_16' title="bbox 193 1449 1046 1508; baseline 0.004 -15"><span class='ocrx_word' id='word_1_86' title='bbox 193 1449 343 1494; x_wconf 88' lang='lat' dir='ltr'>malim</span> <span class='ocrx_word' id='word_1_87' title='bbox 354 1482 366 1506; x_wconf 94' lang='lat'>,</span> <span class='ocrx_word' id='word_1_88' title='bbox 384 1452 475 1496; x_wconf 80' lang='lat' dir='ltr'>Nec</span> <span class='ocrx_word' id='word_1_89' title='bbox 487 1454 603 1495; x_wconf 73' lang='lat' dir='ltr'>illius</span> <span class='ocrx_word' id='word_1_90' title='bbox 602 1451 749 1508; x_wconf 85' lang='lat' dir='ltr'>forma</span> <span class='ocrx_word' id='word_1_91' title='bbox 760 1455 947 1496; x_wconf 82' lang='lat' dir='ltr'>secunda</span> <span class='ocrx_word' id='word_1_92' title='bbox 960 1458 1046 1496; x_wconf 78' lang='lat' dir='ltr'>lua·</span> 
     </span>
     <span class='ocr_line' id='line_1_17' title="bbox 195 1515 1047 1573; baseline 0.002 -14"><span class='ocrx_word' id='word_1_93' title='bbox 195 1519 287 1567; x_wconf 77' lang='lat' dir='ltr'>est,</span> <span class='ocrx_word' id='word_1_94' title='bbox 321 1523 371 1560; x_wconf 87' lang='lat' dir='ltr'>ut</span> <span class='ocrx_word' id='word_1_95' title='bbox 389 1523 517 1573; x_wconf 86' lang='lat' dir='ltr'>poeta</span> <span class='ocrx_word' id='word_1_96' title='bbox 537 1515 737 1561; x_wconf 88' lang='lat' dir='ltr'>videatur</span> <span class='ocrx_word' id='word_1_97' title='bbox 760 1516 943 1561; x_wconf 79' lang='lat' dir='ltr'>Aurorae</span> <span class='ocrx_word' id='word_1_98' title='bbox 964 1517 1047 1561; x_wconf 92' lang='lat' dir='ltr'>ob-</span> 
     </span>
     <span class='ocr_line' id='line_1_18' title="bbox 193 1579 1045 1640; baseline 0 -16"><span class='ocrx_word' id='word_1_99' title='bbox 193 1579 326 1637; x_wconf 76' lang='lat' dir='ltr'>jicere</span> <span class='ocrx_word' id='word_1_100' title='bbox 345 1581 594 1640; x_wconf 86' lang='lat' dir='ltr'>exemplum</span> <span class='ocrx_word' id='word_1_101' title='bbox 613 1581 765 1637; x_wconf 78' lang='lat' dir='ltr'>Lunae,</span> <span class='ocrx_word' id='word_1_102' title='bbox 777 1597 890 1639; x_wconf 78' lang='lat' dir='ltr'>quae,</span> <span class='ocrx_word' id='word_1_103' title='bbox 906 1597 1045 1639; x_wconf 87' lang='lat' dir='ltr'>quum</span> 
     </span>
     <span class='ocr_line' id='line_1_19' title="bbox 196 1646 1047 1707; baseline 0.005 -19"><span class='ocrx_word' id='word_1_104' title='bbox 196 1660 290 1689; x_wconf 88' lang='lat' dir='ltr'>non</span> <span class='ocrx_word' id='word_1_105' title='bbox 302 1646 444 1690; x_wconf 79' lang='lat' dir='ltr'>forma</span> <span class='ocrx_word' id='word_1_106' title='bbox 456 1646 671 1703; x_wconf 75' lang='lat' dir='ltr'>vincatur,</span> <span class='ocrx_word' id='word_1_107' title='bbox 687 1655 836 1691; x_wconf 89' lang='lat' dir='ltr'>tamen</span> <span class='ocrx_word' id='word_1_108' title='bbox 857 1647 1047 1707; x_wconf 87' lang='lat' dir='ltr'>patiatur</span> 
     </span>
     <span class='ocr_line' id='line_1_20' title="bbox 188 1709 843 1766; baseline 0.005 -14"><span class='ocrx_word' id='word_1_109' title='bbox 188 1709 368 1766; x_wconf 72' lang='lat' dir='ltr'>juvenes</span> <span class='ocrx_word' id='word_1_110' title='bbox 383 1718 429 1755; x_wconf 87' lang='lat' dir='ltr'>et</span> <span class='ocrx_word' id='word_1_111' title='bbox 445 1715 638 1755; x_wconf 74' lang='lat' dir='ltr'>amantes</span> <span class='ocrx_word' id='word_1_112' title='bbox 655 1713 843 1755; x_wconf 70' lang='lat' dir='ltr'>domim</span> 
     </span>
    </p>
   </div>
   <div class='ocr_carea' id='block_1_5' title="bbox 1122 859 1986 1760">
    <p class='ocr_par' dir='ltr' id='par_1_6' title="bbox 1122 859 1979 1180">
     <span class='ocr_line' id='line_1_21' title="bbox 1178 859 1978 918; baseline -0.001 -12"><span class='ocrx_word' id='word_1_113' title='bbox 1178 862 1244 918; x_wconf 80' lang='lat'>46,</span> <span class='ocrx_word' id='word_1_114' title='bbox 1267 863 1490 907; x_wconf 57' lang='lat' dir='ltr'>Commu!</span> <span class='ocrx_word' id='word_1_115' title='bbox 1505 865 1652 905; x_wconf 77' lang='lat' dir='ltr'>noctes</span> <span class='ocrx_word' id='word_1_116' title='bbox 1671 861 1792 904; x_wconf 81' lang='lat' dir='ltr'>duas.</span> <span class='ocrx_word' id='word_1_117' title='bbox 1816 859 1854 904; x_wconf 84' lang='lat' dir='ltr'>E</span> <span class='ocrx_word' id='word_1_118' title='bbox 1874 859 1978 905; x_wconf 88' lang='lat' dir='ltr'>‹lua-</span> 
     </span>
     <span class='ocr_line' id='line_1_22' title="bbox 1122 926 1976 971; baseline 0 -1"><span class='ocrx_word' id='word_1_119' title='bbox 1122 926 1203 971; x_wconf 78' lang='lat' dir='ltr'>bus</span> <span class='ocrx_word' id='word_1_120' title='bbox 1235 941 1371 971; x_wconf 88' lang='lat' dir='ltr'>unam</span> <span class='ocrx_word' id='word_1_121' title='bbox 1399 926 1556 970; x_wconf 76' lang='lat' dir='ltr'>effecit.</span> <span class='ocrx_word' id='word_1_122' title='bbox 1587 948 1643 959; x_wconf 91' lang='lat'>-</span> <span class='ocrx_word' id='word_1_123' title='bbox 1674 927 1726 969; x_wconf 84' lang='lat' dir='ltr'>In</span> <span class='ocrx_word' id='word_1_124' title='bbox 1755 942 1836 969; x_wconf 81' lang='lat' dir='ltr'>sua</span> <span class='ocrx_word' id='word_1_125' title='bbox 1864 933 1976 970; x_wconf 78' lang='lat' dir='ltr'>vota.</span> 
     </span>
     <span class='ocr_line' id='line_1_23' title="bbox 1125 991 1979 1050; baseline -0.001 -14"><span class='ocrx_word' id='word_1_126' title='bbox 1125 991 1233 1049; x_wconf 87' lang='lat' dir='ltr'>Quo</span> <span class='ocrx_word' id='word_1_127' title='bbox 1247 992 1417 1050; x_wconf 69' lang='lat' dir='ltr'>longius</span> <span class='ocrx_word' id='word_1_128' title='bbox 1431 1007 1534 1035; x_wconf 89' lang='lat' dir='ltr'>cum</span> <span class='ocrx_word' id='word_1_129' title='bbox 1550 991 1761 1036; x_wconf 82' lang='lat' dir='ltr'>Alcmene</span> <span class='ocrx_word' id='word_1_130' title='bbox 1775 1007 1979 1036; x_wconf 88' lang='lat' dir='ltr'>commo-</span> 
     </span>
     <span class='ocr_line' id='line_1_24' title="bbox 1123 1056 1977 1114; baseline -0.001 -13"><span class='ocrx_word' id='word_1_131' title='bbox 1123 1065 1307 1101; x_wconf 85' lang='lat' dir='ltr'>raretur.</span> <span class='ocrx_word' id='word_1_132' title='bbox 1326 1056 1356 1101; x_wconf 87' lang='lat' dir='ltr'>J</span> <span class='ocrx_word' id='word_1_133' title='bbox 1361 1073 1436 1100; x_wconf 88' lang='lat' dir='ltr'>ure</span> <span class='ocrx_word' id='word_1_134' title='bbox 1450 1057 1585 1114; x_wconf 86' lang='lat' dir='ltr'>igitur</span> <span class='ocrx_word' id='word_1_135' title='bbox 1598 1057 1731 1101; x_wconf 81' lang='lat' dir='ltr'>Sosiae</span> <span class='ocrx_word' id='word_1_136' title='bbox 1747 1056 1977 1101; x_wconf 88' lang='lat' dir='ltr'>videbatur</span> 
     </span>
     <span class='ocr_line' id='line_1_25' title="bbox 1123 1126 1941 1180; baseline 0.002 -14"><span class='ocrx_word' id='word_1_137' title='bbox 1123 1139 1174 1167; x_wconf 86' lang='lat' dir='ltr'>ea</span> <span class='ocrx_word' id='word_1_138' title='bbox 1194 1138 1279 1166; x_wconf 86' lang='lat' dir='ltr'>nox</span> <span class='ocrx_word' id='word_1_139' title='bbox 1293 1153 1307 1179; x_wconf 88' lang='lat'>,</span> <span class='ocrx_word' id='word_1_140' title='bbox 1327 1140 1381 1166; x_wconf 80' lang='lat' dir='ltr'>en</span> <span class='ocrx_word' id='word_1_141' title='bbox 1399 1126 1605 1179; x_wconf 70' lang='lat' dir='ltr'>longueur</span> <span class='ocrx_word' id='word_1_142' title='bbox 1618 1140 1722 1167; x_wconf 79' lang='lat' dir='ltr'>sans</span> <span class='ocrx_word' id='word_1_143' title='bbox 1735 1126 1941 1180; x_wconf 73' lang='lat' dir='ltr'>porcille!</span> 
     </span>
    </p>

    <p class='ocr_par' dir='ltr' id='par_1_7' title="bbox 1125 1189 1986 1760">
     <span class='ocr_line' id='line_1_26' title="bbox 1178 1189 1979 1248; baseline 0.001 -16"><span class='ocrx_word' id='word_1_144' title='bbox 1178 1190 1244 1248; x_wconf 75' lang='lat'>47.</span> <span class='ocrx_word' id='word_1_145' title='bbox 1273 1190 1483 1233; x_wconf 65' lang='lat' dir='ltr'>nubebat.</span> <span class='ocrx_word' id='word_1_146' title='bbox 1515 1189 1605 1233; x_wconf 88' lang='lat' dir='ltr'>Pro</span> <span class='ocrx_word' id='word_1_147' title='bbox 1635 1205 1759 1233; x_wconf 89' lang='lat' dir='ltr'>more</span> <span class='ocrx_word' id='word_1_148' title='bbox 1792 1190 1952 1234; x_wconf 82' lang='lat' dir='ltr'>Noster</span> <span class='ocrx_word' id='word_1_149' title='bbox 1965 1223 1979 1245; x_wconf 93' lang='lat'>,</span> 
     </span>
     <span class='ocr_line' id='line_1_27' title="bbox 1125 1253 1982 1314; baseline 0.002 -17"><span class='ocrx_word' id='word_1_150' title='bbox 1125 1262 1201 1297; x_wconf 87' lang='lat' dir='ltr'>aut</span> <span class='ocrx_word' id='word_1_151' title='bbox 1228 1253 1393 1298; x_wconf 76' lang='lat' dir='ltr'>lascivia</span> <span class='ocrx_word' id='word_1_152' title='bbox 1421 1253 1564 1312; x_wconf 83' lang='lat' dir='ltr'>potius</span> <span class='ocrx_word' id='word_1_153' title='bbox 1588 1255 1752 1314; x_wconf 84' lang='lat' dir='ltr'>ingenii</span> <span class='ocrx_word' id='word_1_154' title='bbox 1783 1254 1836 1298; x_wconf 86' lang='lat' dir='ltr'>ad</span> <span class='ocrx_word' id='word_1_155' title='bbox 1861 1256 1982 1300; x_wconf 77' lang='lat' dir='ltr'>istius</span> 
     </span>
     <span class='ocr_line' id='line_1_28' title="bbox 1125 1318 1981 1377; baseline 0.002 -14"><span class='ocrx_word' id='word_1_156' title='bbox 1125 1318 1250 1363; x_wconf 90' lang='lat' dir='ltr'>modi</span> <span class='ocrx_word' id='word_1_157' title='bbox 1281 1318 1399 1364; x_wconf 77' lang='lat' dir='ltr'>lusus</span> <span class='ocrx_word' id='word_1_158' title='bbox 1428 1319 1725 1377; x_wconf 72' lang='lat' dir='ltr'>proclivioris,</span> <span class='ocrx_word' id='word_1_159' title='bbox 1760 1320 1981 1365; x_wconf 80' lang='lat' dir='ltr'>Auroram</span> 
     </span>
     <span class='ocr_line' id='line_1_29' title="bbox 1126 1384 1983 1443; baseline 0.004 -16"><span class='ocrx_word' id='word_1_160' title='bbox 1126 1384 1230 1428; x_wconf 86' lang='lat' dir='ltr'>dicit</span> <span class='ocrx_word' id='word_1_161' title='bbox 1244 1388 1409 1428; x_wconf 78' lang='lat' dir='ltr'>rubere.</span> <span class='ocrx_word' id='word_1_162' title='bbox 1431 1386 1549 1443; x_wconf 82' lang='lat' dir='ltr'>quasi</span> <span class='ocrx_word' id='word_1_163' title='bbox 1567 1385 1865 1430; x_wconf 85' lang='lat' dir='ltr'>conviciorum</span> <span class='ocrx_word' id='word_1_164' title='bbox 1885 1402 1983 1443; x_wconf 70' lang='lat' dir='ltr'>quae</span> 
     </span>
     <span class='ocr_line' id='line_1_30' title="bbox 1127 1448 1986 1509; baseline 0.002 -16"><span class='ocrx_word' id='word_1_165' title='bbox 1127 1448 1375 1505; x_wconf 85' lang='lat' dir='ltr'>audiverat,</span> <span class='ocrx_word' id='word_1_166' title='bbox 1397 1466 1495 1495; x_wconf 87' lang='lat' dir='ltr'>eam</span> <span class='ocrx_word' id='word_1_167' title='bbox 1509 1450 1718 1509; x_wconf 84' lang='lat' dir='ltr'>puderet;</span> <span class='ocrx_word' id='word_1_168' title='bbox 1734 1450 1842 1495; x_wconf 85' lang='lat' dir='ltr'>dum</span> <span class='ocrx_word' id='word_1_169' title='bbox 1862 1454 1986 1495; x_wconf 76' lang='lat' dir='ltr'>rubet</span> 
     </span>
     <span class='ocr_line' id='line_1_31' title="bbox 1128 1516 1983 1573; baseline 0.002 -15"><span class='ocrx_word' id='word_1_170' title='bbox 1128 1523 1302 1559; x_wconf 87' lang='lat' dir='ltr'>tantum</span> <span class='ocrx_word' id='word_1_171' title='bbox 1320 1516 1420 1573; x_wconf 87' lang='lat' dir='ltr'>quia</span> <span class='ocrx_word' id='word_1_172' title='bbox 1437 1534 1458 1553; x_wconf 77' lang='grc' dir='ltr'><strong><em>κ</em></strong></span> <span class='ocrx_word' id='word_1_173' title='bbox 1473 1518 1599 1560; x_wconf 74' lang='lat' dir='ltr'>rutilo</span> <span class='ocrx_word' id='word_1_174' title='bbox 1613 1516 1814 1573; x_wconf 77' lang='lat' dir='ltr'>patefecit</span> <span class='ocrx_word' id='word_1_175' title='bbox 1823 1519 1878 1560; x_wconf 84' lang='lat' dir='ltr'>ab</span> <span class='ocrx_word' id='word_1_176' title='bbox 1889 1521 1983 1561; x_wconf 75' lang='lat' dir='ltr'>orla</span> 
     </span>
     <span class='ocr_line' id='line_1_32' title="bbox 1130 1581 1985 1641; baseline 0.005 -18"><span class='ocrx_word' id='word_1_177' title='bbox 1130 1581 1379 1638; x_wconf 80' lang='lat' dir='ltr'>Purpureas</span> <span class='ocrx_word' id='word_1_178' title='bbox 1395 1583 1521 1627; x_wconf 82' lang='lat' dir='ltr'>sores.</span> <span class='ocrx_word' id='word_1_179' title='bbox 1538 1601 1559 1620; x_wconf 78' lang='lat'>›-</span> <span class='ocrx_word' id='word_1_180' title='bbox 1583 1584 1622 1625; x_wconf 83' lang='lat' dir='ltr'>V</span> <span class='ocrx_word' id='word_1_181' title='bbox 1627 1583 1705 1641; x_wconf 81' lang='lat' dir='ltr'>irg.</span> <span class='ocrx_word' id='word_1_182' title='bbox 1726 1607 1781 1616; x_wconf 93' lang='lat'>—</span> <span class='ocrx_word' id='word_1_183' title='bbox 1802 1586 1893 1627; x_wconf 84' lang='lat' dir='ltr'>Nec</span> <span class='ocrx_word' id='word_1_184' title='bbox 1912 1589 1985 1626; x_wconf 78' lang='lat' dir='ltr'>ta-</span> 
     </span>
     <span class='ocr_line' id='line_1_33' title="bbox 1128 1647 1984 1706; baseline 0.004 -16"><span class='ocrx_word' id='word_1_185' title='bbox 1128 1664 1234 1691; x_wconf 82' lang='lat' dir='ltr'>men.</span> <span class='ocrx_word' id='word_1_186' title='bbox 1256 1647 1542 1706; x_wconf 82' lang='lat' dir='ltr'><strong>Quamquam</strong></span> <span class='ocrx_word' id='word_1_187' title='bbox 1558 1653 1756 1701; x_wconf 77' lang='lat' dir='ltr'>mbuen’l,</span> <span class='ocrx_word' id='word_1_188' title='bbox 1772 1666 1865 1693; x_wconf 92' lang='lat' dir='ltr'>non</span> <span class='ocrx_word' id='word_1_189' title='bbox 1882 1648 1984 1693; x_wconf 85' lang='lat' dir='ltr'>ideo</span> 
     </span>
     <span class='ocr_line' id='line_1_34' title="bbox 1129 1713 1848 1760; baseline 0.006 -5"><span class='ocrx_word' id='word_1_190' title='bbox 1129 1717 1271 1756; x_wconf 74' lang='lat' dir='ltr'>tamen</span> <span class='ocrx_word' id='word_1_191' title='bbox 1290 1713 1418 1758; x_wconf 74' lang='lat' dir='ltr'>solito</span> <span class='ocrx_word' id='word_1_192' title='bbox 1438 1717 1602 1758; x_wconf 76' lang='lat' dir='ltr'>tardius</span> <span class='ocrx_word' id='word_1_193' title='bbox 1629 1720 1724 1759; x_wconf 76' lang='lat' dir='ltr'>oda</span> <span class='ocrx_word' id='word_1_194' title='bbox 1742 1718 1848 1760; x_wconf 74' lang='lat' dir='ltr'>dies.</span> 
     </span>
    </p>
   </div>
   <div class='ocr_carea' id='block_1_6' title="bbox 199 1829 1987 1859">
    <p class='ocr_par' dir='ltr' id='par_1_8' title="bbox 199 1829 1987 1859">
     <span class='ocr_line' id='line_1_35' title="bbox 199 1829 1987 1859; baseline 0 1917"><span class='ocrx_word' id='word_1_195' title='bbox 199 1829 1987 1859; x_wconf 95' lang='lat' dir='ltr'> </span> 
     </span>
    </p>
   </div>
   <div class='ocr_carea' id='block_1_7' title="bbox 778 1924 1427 2001">
    <p class='ocr_par' dir='ltr' id='par_1_9' title="bbox 778 1924 1427 2001">
     <span class='ocr_line' id='line_1_36' title="bbox 778 1924 1427 2001; baseline -0.005 0"><span class='ocrx_word' id='word_1_196' title='bbox 778 1924 1171 2001; x_wconf 85' lang='lat' dir='ltr'><strong>ELEGIA</strong></span> <span class='ocrx_word' id='word_1_197' title='bbox 1219 1927 1427 1999; x_wconf 89' lang='lat' dir='ltr'><strong>XIV.</strong></span> 
     </span>
    </p>
   </div>
   <div class='ocr_carea' id='block_1_8' title="bbox 1000 2059 1234 2073">
    <p class='ocr_par' dir='ltr' id='par_1_10' title="bbox 1000 2059 1234 2073">
     <span class='ocr_line' id='line_1_37' title="bbox 1000 2059 1234 2073; baseline 0 1703"><span class='ocrx_word' id='word_1_198' title='bbox 1000 2059 1234 2073; x_wconf 95' lang='lat' dir='ltr'> </span> 
     </span>
    </p>
   </div>
   <div class='ocr_carea' id='block_1_9' title="bbox 698 2204 1492 2239">
    <p class='ocr_par' dir='ltr' id='par_1_11' title="bbox 698 2204 1492 2239">
     <span class='ocr_line' id='line_1_38' title="bbox 698 2204 1492 2239; baseline -0.001 -3"><span class='ocrx_word' id='word_1_199' title='bbox 698 2205 760 2237; x_wconf 73' lang='lat' dir='ltr'>An</span> <span class='ocrx_word' id='word_1_200' title='bbox 791 2205 1009 2239; x_wconf 68' lang='lat' dir='ltr'>PUELLAM</span> <span class='ocrx_word' id='word_1_201' title='bbox 1042 2206 1258 2238; x_wconf 64' lang='lat' dir='ltr'>utrumn</span> <span class='ocrx_word' id='word_1_202' title='bbox 1291 2204 1492 2237; x_wconf 57' lang='lat' dir='ltr'>cALvam.</span> 
     </span>
    </p>
   </div>
   <div class='ocr_carea' id='block_1_10' title="bbox 200 2291 1588 2403">
    <p class='ocr_par' dir='ltr' id='par_1_12' title="bbox 200 2291 1588 2403">
     <span class='ocr_line' id='line_1_39' title="bbox 200 2291 1588 2403; baseline -0.001 -24"><span class='ocrx_word' id='word_1_203' title='bbox 200 2291 277 2379; x_wconf 85' lang='lat' dir='ltr'>D</span> <span class='ocrx_word' id='word_1_204' title='bbox 299 2332 602 2392; x_wconf 76' lang='grc' dir='ltr'><strong>ΙΟΕΒΑΜ,</strong></span> <span class='ocrx_word' id='word_1_205' title='bbox 634 2317 835 2380; x_wconf 83' lang='lat' dir='ltr'>desiste</span> <span class='ocrx_word' id='word_1_206' title='bbox 867 2333 996 2380; x_wconf 88' lang='lat' dir='ltr'>tuos</span> <span class='ocrx_word' id='word_1_207' title='bbox 1025 2319 1296 2381; x_wconf 82' lang='lat' dir='ltr'>medicare</span> <span class='ocrx_word' id='word_1_208' title='bbox 1322 2317 1588 2403; x_wconf 84' lang='lat' dir='ltr'>capillos:</span> 
     </span>
    </p>
   </div>
   <div class='ocr_carea' id='block_1_11' title="bbox 203 2471 1057 2913">
    <p class='ocr_par' dir='ltr' id='par_1_13' title="bbox 203 2471 1057 2913">
     <span class='ocr_line' id='line_1_40' title="bbox 263 2471 1054 2529; baseline 0.005 -16"><span class='ocrx_word' id='word_1_209' title='bbox 263 2487 298 2513; x_wconf 90' lang='lat'>1.</span> <span class='ocrx_word' id='word_1_210' title='bbox 325 2471 501 2515; x_wconf 55' lang='lat' dir='ltr'>Desii-{e</span> <span class='ocrx_word' id='word_1_211' title='bbox 520 2476 617 2515; x_wconf 78' lang='lat' dir='ltr'>tuos</span> <span class='ocrx_word' id='word_1_212' title='bbox 635 2474 1054 2529; x_wconf 63' lang='lat' dir='ltr'>medzkatecapillos.</span> 
     </span>
     <span class='ocr_line' id='line_1_41' title="bbox 210 2531 1055 2596; baseline 0.004 -17"><span class='ocrx_word' id='word_1_213' title='bbox 210 2531 450 2596; x_wconf 80' lang='lat' dir='ltr'>Cynthiam</span> <span class='ocrx_word' id='word_1_214' title='bbox 465 2553 638 2594; x_wconf 89' lang='lat' dir='ltr'>quoque</span> <span class='ocrx_word' id='word_1_215' title='bbox 648 2537 844 2595; x_wconf 86' lang='lat' dir='ltr'>increpat</span> <span class='ocrx_word' id='word_1_216' title='bbox 854 2539 1055 2596; x_wconf 87' lang='lat' dir='ltr'>Propert.</span> 
     </span>
     <span class='ocr_line' id='line_1_42' title="bbox 206 2601 1057 2660; baseline 0.002 -15"><span class='ocrx_word' id='word_1_217' title='bbox 206 2616 268 2658; x_wconf 89' lang='lat'>11,</span> <span class='ocrx_word' id='word_1_218' title='bbox 293 2601 414 2659; x_wconf 79' lang='lat' dir='ltr'>Eleg.</span> <span class='ocrx_word' id='word_1_219' title='bbox 428 2615 509 2646; x_wconf 78' lang='lat' dir='ltr'>xlv</span> <span class='ocrx_word' id='word_1_220' title='bbox 521 2635 534 2658; x_wconf 93' lang='lat'>,</span> <span class='ocrx_word' id='word_1_221' title='bbox 557 2605 609 2646; x_wconf 83' lang='lat'>25</span> <span class='ocrx_word' id='word_1_222' title='bbox 624 2619 715 2660; x_wconf 88' lang='lat' dir='ltr'>sqq.</span> <span class='ocrx_word' id='word_1_223' title='bbox 745 2602 862 2660; x_wconf 91' lang='lat' dir='ltr'>quod</span> <span class='ocrx_word' id='word_1_224' title='bbox 876 2613 1057 2648; x_wconf 83' lang='lat' dir='ltr'>externo</span> 
     </span>
     <span class='ocr_line' id='line_1_43' title="bbox 206 2669 1056 2728; baseline 0.002 -14"><span class='ocrx_word' id='word_1_225' title='bbox 206 2677 336 2728; x_wconf 88' lang='lat' dir='ltr'>caput</span> <span class='ocrx_word' id='word_1_226' title='bbox 361 2669 504 2714; x_wconf 85' lang='lat' dir='ltr'>nitore</span> <span class='ocrx_word' id='word_1_227' title='bbox 533 2669 723 2728; x_wconf 84' lang='lat' dir='ltr'>tingeret</span> <span class='ocrx_word' id='word_1_228' title='bbox 741 2703 754 2726; x_wconf 90' lang='lat'>‚</span> <span class='ocrx_word' id='word_1_229' title='bbox 794 2679 839 2715; x_wconf 88' lang='lat' dir='ltr'>et</span> <span class='ocrx_word' id='word_1_230' title='bbox 875 2688 951 2715; x_wconf 83' lang='lat' dir='ltr'>ora</span> <span class='ocrx_word' id='word_1_231' title='bbox 977 2688 1056 2716; x_wconf 84' lang='lat' dir='ltr'>m-</span> 
     </span>
     <span class='ocr_line' id='line_1_44' title="bbox 203 2735 1057 2794; baseline 0.002 -15"><span class='ocrx_word' id='word_1_232' title='bbox 203 2751 332 2780; x_wconf 80' lang='lat' dir='ltr'>mana</span> <span class='ocrx_word' id='word_1_233' title='bbox 351 2735 537 2794; x_wconf 80' lang='lat' dir='ltr'>turpiter</span> <span class='ocrx_word' id='word_1_234' title='bbox 555 2736 699 2780; x_wconf 91' lang='lat' dir='ltr'>colore</span> <span class='ocrx_word' id='word_1_235' title='bbox 720 2740 882 2793; x_wconf 72' lang='lat' dir='ltr'>belgico</span> <span class='ocrx_word' id='word_1_236' title='bbox 901 2737 1057 2782; x_wconf 87' lang='lat' dir='ltr'>infice-</span> 
     </span>
     <span class='ocr_line' id='line_1_45' title="bbox 203 2800 1057 2859; baseline 0.004 -16"><span class='ocrx_word' id='word_1_237' title='bbox 203 2808 284 2844; x_wconf 83' lang='lat' dir='ltr'>ret.</span> <span class='ocrx_word' id='word_1_238' title='bbox 310 2800 428 2846; x_wconf 86' lang='lat' dir='ltr'>Nam</span> <span class='ocrx_word' id='word_1_239' title='bbox 446 2817 576 2859; x_wconf 87' lang='lat' dir='ltr'>supra</span> <span class='ocrx_word' id='word_1_240' title='bbox 596 2801 730 2846; x_wconf 88' lang='lat' dir='ltr'>fidem</span> <span class='ocrx_word' id='word_1_241' title='bbox 751 2801 886 2846; x_wconf 90' lang='lat' dir='ltr'>libido</span> <span class='ocrx_word' id='word_1_242' title='bbox 905 2818 1057 2846; x_wconf 88' lang='lat' dir='ltr'>roma-</span> 
     </span>
     <span class='ocr_line' id='line_1_46' title="bbox 203 2867 1055 2913; baseline 0.002 -4"><span class='ocrx_word' id='word_1_243' title='bbox 203 2882 283 2910; x_wconf 87' lang='lat' dir='ltr'>nas</span> <span class='ocrx_word' id='word_1_244' title='bbox 301 2875 522 2912; x_wconf 85' lang='lat' dir='ltr'>matronas</span> <span class='ocrx_word' id='word_1_245' title='bbox 539 2867 755 2913; x_wconf 86' lang='lat' dir='ltr'>invaserat</span> <span class='ocrx_word' id='word_1_246' title='bbox 772 2868 913 2912; x_wconf 89' lang='lat' dir='ltr'>crines</span> <span class='ocrx_word' id='word_1_247' title='bbox 929 2871 1055 2911; x_wconf 83' lang='lat' dir='ltr'>medi-</span> 
     </span>
    </p>
   </div>
   <div class='ocr_carea' id='block_1_12' title="bbox 203 2932 1074 2993">
    <p class='ocr_par' dir='ltr' id='par_1_14' title="bbox 203 2932 1074 2993">
     <span class='ocr_line' id='line_1_47' title="bbox 203 2932 1074 2993; baseline 0.006 -21"><span class='ocrx_word' id='word_1_248' title='bbox 203 2932 347 2983; x_wconf 78' lang='lat' dir='ltr'>candi,</span> <span class='ocrx_word' id='word_1_249' title='bbox 362 2939 412 2975; x_wconf 91' lang='lat' dir='ltr'>ut</span> <span class='ocrx_word' id='word_1_250' title='bbox 424 2932 605 2975; x_wconf 87' lang='lat' dir='ltr'>rutilum</span> <span class='ocrx_word' id='word_1_251' title='bbox 614 2933 807 2977; x_wconf 91' lang='lat' dir='ltr'>colorem</span> <span class='ocrx_word' id='word_1_252' title='bbox 820 2934 1052 2983; x_wconf 82' lang='lat' dir='ltr'>referrent,</span> <span class='ocrx_word' id='word_1_253' title='bbox 1061 2986 1074 2993; x_wconf 26' lang='lat' dir='ltr'>x</span> 
     </span>
    </p>
   </div>
   <div class='ocr_carea' id='block_1_13' title="bbox 204 2995 1060 3511">
    <p class='ocr_par' dir='ltr' id='par_1_15' title="bbox 204 2995 1060 3511">
     <span class='ocr_line' id='line_1_48' title="bbox 205 2995 1055 3056; baseline 0.006 -18"><span class='ocrx_word' id='word_1_254' title='bbox 205 2995 280 3053; x_wconf 88' lang='lat' dir='ltr'>qui</span> <span class='ocrx_word' id='word_1_255' title='bbox 293 2996 465 3041; x_wconf 87' lang='lat' dir='ltr'>nativus</span> <span class='ocrx_word' id='word_1_256' title='bbox 485 2997 629 3056; x_wconf 83' lang='lat' dir='ltr'>Belgis</span> <span class='ocrx_word' id='word_1_257' title='bbox 643 3031 656 3054; x_wconf 91' lang='lat'>,</span> <span class='ocrx_word' id='word_1_258' title='bbox 677 2999 901 3043; x_wconf 89' lang='lat' dir='ltr'>Britannis</span> <span class='ocrx_word' id='word_1_259' title='bbox 914 3033 924 3049; x_wconf 83' lang='lat'><strong>‚</strong></span> <span class='ocrx_word' id='word_1_260' title='bbox 948 3008 992 3043; x_wconf 89' lang='lat' dir='ltr'>et</span> <span class='ocrx_word' id='word_1_261' title='bbox 1005 2999 1055 3043; x_wconf 85' lang='lat' dir='ltr'>iis</span> 
     </span>
     <span class='ocr_line' id='line_1_49' title="bbox 205 3061 1055 3122; baseline 0.005 -17"><span class='ocrx_word' id='word_1_262' title='bbox 205 3061 411 3106; x_wconf 89' lang='lat' dir='ltr'>omnibus</span> <span class='ocrx_word' id='word_1_263' title='bbox 421 3063 683 3121; x_wconf 83' lang='lat' dir='ltr'>populis,qui</span> <span class='ocrx_word' id='word_1_264' title='bbox 695 3064 1055 3122; x_wconf 87' lang='lat' dir='ltr'>Septentrionem</span> 
     </span>
     <span class='ocr_line' id='line_1_50' title="bbox 204 3128 1056 3185; baseline 0.005 -16"><span class='ocrx_word' id='word_1_265' title='bbox 204 3141 354 3170; x_wconf 85' lang='lat' dir='ltr'>versus</span> <span class='ocrx_word' id='word_1_266' title='bbox 374 3137 520 3185; x_wconf 85' lang='lat' dir='ltr'>agunt.</span> <span class='ocrx_word' id='word_1_267' title='bbox 542 3128 630 3172; x_wconf 89' lang='lat' dir='ltr'>Sed</span> <span class='ocrx_word' id='word_1_268' title='bbox 647 3145 819 3173; x_wconf 91' lang='lat' dir='ltr'>morem</span> <span class='ocrx_word' id='word_1_269' title='bbox 838 3130 958 3174; x_wconf 86' lang='lat' dir='ltr'>hunc</span> <span class='ocrx_word' id='word_1_270' title='bbox 975 3130 1056 3173; x_wconf 89' lang='lat' dir='ltr'>tin-</span> 
     </span>
     <span class='ocr_line' id='line_1_51' title="bbox 206 3190 1058 3252; baseline 0.005 -18"><span class='ocrx_word' id='word_1_271' title='bbox 206 3190 338 3250; x_wconf 83' lang='lat' dir='ltr'>gendi</span> <span class='ocrx_word' id='word_1_272' title='bbox 355 3191 529 3249; x_wconf 87' lang='lat' dir='ltr'>capillos</span> <span class='ocrx_word' id='word_1_273' title='bbox 547 3193 688 3237; x_wconf 88' lang='lat' dir='ltr'>multo</span> <span class='ocrx_word' id='word_1_274' title='bbox 709 3203 809 3238; x_wconf 88' lang='lat' dir='ltr'>ante</span> <span class='ocrx_word' id='word_1_275' title='bbox 831 3194 945 3252; x_wconf 89' lang='lat' dir='ltr'>apud</span> <span class='ocrx_word' id='word_1_276' title='bbox 961 3195 1058 3239; x_wconf 87' lang='lat' dir='ltr'>Ro-</span> 
     </span>
     <span class='ocr_line' id='line_1_52' title="bbox 207 3257 1058 3318; baseline 0.006 -19"><span class='ocrx_word' id='word_1_277' title='bbox 207 3272 359 3300; x_wconf 86' lang='lat' dir='ltr'>manas</span> <span class='ocrx_word' id='word_1_278' title='bbox 378 3257 559 3316; x_wconf 87' lang='lat' dir='ltr'>viguisse</span> <span class='ocrx_word' id='word_1_279' title='bbox 577 3292 590 3313; x_wconf 86' lang='lat'>,</span> <span class='ocrx_word' id='word_1_280' title='bbox 609 3275 742 3316; x_wconf 86' lang='lat' dir='ltr'>quam</span> <span class='ocrx_word' id='word_1_281' title='bbox 758 3259 812 3303; x_wconf 94' lang='lat' dir='ltr'>de</span> <span class='ocrx_word' id='word_1_282' title='bbox 828 3260 970 3318; x_wconf 89' lang='lat' dir='ltr'>Belgis</span> <span class='ocrx_word' id='word_1_283' title='bbox 987 3260 1058 3304; x_wconf 90' lang='lat' dir='ltr'>vel</span> 
     </span>
     <span class='ocr_line' id='line_1_53' title="bbox 206 3321 1056 3374; baseline 0.005 -10"><span class='ocrx_word' id='word_1_284' title='bbox 206 3321 431 3366; x_wconf 88' lang='lat' dir='ltr'>Britannis</span> <span class='ocrx_word' id='word_1_285' title='bbox 452 3322 688 3368; x_wconf 84' lang='lat' dir='ltr'>audiissent</span> <span class='ocrx_word' id='word_1_286' title='bbox 701 3357 712 3374; x_wconf 87' lang='lat'>‚</span> <span class='ocrx_word' id='word_1_287' title='bbox 738 3324 856 3368; x_wconf 82' lang='lat' dir='ltr'>testis</span> <span class='ocrx_word' id='word_1_288' title='bbox 876 3323 989 3368; x_wconf 84' lang='lat' dir='ltr'>Cato</span> <span class='ocrx_word' id='word_1_289' title='bbox 1009 3326 1056 3368; x_wconf 89' lang='lat' dir='ltr'>in</span> 
     </span>
     <span class='ocr_line' id='line_1_54' title="bbox 208 3387 1059 3446; baseline 0.005 -16"><span class='ocrx_word' id='word_1_290' title='bbox 208 3387 460 3444; x_wconf 84' lang='lat' dir='ltr'>originibus.</span> <span class='ocrx_word' id='word_1_291' title='bbox 482 3406 504 3426; x_wconf 90' lang='lat'>«</span> <span class='ocrx_word' id='word_1_292' title='bbox 517 3389 727 3433; x_wconf 88' lang='lat' dir='ltr'>Mulieres</span> <span class='ocrx_word' id='word_1_293' title='bbox 738 3421 749 3443; x_wconf 87' lang='lat'>,</span> <span class='ocrx_word' id='word_1_294' title='bbox 771 3389 913 3446; x_wconf 88' lang='lat' dir='ltr'>inquit</span> <span class='ocrx_word' id='word_1_295' title='bbox 927 3422 939 3443; x_wconf 88' lang='lat'>,</span> <span class='ocrx_word' id='word_1_296' title='bbox 953 3406 1059 3434; x_wconf 91' lang='lat' dir='ltr'>nos-</span> 
     </span>
     <span class='ocr_line' id='line_1_55' title="bbox 210 3452 1060 3511; baseline 0.004 -17"><span class='ocrx_word' id='word_1_297' title='bbox 210 3459 290 3495; x_wconf 74' lang='lat' dir='ltr'>tra:</span> <span class='ocrx_word' id='word_1_298' title='bbox 302 3452 504 3509; x_wconf 83' lang='lat' dir='ltr'>capillum</span> <span class='ocrx_word' id='word_1_299' title='bbox 517 3458 655 3498; x_wconf 79' lang='lat' dir='ltr'>cinere</span> <span class='ocrx_word' id='word_1_300' title='bbox 666 3453 970 3511; x_wconf 84' lang='lat' dir='ltr'>inungitabant</span> <span class='ocrx_word' id='word_1_301' title='bbox 981 3486 994 3509; x_wconf 91' lang='lat'>,</span> <span class='ocrx_word' id='word_1_302' title='bbox 1009 3462 1060 3497; x_wconf 90' lang='lat' dir='ltr'>ut</span> 
     </span>
    </p>
   </div>
   <div class='ocr_carea' id='block_1_14' title="bbox 1135 2471 1995 3510">
    <p class='ocr_par' dir='ltr' id='par_1_16' title="bbox 1135 2471 1995 3510">
     <span class='ocr_line' id='line_1_56' title="bbox 1135 2471 1990 2519; baseline 0.004 -3"><span class='ocrx_word' id='word_1_303' title='bbox 1135 2474 1286 2517; x_wconf 75' lang='lat' dir='ltr'>rutilus</span> <span class='ocrx_word' id='word_1_304' title='bbox 1319 2480 1431 2517; x_wconf 84' lang='lat' dir='ltr'>esset</span> <span class='ocrx_word' id='word_1_305' title='bbox 1461 2471 1605 2517; x_wconf 81' lang='lat' dir='ltr'>crinis.</span> <span class='ocrx_word' id='word_1_306' title='bbox 1621 2490 1646 2511; x_wconf 66' lang='grc' dir='ltr'><strong><em>υ</em></strong></span> <span class='ocrx_word' id='word_1_307' title='bbox 1687 2473 1807 2517; x_wconf 64' lang='lat' dir='ltr'>Cina}</span> <span class='ocrx_word' id='word_1_308' title='bbox 1841 2482 1990 2519; x_wconf 79' lang='lat' dir='ltr'>autem</span> 
     </span>
     <span class='ocr_line' id='line_1_57' title="bbox 1137 2537 1991 2596; baseline 0.005 -15"><span class='ocrx_word' id='word_1_309' title='bbox 1137 2554 1225 2596; x_wconf 91' lang='lat' dir='ltr'>quo</span> <span class='ocrx_word' id='word_1_310' title='bbox 1247 2538 1522 2583; x_wconf 86' lang='lat' dir='ltr'>insucabatur</span> <span class='ocrx_word' id='word_1_311' title='bbox 1540 2537 1791 2596; x_wconf 87' lang='lat' dir='ltr'>capillitium</span> <span class='ocrx_word' id='word_1_312' title='bbox 1808 2572 1820 2595; x_wconf 91' lang='lat'>,</span> <span class='ocrx_word' id='word_1_313' title='bbox 1849 2549 1899 2584; x_wconf 89' lang='lat' dir='ltr'>ut</span> <span class='ocrx_word' id='word_1_314' title='bbox 1912 2558 1991 2585; x_wconf 85' lang='lat' dir='ltr'>ru-</span> 
     </span>
     <span class='ocr_line' id='line_1_58' title="bbox 1137 2603 1992 2660; baseline 0.004 -13"><span class='ocrx_word' id='word_1_315' title='bbox 1137 2603 1282 2647; x_wconf 86' lang='lat' dir='ltr'>tilaret</span> <span class='ocrx_word' id='word_1_316' title='bbox 1296 2637 1306 2654; x_wconf 90' lang='lat'><em>‚</em></span> <span class='ocrx_word' id='word_1_317' title='bbox 1321 2619 1415 2646; x_wconf 90' lang='lat' dir='ltr'>nou</span> <span class='ocrx_word' id='word_1_318' title='bbox 1432 2603 1466 2647; x_wconf 87' lang='lat' dir='ltr'>is</span> <span class='ocrx_word' id='word_1_319' title='bbox 1480 2603 1554 2660; x_wconf 91' lang='lat' dir='ltr'>qui</span> <span class='ocrx_word' id='word_1_320' title='bbox 1569 2619 1593 2646; x_wconf 90' lang='lat' dir='ltr'>e</span> <span class='ocrx_word' id='word_1_321' title='bbox 1611 2603 1716 2647; x_wconf 80' lang='lat' dir='ltr'>focis</span> <span class='ocrx_word' id='word_1_322' title='bbox 1729 2637 1740 2659; x_wconf 88' lang='lat'>,</span> <span class='ocrx_word' id='word_1_323' title='bbox 1756 2614 1992 2650; x_wconf 85' lang='lat' dir='ltr'>consumto</span> 
     </span>
     <span class='ocr_line' id='line_1_59' title="bbox 1135 2667 1992 2728; baseline 0.005 -17"><span class='ocrx_word' id='word_1_324' title='bbox 1135 2667 1255 2725; x_wconf 84' lang='lat' dir='ltr'>ligno</span> <span class='ocrx_word' id='word_1_325' title='bbox 1267 2701 1278 2722; x_wconf 93' lang='lat'>,</span> <span class='ocrx_word' id='word_1_326' title='bbox 1295 2667 1512 2725; x_wconf 87' lang='lat' dir='ltr'>colligitur</span> <span class='ocrx_word' id='word_1_327' title='bbox 1525 2686 1535 2720; x_wconf 85' lang='lat'>;</span> <span class='ocrx_word' id='word_1_328' title='bbox 1550 2667 1626 2711; x_wconf 91' lang='lat' dir='ltr'>sed</span> <span class='ocrx_word' id='word_1_329' title='bbox 1639 2669 1713 2725; x_wconf 89' lang='lat' dir='ltr'>qui</span> <span class='ocrx_word' id='word_1_330' title='bbox 1727 2685 1778 2712; x_wconf 83' lang='lat' dir='ltr'>ex</span> <span class='ocrx_word' id='word_1_331' title='bbox 1790 2686 1992 2728; x_wconf 83' lang='lat' dir='ltr'>expresso</span> 
     </span>
     <span class='ocr_line' id='line_1_60' title="bbox 1138 2732 1992 2791; baseline 0.005 -16"><span class='ocrx_word' id='word_1_332' title='bbox 1138 2732 1301 2777; x_wconf 88' lang='lat' dir='ltr'>desicca</span> <span class='ocrx_word' id='word_1_333' title='bbox 1307 2741 1438 2789; x_wconf 92' lang='lat' dir='ltr'>toque</span> <span class='ocrx_word' id='word_1_334' title='bbox 1449 2733 1686 2777; x_wconf 88' lang='lat' dir='ltr'>herbarum</span> <span class='ocrx_word' id='word_1_335' title='bbox 1698 2735 1992 2791; x_wconf 87' lang='lat' dir='ltr'>quarumdam</span> 
     </span>
     <span class='ocr_line' id='line_1_61' title="bbox 1135 2797 1992 2859; baseline 0.005 -18"><span class='ocrx_word' id='word_1_336' title='bbox 1135 2813 1264 2842; x_wconf 87' lang='lat' dir='ltr'>succo</span> <span class='ocrx_word' id='word_1_337' title='bbox 1298 2797 1612 2847; x_wconf 84' lang='lat' dir='ltr'>conficiebatur</span> <span class='ocrx_word' id='word_1_338' title='bbox 1634 2832 1646 2854; x_wconf 90' lang='lat'>,</span> <span class='ocrx_word' id='word_1_339' title='bbox 1693 2815 1747 2842; x_wconf 93' lang='lat' dir='ltr'>eo</span> <span class='ocrx_word' id='word_1_340' title='bbox 1775 2801 1868 2844; x_wconf 90' lang='lat' dir='ltr'>sere</span> <span class='ocrx_word' id='word_1_341' title='bbox 1902 2817 1992 2859; x_wconf 89' lang='lat' dir='ltr'>quo</span> 
     </span>
     <span class='ocr_line' id='line_1_62' title="bbox 1137 2862 1994 2924; baseline 0.005 -18"><span class='ocrx_word' id='word_1_342' title='bbox 1137 2862 1252 2921; x_wconf 91' lang='lat' dir='ltr'>apud</span> <span class='ocrx_word' id='word_1_343' title='bbox 1274 2879 1356 2907; x_wconf 92' lang='lat' dir='ltr'>nos</span> <span class='ocrx_word' id='word_1_344' title='bbox 1377 2863 1513 2907; x_wconf 90' lang='lat' dir='ltr'>modo</span> <span class='ocrx_word' id='word_1_345' title='bbox 1529 2897 1542 2919; x_wconf 95' lang='lat'>,</span> <span class='ocrx_word' id='word_1_346' title='bbox 1572 2867 1614 2907; x_wconf 89' lang='lat' dir='ltr'>le</span> <span class='ocrx_word' id='word_1_347' title='bbox 1637 2868 1808 2920; x_wconf 83' lang='lat' dir='ltr'>pastel,</span> <span class='ocrx_word' id='word_1_348' title='bbox 1839 2866 1994 2924; x_wconf 86' lang='lat' dir='ltr'>pastel-</span> 
     </span>
     <span class='ocr_line' id='line_1_63' title="bbox 1135 2929 1995 2988; baseline 0.003 -16"><span class='ocrx_word' id='word_1_349' title='bbox 1135 2929 1242 2973; x_wconf 88' lang='lat' dir='ltr'>lum.</span> <span class='ocrx_word' id='word_1_350' title='bbox 1263 2932 1477 2974; x_wconf 80' lang='lat' dir='ltr'>Cinemn‘i</span> <span class='ocrx_word' id='word_1_351' title='bbox 1490 2929 1748 2972; x_wconf 89' lang='lat' dir='ltr'>dicebantur</span> <span class='ocrx_word' id='word_1_352' title='bbox 1762 2931 1790 2973; x_wconf 79' lang='lat' dir='ltr'>ii</span> <span class='ocrx_word' id='word_1_353' title='bbox 1804 2964 1816 2985; x_wconf 91' lang='lat'>,</span> <span class='ocrx_word' id='word_1_354' title='bbox 1840 2932 1916 2988; x_wconf 85' lang='lat' dir='ltr'>qui</span> <span class='ocrx_word' id='word_1_355' title='bbox 1935 2936 1995 2975; x_wconf 73' lang='grc' dir='ltr'><em>ει·-</em></span> 
     </span>
     <span class='ocr_line' id='line_1_64' title="bbox 1136 2994 1992 3054; baseline 0.002 -16"><span class='ocrx_word' id='word_1_356' title='bbox 1136 3012 1276 3039; x_wconf 77' lang='lat' dir='ltr'>netem</span> <span class='ocrx_word' id='word_1_357' title='bbox 1287 2995 1408 3039; x_wconf 88' lang='lat' dir='ltr'>hunc</span> <span class='ocrx_word' id='word_1_358' title='bbox 1420 2994 1666 3053; x_wconf 89' lang='lat' dir='ltr'>parandum</span> <span class='ocrx_word' id='word_1_359' title='bbox 1681 3005 1887 3040; x_wconf 67' lang='lat' dir='ltr'>curarent</span> <span class='ocrx_word' id='word_1_360' title='bbox 1897 3031 1909 3052; x_wconf 91' lang='lat'>,</span> <span class='ocrx_word' id='word_1_361' title='bbox 1921 3013 1992 3054; x_wconf 86' lang='lat' dir='ltr'>pa-</span> 
     </span>
     <span class='ocr_line' id='line_1_65' title="bbox 1137 3060 1994 3117; baseline 0 -12"><span class='ocrx_word' id='word_1_362' title='bbox 1137 3070 1371 3117; x_wconf 87' lang='lat' dir='ltr'>ratumque</span> <span class='ocrx_word' id='word_1_363' title='bbox 1387 3060 1558 3117; x_wconf 67' lang='lat' dir='ltr'>capillis</span> <span class='ocrx_word' id='word_1_364' title='bbox 1589 3060 1878 3105; x_wconf 88' lang='lat' dir='ltr'>infunderent</span> <span class='ocrx_word' id='word_1_365' title='bbox 1900 3095 1912 3117; x_wconf 92' lang='lat'>,</span> <span class='ocrx_word' id='word_1_366' title='bbox 1947 3070 1994 3106; x_wconf 84' lang='lat' dir='ltr'>et</span> 
     </span>
     <span class='ocr_line' id='line_1_66' title="bbox 1138 3125 1992 3183; baseline 0.002 -15"><span class='ocrx_word' id='word_1_367' title='bbox 1138 3127 1213 3183; x_wconf 87' lang='lat' dir='ltr'>qui</span> <span class='ocrx_word' id='word_1_368' title='bbox 1225 3125 1476 3169; x_wconf 85' lang='lat' dir='ltr'>calamistris</span> <span class='ocrx_word' id='word_1_369' title='bbox 1492 3125 1537 3168; x_wconf 91' lang='lat' dir='ltr'>in</span> <span class='ocrx_word' id='word_1_370' title='bbox 1551 3129 1688 3169; x_wconf 73' lang='lat' dir='ltr'>cinere</span> <span class='ocrx_word' id='word_1_371' title='bbox 1700 3126 1912 3171; x_wconf 82' lang='lat' dir='ltr'>calefactis</span> <span class='ocrx_word' id='word_1_372' title='bbox 1925 3142 1992 3170; x_wconf 86' lang='lat' dir='ltr'>ca-</span> 
     </span>
     <span class='ocr_line' id='line_1_67' title="bbox 1138 3189 1993 3249; baseline 0 -15"><span class='ocrx_word' id='word_1_373' title='bbox 1138 3200 1218 3248; x_wconf 91' lang='lat' dir='ltr'>put</span> <span class='ocrx_word' id='word_1_374' title='bbox 1235 3190 1518 3233; x_wconf 82' lang='lat' dir='ltr'>adornabant.</span> <span class='ocrx_word' id='word_1_375' title='bbox 1547 3189 1734 3249; x_wconf 84' lang='lat' dir='ltr'>Egregie</span> <span class='ocrx_word' id='word_1_376' title='bbox 1754 3191 1795 3234; x_wconf 87' lang='lat' dir='ltr'>T</span> <span class='ocrx_word' id='word_1_377' title='bbox 1797 3192 1993 3234; x_wconf 81' lang='lat' dir='ltr'>ertullia-</span> 
     </span>
     <span class='ocr_line' id='line_1_68' title="bbox 1138 3255 1994 3313; baseline -0.001 -14"><span class='ocrx_word' id='word_1_378' title='bbox 1138 3273 1222 3299; x_wconf 93' lang='lat' dir='ltr'>nus</span> <span class='ocrx_word' id='word_1_379' title='bbox 1244 3259 1326 3311; x_wconf 81' lang='lat' dir='ltr'>(de</span> <span class='ocrx_word' id='word_1_380' title='bbox 1357 3257 1481 3299; x_wconf 81' lang='lat' dir='ltr'>Cultu</span> <span class='ocrx_word' id='word_1_381' title='bbox 1491 3255 1679 3313; x_wconf 82' lang='lat' dir='ltr'>semin.)</span> <span class='ocrx_word' id='word_1_382' title='bbox 1698 3256 1922 3299; x_wconf 86' lang='lat' dir='ltr'>invehitur</span> <span class='ocrx_word' id='word_1_383' title='bbox 1945 3256 1994 3298; x_wconf 88' lang='lat' dir='ltr'>in</span> 
     </span>
     <span class='ocr_line' id='line_1_69' title="bbox 1139 3320 1994 3380; baseline -0.001 -15"><span class='ocrx_word' id='word_1_384' title='bbox 1139 3337 1312 3365; x_wconf 88' lang='lat' dir='ltr'>morem</span> <span class='ocrx_word' id='word_1_385' title='bbox 1326 3320 1446 3365; x_wconf 88' lang='lat' dir='ltr'>hunc</span> <span class='ocrx_word' id='word_1_386' title='bbox 1465 3322 1638 3380; x_wconf 88' lang='lat' dir='ltr'>capillos</span> <span class='ocrx_word' id='word_1_387' title='bbox 1654 3355 1666 3377; x_wconf 90' lang='lat'>‚</span> <span class='ocrx_word' id='word_1_388' title='bbox 1689 3321 1741 3364; x_wconf 89' lang='lat' dir='ltr'>ad</span> <span class='ocrx_word' id='word_1_389' title='bbox 1761 3322 1899 3364; x_wconf 89' lang='lat' dir='ltr'>instar</span> <span class='ocrx_word' id='word_1_390' title='bbox 1917 3338 1994 3364; x_wconf 84' lang='lat' dir='ltr'>ex—</span> 
     </span>
     <span class='ocr_line' id='line_1_70' title="bbox 1139 3386 1991 3445; baseline 0 -15"><span class='ocrx_word' id='word_1_391' title='bbox 1139 3396 1367 3431; x_wconf 86' lang='lat' dir='ltr'>ternarum</span> <span class='ocrx_word' id='word_1_392' title='bbox 1385 3389 1596 3444; x_wconf 89' lang='lat' dir='ltr'>gentium,</span> <span class='ocrx_word' id='word_1_393' title='bbox 1615 3386 1838 3445; x_wconf 89' lang='lat' dir='ltr'>pingendi.</span> <span class='ocrx_word' id='word_1_394' title='bbox 1859 3406 1880 3424; x_wconf 88' lang='lat'>«</span> <span class='ocrx_word' id='word_1_395' title='bbox 1899 3387 1991 3430; x_wconf 87' lang='lat' dir='ltr'>Vi-</span> 
     </span>
     <span class='ocr_line' id='line_1_71' title="bbox 1141 3452 1993 3510; baseline 0 -13"><span class='ocrx_word' id='word_1_396' title='bbox 1141 3453 1225 3497; x_wconf 88' lang='lat' dir='ltr'>deo</span> <span class='ocrx_word' id='word_1_397' title='bbox 1258 3452 1467 3510; x_wconf 87' lang='lat' dir='ltr'>quasdam</span> <span class='ocrx_word' id='word_1_398' title='bbox 1484 3486 1496 3508; x_wconf 92' lang='lat'>,</span> <span class='ocrx_word' id='word_1_399' title='bbox 1517 3454 1684 3510; x_wconf 85' lang='lat' dir='ltr'>inquit,</span> <span class='ocrx_word' id='word_1_400' title='bbox 1717 3458 1762 3496; x_wconf 84' lang='lat' dir='ltr'>et</span> <span class='ocrx_word' id='word_1_401' title='bbox 1787 3453 1993 3510; x_wconf 81' lang='lat' dir='ltr'>capillum.</span> 
     </span>
    </p>
   </div>
  </div>
 </body>
</html>
