2268 3776
577 314 967 373 AMORUM
1013 315 1140 370 111.
1192 315 1437 372 ELEG.
1481 316 1635 371 v11.
1907 317 2006 391 187

220 437 377 498 Hanc
407 449 589 498 tamen
618 435 677 496 in
705 431 893 495 nullos
923 432 1078 494 tenui
1105 431 1246 494 male
1270 432 1569 513 languidus
1597 456 1733 495 usus
1750 479 1766 505 ‚

299 534 408 598 Sed
434 534 578 618 jacui
607 533 773 618 pigro
800 532 1007 595 crimen
1034 554 1290 615 onusque
1322 546 1465 592 toro.

215 635 329 695 Nec
349 630 510 718 potui
538 630 767 715 cupiens
786 676 802 704 ‚
838 629 1046 714 pariter
1075 629 1334 714 cupiente
1365 627 1582 713 puella,

1984 645 2009 686 :n

296 727 551 808 Inguinis
584 726 758 790 effoeti
781 742 938 811 parte
963 726 1187 809 juvante
1214 723 1343 787 frui.

215 825 318 889 Illa
347 825 572 921 quidem
600 840 798 886 nostro
827 824 1066 907 subjecit
1082 824 1336 887 ‘eburnea
1360 822 1507 885 collo

294 930 562 1005 Brachia,
593 930 853 991 Sithonia
884 929 1205 991 candidiora
1233 929 1395 990 nive:

215 1034 534 1120 Osculaque
565 1035 800 1096 inseruit
827 1033 1042 1119 cupidae
1067 1033 1335 1096 luctantia
1359 1030 1598 1111 linguae3

293 1139 585 1202 Lascivum
609 1138 809 1202 femori
839 1139 1253 1224 supposuitque
1278 1137 1472 1200 femur.
1967 1166 2017 1196 ιω

213 1243 292 1305 Et
321 1242 460 1304 mihi
488 1241 791 1304 blanditias
823 1241 999 1315 dixit,
1026 1242 1445 1326 Dominumque
1478 1240 1731 1310 vocavit3

293 1347 370 1407 Et
399 1367 519 1430 quae
548 1361 809 1430 praeterea
837 1343 1067 1430 publica
1091 1345 1262 1408 verba
1288 1346 1499 1428 juvant.

195 1433 384 1510 ¹Tacta
411 1462 594 1511 tamen
619 1447 790 1511 veluti
815 1447 994 1529 gelida
1018 1473 1141 1511 mea
1170 1447 1420 1510 membra
1446 1446 1624 1508 cicuta
1642 1493 1657 1519 ‚

300 1551 501 1631 Segnia
530 1551 886 1636 propositum
917 1551 1216 1613 destituere
1245 1575 1425 1612 suum.

217 1655 474 1717 Truncus
496 1655 646 1717 iners
669 1655 843 1738 jacui,
869 1655 1079 1740 species
1103 1670 1160 1717 et
1181 1651 1379 1715 inutile
1406 1651 1661 1737 pondus:
1974 1669 2021 1710 ιζ,

271 1831 310 1886 4.
341 1832 571 1886 SedJacmt
599 1829 652 1873 In
675 1829 934 1887 quibusdam
953 1862 965 1885 ,
984 1828 1073 1873 'Sic

205 1895 365 1951 jacui:
388 1904 626 1955 utrumque
644 1904 778 1941 recte.
802 1897 958 1942 Naue.

217 1971 223 2001 l
270 1962 309 2007 8.
332 1963 538 2008 Silhom'ae.
564 1963 683 2008 Male
712 1964 939 2009 Palatinus
955 1996 968 2020 ,
994 1965 1073 2008 St-

217 2030 346 2074 dom‘a
364 2046 379 2074 .·
410 2030 472 2074 ita
505 2028 621 2089 apud
650 2028 807 2074 Claud.
842 2045 859 2074 1
880 2066 891 2083 ,
934 2030 1072 2075 Laud.

214 2093 309 2138 Stil.
346 2095 423 2147 123
448 2128 460 2151 ,
482 2097 700 2141 &Manias
726 2099 894 2156 hyemes
926 2105 991 2141 est
1026 2097 1074 2140 in

214 2158 317 2205 MS.
338 2159 544 2207 Mediceo
557 2194 570 2217 ,
595 2176 677 2219 pro
698 2163 888 2205 Edonas.
908 2160 1073 2205 Bou.

269 2241 309 2285 9.
327 2226 492 2281 cupida
500 2227 709 2269 luctantia
718 2228 876 2281 lingua.
891 2225 1077 2283 Repone

217 2306 270 2334 ex
287 2290 431 2350 prima
447 2285 640 2335 editione
659 2300 704 2335 et
720 2292 861 2336 tribus
877 2292 1046 2350 scriptis
1062 2325 1076 2347 ,

215 2358 376 2412 cupide
397 2359 561 2413 leugae.
583 2355 657 2400 Sic
674 2361 853 2400 &serem
874 2360 1081 2400 cancellis

210 2425 362 2479 pedes,
384 2439 478 2481 sup.
497 2423 620 2482 Eleg.
643 2436 704 2478 11,
725 2424 782 2479 64
798 2442 810 2477 ;
826 2433 872 2467 et
889 2437 933 2478 1,
955 2423 1076 2466 Artis

219 2490 487 2535 §05:112sm
502 2496 544 2534 te
561 2493 702 2534 turbe.
723 2490 836 2534 Met.
862 2504 943 2535 xxv
956 2522 969 2545 ,
991 2490 1046 2533 33
1068 2505 1080 2533 ε

258 2559 381 2591 Inmi-
394 2558 540 2592 AEncidio
553 2559 667 2591 atien-
681 2560 814 2592 nomin·
831 2559 949 2600 gentis.

224 2619 284 2665 Et
306 2633 324 2664 1
337 2653 351 2675 ,
378 2619 477 2664 Art.
501 2620 583 2680 498
598 2636 609 2664 :
626 2622 764 2664 Latus
778 2623 909 2664 Iolen*
922 2636 1082 2664 conse-

219 2702 305 2729 rere
320 2719 332 2738 ,
358 2694 409 2730 ut
431 2685 611 2744 quidam
637 2685 833 2737 codices3
854 2686 938 2730 nisi
962 2685 1077 2730 dati-

221 2768 300 2796 vus
311 2753 367 2797 sit
385 2769 490 2797 cum
503 2755 715 2798 luctantia
728 2753 1050 2797 construendus
1063 2787 1075 2809 ‚

220 2824 272 2860 ut
307 2823 464 2862 certam
481 2851 494 2869 ‚
527 2834 717 2874 pugnam
756 2821 898 2862 alicui.
937 2818 1044 2862 Duo
1061 2851 1074 2873 ,

220 2887 386 2939 cupidis
407 2888 574 2942 11'11511115.
595 2886 782 2930 Putean.
805 2895 852 2930 et
868 2894 957 2930 tres
977 2886 1046 2930 alii
1061 2919 1094 2942 ,x

221 2950 370 3003 cupide
386 2951 555 3005 linguar.
573 2950 743 2995 Hnms.

282 3028 344 3054 12.
368 3013 549 3056 Publica
575 3017 714 3058 verba.
748 3015 961 3072 Apprime
990 3015 1078 3060 huc

223 3075 328 3120 facit
341 3075 513 3122 Seneca
525 3110 538 3133 ,
551 3078 601 3122 in
618 3079 755 3137 Epist.
777 3094 836 3123 111
852 3095 863 3123 :
881 3100 904 3118 «ι
926 3081 1079 3138 Itaque

222 3143 284 3186 sic
305 3142 452 3199 priore
475 3147 599 3187 verbo
613 3178 624 3196 ‚
651 3145 770 3202 quasi
780 3150 953 3200 publico
976 3163 1079 3191 usus

224 3222 305 3252 es:
337 3214 381 3250 et
417 3208 477 3251 sic
508 3207 633 3251 illum
665 3210 855 3254 amicum
885 3212 1076 3266 vocasti,

227 3270 458 3327 quomodo
481 3286 636 3316 omnes
664 3272 917 3317 candidatos
938 3274 1079 3319 bonos

225 3337 344 3380 viros
360 3336 545 3381 dicimus
560 3370 574 3392 ,
599 3339 825 3395 quomodo
842 3341 991 3384 obvios
1006 3374 1019 3396 ,
1044 3343 1079 3386 si

229 3414 398 3443 nomen
419 3417 512 3444 non
531 3403 743 3446 succurrit
756 3436 769 3458 ,
791 3403 994 3447 dominos
1010 3420 1080 3448 sa-

227 3466 431 3512 lutamus.
454 3484 474 3507 »
496 3474 540 3510 et
553 3465 689 3523 Epist.
709 3481 812 3512 ux:
833 3468 1079 3524 «Magnam

1154 1846 1205 1874 ex
1226 1828 1408 1888 epistola
1428 1838 1502 1872 tua
1523 1827 1699 1887 percepi
1721 1825 1989 1884 voluptatem
2012 1841 2019 1861 τ

1155 1896 1364 1955 permitte
1382 1896 1502 1940 enim
1519 1894 1627 1938 mihi
1646 1893 1710 1938 uti
1730 1897 1867 1937 verbis
1875 1896 2023 1949 publi-

1154 1967 1244 2013 cis:
1261 1962 1425 2008 nec'illa
1437 1961 1491 2006 ad
1506 1960 1875 2020 significationem
1889 1959 2019 2004 Stoa·—

1155 2042 1311 2071 corum
1332 2042 1500 2070 revoca.
1522 2044 1543 2063 υ
1570 2025 1714 2069 Imm.

1218 2097 1279 2138 15.
1310 2095 1499 2137 Truncus
1525 2097 1650 2136 iners.
1695 2094 1858 2135 Taurus
1871 2126 1882 2141 .
1919 2092 2028 2135 citat

1158 2162 1371 2205 Passerat.
1397 2158 1450 2203 ad
1476 2160 1680 2217 Proper-t.
1701 2172 1759 2202 111
1780 2192 1792 2213 ,
1818 2157 1942 2216 Eleg.
1965 2158 2022 2210 ὃς

1160 2229 1243 2273 nisi
1284 2227 1502 2272 aberratio
1539 2227 1593 2270 sit
1631 2241 1868 2284 operarum
1901 2241 1913 2267 ε
1954 2223 2024 2268 vel

1169 2298 1355 2339 Taurum
1373 2295 1574 2338 obscaeno
1594 2309 1724 2338 sensu
1744 2291 1932 2337 voluerit
1953 2291 2024 2335 hic

1160 2356 1273 2417 legi,
1313 2357 1367 2402 de
1393 2373 1482 2415 quo
1507 2356 1605 2400 vide
1640 2356 1692 2400 ad
1719 2357 1901 2400 Petron.
1932 2370 2025 2399 xxv

1161 2432 1206 2466 et
1229 2437 1329 2466 nv.
1350 2422 1515 2467 Bunu.
1535 2445 1591 2454 —
1605 2424 1761 2465 Inutile
1775 2424 1946 2477 lignum.
1969 2421 2022 2463 ln

1163 2489 1368 2533 omnibus
1400 2489 1493 2532 sere
1530 2486 1667 2531 MSS.
1702 2486 2022 2545 exemplaribus

1163 2556 1326 2614 legitur
1342 2589 1355 2610 ,
1369 2559 1534 2612 signum
1547 2589 1557 2605 ‚
1579 2553 1623 2597 id
1639 2562 1704 2598 est
1717 2562 1858 2597 statua
1873 2586 1885 2607 ,
1905 2561 1950 2596 et
1967 2553 2029 2596 sie

1162 2623 1350 2666 omnino
1363 2620 1615 2679 legendum.
1629 2621 1763 2664 Mn.
1774 2622 2016 2669 —Poaedns‚

1162 2704 1211 2731 ac
1236 2686 1438 2744 sequenti
1457 2702 1585 2729 versu
1600 2718 1613 2739 ,
1638 2686 1702 2727 Et
1719 2700 1804 2727 uon
1827 2689 2023 2727 exactum

1158 2767 1331 2808 corpus,
1365 2752 1621 2796 Puteaneus
1646 2766 1753 2794 cum
1782 2749 1874 2792 aliis
1897 2764 2024 2791 non-

1158 2822 1288 2866 nullis
1305 2831 1351 2866 et
1362 2821 1600 2865 meliorum
1610 2834 1816 2863 numero.
1832 2818 1906 2862 Nil
1921 2834 2024 2861 mu-

1160 2899 1254 2934 tem
1277 2899 1460 2933 temere.
1494 2890 1629 2932 Forte
1653 2896 1805 2930 tamen
1823 2886 2024 2930 scriben-

1158 2954 1266 2998 dum
1282 2988 1294 3010 ‚
1325 2957 1569 3009 signumque
1587 2958 1633 2994 e!
1653 2954 1805 2993 thume
1821 2953 2026 3005 pondus,-

1159 3030 1277 3065 certe
1295 3018 1586 3063 Arundelian.
1599 3050 1610 3071 ‚
1621 3019 1867 3073 pondusque
1876 3022 1921 3059 et
1929 3021 2028 3059 inu-

1159 3089 1234 3128 tile
1249 3088 1421 3140 lzgmum.
1438 3082 1607 3124 Hlmss.
1625 3082 1795 3136 Signum
1816 3080 2025 3124 Bai-thius

1161 3164 1338 3206 quoque
1356 3147 1533 3204 praesert
1545 3146 1617 3189 lib.
1634 3159 1789 3188 xxxw.
1803 3144 1916 3188 Adv.
1931 3161 2026 3202 cap.

1161 3232 1216 3258 22
1236 3229 1247 3256 :
1273 3211 1350 3256 sed
1373 3211 1475 3267 quia
1494 3214 1656 3265 species
1680 3218 1726 3253 et
1744 3213 1910 3264 signum
1933 3209 2026 3251 fere

1161 3279 1284 3322 idem
1316 3286 1442 3320 notat
1458 3311 1470 3332 ‚
1501 3281 1662 3333 lignum
1694 3277 1864 3320 firmari
1895 3277 2029 3333 possit

1162 3343 1244 3386 illis
1263 3343 1421 3385 Horat.
1444 3342 1517 3385 lib.
1541 3355 1559 3384 1
1580 3376 1592 3398 ,
1619 3342 1710 3385 Sat.
1731 3354 1825 3383 vlu
1840 3373 1852 3395 ,
1883 3358 1900 3383 1
1922 3357 1934 3384 τ

1164 3414 1256 3445 Olim
1271 3419 1408 3443 truncus
1419 3423 1507 3442 erum
1523 3412 1663 3443 ficulnus
1673 3435 1685 3451 ,
1699 3412 1817 3444 inutile
1831 3412 1958 3451 lignum
1974 3422 1982 3441 :

1163 3474 1276 3514 Quum
1290 3473 1381 3506 saber
1396 3474 1538 3505 incertus
1551 3479 1617 3504 etc.
