2268 3776
259 293 329 362 Q

723 292 787 346 P.
832 291 1128 350 OVIDII
1169 289 1556 351 NASONIS

342 411 566 472 Adsunt
595 434 608 470 z
641 410 701 470 in
731 411 940 490 gremio
966 411 1167 494 judicis
1189 411 1284 473 illa
1311 412 1480 474 sedet.

259 516 391 577 Non
421 512 597 573 scelus
628 512 1010 592 adgredimur:
1036 538 1153 574 non
1182 514 1252 574 ad
1273 515 1549 576 miscenda
1575 518 1785 575 co‘imus

337 615 545 676 Toxica
569 640 581 675 :
612 639 730 676 non
756 616 948 676 stricto
978 614 1235 676 fulminat
1265 640 1393 677 ense
1415 640 1627 678 manus,

266 719 580 799 Quaerimus
598 767 613 793 ‚
641 735 706 780 ut
736 734 858 780 tuto
888 744 990 803 per
1019 735 1072 780 te
1102 720 1383 802 possimus
1414 745 1608 782 amare.
1982 740 2038 780 65

346 822 503 902 Quid
527 822 789 905 precibus
817 823 1025 884 nostris
1054 822 1281 884 mollius
1311 847 1428 885 esse
1459 824 1688 907 potest?

261 997 383 1029 Verum
397 998 484 1028 enim
496 998 533 1028 tu
547 998 641 1028 istam
652 1022 662 1037 ,
684 997 709 1028 si
725 1003 757 1028 te
770 998 827 1031 Dii
840 1004 947 1030 ament
960 1022 971 1038 ,
993 1005 1114 1031 temere

343 1059 431 1090 haud
443 1059 538 1090 tollas
551 1057 709 1089 fabulam.

263 1119 345 1151 Tuis
359 1131 444 1150 nunc
457 1118 609 1150 cruribus
618 1142 630 1158 ‚
658 1119 822 1162 capitique
847 1118 997 1150 fraudem
1021 1120 1116 1162 capi-

344 1187 443 1218 talem
458 1186 535 1218 hinc
550 1196 650 1217 creas.

264 1252 351 1284 Nam
365 1252 427 1284 tibi
443 1252 508 1293 jam
518 1275 530 1290 ‚
553 1258 589 1282 ut
614 1261 727 1293 pereas
737 1275 748 1290 ‚
776 1257 926 1292 paratum
938 1257 986 1283 est
1001 1250 1119 1293 dupli-

347 1319 428 1350 citer
445 1343 456 1358 ‚
479 1319 543 1350 nisi
561 1318 739 1360 supprimis

266 1381 379 1411 Tuum
396 1379 652 1421 stultiloquium.
669 1400 678 1409 .
695 1401 705 1409 .
725 1400 734 1409 .
768 1378 916 1409 Primum
939 1385 1001 1410 etc.

269 1448 329 1491 Et
355 1447 499 1504 pergit
524 1445 721 1503 probare.
750 1468 805 1477 —-
828 1447 945 1499 Quid
963 1449 1119 1501 dzlrpar.

273 1518 409 1569 Quam
422 1517 581 1568 dispar,
597 1521 796 1569 excerpta
814 1513 843 1555 J
848 1512 961 1555 ureti
980 1521 1024 1555 et
1039 1513 1120 1555 Po-

264 1579 429 1634 litiani,
445 1594 548 1621 cum
565 1593 656 1620 uno
669 1576 874 1620 Mediceo
889 1585 934 1620 et
952 1577 1123 1620 Fame-

268 1646 403 1688 siano.
447 1645 556 1694 Cur,
591 1651 678 1685 tres
716 1641 841 1693 libri,
888 1650 932 1684 et
972 1641 1121 1684 Editio

270 1708 442 1769 Gryphi
462 1717 507 1751 et
524 1723 677 1764 margo
698 1706 976 1749 Bersmanni.
1007 1709 1121 1750 Ver-

269 1778 370 1817 bera
386 1774 511 1831 juslo
528 1807 538 1825 ,
569 1774 703 1816 etiam
730 1772 1122 1816 Francosurtensis.

324 1840 391 1882 62.
430 1840 612 1882 Verbera
632 1842 748 1881 victo
771 1839 938 1880 adsunt.
965 1837 1123 1879 Immi-

269 1913 396 1960 nent,
413 1905 504 1961 jam
520 1912 622 1948 sunt
637 1913 785 1961 parata
798 1920 814 1959 ,·
835 1903 911 1947 sed
926 1904 1122 1961 egregius

271 1969 412 2014 multo
436 1973 607 2013 adsunt.
626 1993 680 2001 -—
710 1971 762 2011 In
790 1972 945 2024 gremio
956 1969 1126 2024 judicis·

271 2040 350 2079 illa
369 2039 500 2079 sedet.
521 2036 641 2079 Mira
655 2068 666 2090 ,
694 2052 779 2092 qua
799 2043 972 2092 praestat
987 2068 999 2090 ,
1030 2043 1123 2078 arte

273 2101 490 2145 contraria
500 2101 732 2145 contrariis
742 2100 1002 2156 illustrandi,
1018 2100 1124 2145 scite

1192 988 1264 1032 hic
1283 989 1444 1033 Noster
1461 987 1644 1045 opponit
1660 987 1859 1044 Bagoum
1880 1003 2040 1044 garru—

1192 1053 1322 1096 litatis
1338 1069 1485 1110 poenas
1499 1052 1706 1108 dantem,
1728 1068 1819 1095 non
1842 1054 2046 1109 praesenti

1195 1117 1347 1173 modo,
1369 1134 1502 1174 quam
1523 1117 1592 1160 ille
1609 1117 1816 1175 prodidit,
1837 1117 2044 1171 dominae,

1195 1187 1271 1231 sed
1291 1187 1337 1229 in
1364 1187 1456 1243 ipso
1466 1187 1635 1242 judicis
1649 1221 1660 1238 ‚
1690 1186 1736 1229 id
1764 1194 1850 1242 est,
1871 1187 2044 1240 mariti,

1195 1256 1352 1308 gremio
1372 1251 1555 1295 sedenti.
1582 1250 1720 1307 Quod
1739 1267 1963 1294 summum
1983 1260 2048 1294 est

1200 1335 1253 1362 ex
1287 1335 1376 1362 una
1408 1327 1531 1375 parte
1563 1317 1828 1361 credulitatis
1848 1335 1860 1372 ;
1890 1318 2047 1376 impu-

1201 1383 1363 1427 dentiae
1383 1399 1488 1426 vero
1502 1415 1515 1437 ,
1537 1399 1588 1425 ex
1608 1382 1754 1426 altera.

1255 1450 1324 1503 64.
1342 1451 1438 1493 Non
1458 1453 1606 1492 stn'clo
1612 1449 1827 1504 fulminat
1841 1466 1943 1494 ense
1960 1468 2046 1493 ma-

1201 1531 1292 1559 nus.
1309 1515 1491 1558 Dixerat
1506 1516 1617 1572 jam,
1638 1516 1710 1560 lib.
1723 1530 1742 1559 1
1756 1551 1767 1568 ‚
1786 1516 1855 1559 El.
1873 1530 1922 1561 vl
1934 1550 1946 1571 ‚
1967 1518 2046 1559 33:

1200 1584 1279 1616 Non
1291 1595 1349 1625 ego
1363 1585 1524 1616 militibus
1542 1586 1640 1618 venio
1651 1588 1823 1618 comitatus
1837 1594 1870 1618 et
1881 1589 1991 1618 armis.

1203 1645 1294 1689 Sed
1324 1646 1490 1702 poetice
1520 1647 1655 1703 magis
1674 1681 1686 1704 ,
1715 1649 1814 1704 quia
1836 1648 2019 1706 figurate
2035 1683 2047 1699 ,

1201 1709 1341 1766 ipsam
1372 1710 1445 1754 hic
1477 1727 1662 1754 manum
1694 1712 1819 1755 nobis
1858 1713 2050 1756 ostendit

1202 1793 1302 1822 ense
1299 1776 1616 1832 fulminantem.
1633 1776 1810 1822 Certior
1819 1795 2049 1836 nunquam

1203 1841 1393 1886 victoriae
1406 1841 1606 1898 Ovidius,
1619 1859 1750 1900 quam
1761 1846 2050 1901 quumipsum

1203 1922 1248 1950 se
1261 1915 1402 1950 tentat
1412 1923 1616 1964 superare
1629 1921 1640 1948 ε
1656 1908 1838 1951 inferior
1850 1925 1955 1952 vero
1969 1925 2052 1952 sae-

1177 2009 1180 2013 .
1204 1971 1300 2028 pius
1328 1989 1353 2015 e
1385 1973 1625 2016 certamine
1653 1972 1858 2028 discedit,
1887 1975 1922 2016 si
1949 1991 2052 2018 cum

1205 2036 1390 2111 Virgilio
1402 2070 1414 2092 ‚
1435 2038 1636 2112 propert.
1655 2047 1730 2082 aut
1750 2038 1924 2082 Tibullo
1939 2039 2052 2083 sorte

1205 2111 1487 2146 commiserit.

855 2362 1476 2435 ELEGLAIIL

542 2660 605 2690 An
632 2660 839 2693 EUMDEM
857 2681 868 2703 ,
899 2662 983 2703 QUI
1009 2664 1236 2698 PRECIBUS
1267 2664 1450 2698 nomon
1479 2664 1779 2697 OBS'I'ITERA'I'.

282 2811 446 2896 Hm
476 2835 645 2909 mihi,
680 2836 832 2919 quod
864 2836 1172 2909 dominam,
1201 2861 1304 2898 nec
1333 2839 1419 2898 vir
1443 2862 1544 2899 nec
1573 2839 1806 2913 femina,
1841 2863 2052 2914 servas3

360 2934 563 2993 Mutua
590 2957 691 2994 nec
719 2934 953 2994 Veneris
986 2934 1184 3012 gaudia
1211 2958 1375 2995 nosse
1401 2938 1596 3018 potes!

338 3117 373 3144 1.
394 3102 603 3145 Heimihi
618 3110 698 3146 etc.
717 3102 916 3160 Elegiam
929 3102 1042 3147 hanc
1061 3120 1129 3147 su-

279 3168 439 3225 periori
461 3169 652 3227 Scaliger
670 3172 874 3214 censebat
892 3170 1128 3215 adnecten-

282 3234 410 3278 dam:
425 3236 584 3279 frustra
603 3244 721 3292 patet
741 3237 862 3279 enim
879 3253 902 3280 e
923 3245 1130 3281 contextu

281 3300 403 3342 novis
424 3300 603 3357 Bagoen
631 3301 828 3357 precibus
848 3309 1025 3358 poetam
1044 3317 1130 3343 ur—

283 3380 384 3420 gere
399 3397 411 3420 ‚
444 3365 558 3422 apud
579 3382 711 3422 quem
730 3366 896 3423 priores
915 3373 1132 3410 cesserant

279 3428 466 3477 inutiles.
485 3453 539 3466 —-
564 3433 655 3482 Nec
667 3436 736 3478 vir
744 3448 822 3476 nec
825 3431 1009 3488 femina.
1022 3432 1131 3480 Ver-

1207 3095 1344 3138 batim
1365 3113 1416 3139 ex
1437 3095 1649 3154 Euripide
1667 3111 1915 3153 expressum
1929 3128 1943 3152 ,
1981 3097 2057 3153 qui

1209 3162 1255 3203 in
1278 3161 1436 3205 Oreste
1452 3195 1464 3217 ,
1491 3162 1595 3205 1528
1614 3174 1626 3201 ε

1211 3231 1310 3272 odra*
1328 3230 1398 3290 γὰρ
1424 3234 1514 3284 γυνὴ
1536 3230 1729 3285 πέφυκασ,
1757 3225 1834 3271 ουτ’
1854 3228 1890 3269 ἓν
1912 3224 2056 3287 ἀνθρά-

1297 3314 1357 3339 ccv
1381 3293 1464 3350 σύγ’
1486 3300 1532 3339 εἴ.

1266 3379 1305 3404 2.
1337 3364 1509 3406 Gaudia
1533 3378 1669 3405 nosse.
1696 3362 1816 3404 Fbrre
1831 3393 1841 3411 ‚
1868 3359 2055 3415 Neapo-

1211 3429 1370 3473 litanus
1391 3437 1435 3473 et
1451 3429 1614 3475 Douzae
1635 3436 1846 3485 excerpta.
1875 3427 1988 3471 Scire
2007 3426 2053 3469 in
