2268 3776
650 332 1037 390 AMoRuM
1083 336 1130 389 1.
1183 334 1427 391 ELEG.
1486 336 1644 391 ΧΠ.
1963 339 2035 414 ⁵7

257 450 360 523 At,
394 464 671 533 tamquam
698 451 873 511 minio
894 497 908 523 ‚
940 451 1164 535 penitus
1193 452 1459 514 medicata
1487 453 1729 516 rubebas
1754 479 1767 515 :

336 544 434 607 Ille
464 543 619 606 color
647 570 770 608 vere
802 547 1261 627 sanguinolentus
1291 563 1427 609 eran

255 644 521 726 Projectae
549 644 725 704 triviis
752 645 1000 727 jaceatis,
1032 645 1229 707 inutile
1259 644 1474 724 lignum
1500 669 1514 717 ;

335 742 561 824 Vosque
591 756 727 803 rotae
755 742 976 822 frangat
1002 743 1387 827 praetereuntis
1418 765 1579 803 onus.

256 837 420 900 Illum
448 839 640 912 etiam,
677 840 773 923 qui
803 864 902 901 vos
933 864 1000 901 ex
1029 841 1228 902 arbore
1253 841 1421 902 vertit
1446 841 1505 900 in
1535 863 1724 914 usum,
1991 863 2037 906 1:⁹2

338 936 674 996 Convincam
702 960 871 1020 puras
900 961 1018 997 non
1043 938 1303 999 habuisse
1332 961 1545 999 manus.

253 1031 500 1097 Praebuit
528 1032 622 1093 illa
651 1034 819 1094 arbor
843 1034 1046 1095 misero
1078 1034 1378 1118 suspendia
1403 1033 1550 1096 collo
1576 1059 1589 1095 ε

337 1129 595 1215 Carnifici
626 1130 772 1191 diras
802 1131 1044 1214 praebuit
1072 1130 1167 1192 illa
1199 1155 1404 1193 cruces.

252 1223 357 1286 Illa
382 1225 534 1287 dedit
565 1241 755 1311 turpes
782 1227 962 1289 raucis
985 1228 1316 1290 bubonibus
1345 1227 1573 1289 umbras
1597 1253 1610 1289 :

334 1321 590 1384 Vulturis
620 1324 677 1384 in
708 1325 874 1387 ramis
904 1340 961 1387 et
989 1326 1179 1405 strigis
1206 1350 1308 1388 ova
1339 1325 1483 1387 tulit.
1986 1357 2037 1384 ω,

258 1418 364 1480 His
393 1442 498 1499 ego
526 1421 775 1483 commisi
804 1436 1031 1484 nostros
1061 1423 1290 1487 insanus
1317 1446 1531 1485 amores
1548 1469 1564 1497 ‚

314 1608 331 1635 1
343 1608 377 1636 1.
406 1594 544 1638 M'm'o
555 1599 729 1651 pcm'tus
747 1598 973 1641 medicata.
1003 1597 1104 1642 Mi-

255 1655 383 1701 nium
398 1690 410 1712 ,
433 1659 556 1714 cujus
576 1670 849 1718 repertorem
865 1663 991 1707 fuisse
1015 1672 1107 1707 tra—

256 1720 322 1765 dit
338 1721 681 1781 Theophrastus,
693 1725 799 1789 (ιι-ερὶ
817 1725 968 1784 Motum)
992 1727 1106 1771 Cal-

257 1785 363 1830 liam
394 1787 738 1846 Atheniensem,
761 1807 872 1835 cerae
893 1808 1109 1836 nonnun-

255 1866 388 1908 quam
414 1852 740 1899 immiscebatur
761 1888 773 1910 ,
814 1872 900 1913 qua
933 1857 1108 1902 tabellas

254 1925 423 1961 veteres
436 1917 675 1971 illinebant.
689 1919 779 1964 Sed
794 1920 889 1978 plus
903 1937 1029 1979 aequo
1043 1939 1108 1966 ru·

253 1981 505 2027 bebantillae
524 1982 579 2028 de
603 1984 758 2041 quibus
778 1984 848 2030 hic
873 1987 1041 2045 agitur,
1063 1996 1109 2031 et

252 2057 380 2094 erant
409 2050 531 2107 quasi
573 2055 913 2108 sanguinolenta·
931 2087 944 2106 ‚
988 2053 1108 2111 quod

253 2122 383 2172 poeta
394 2114 441 2159 in
457 2115 626 2160 malum
639 2132 774 2162 omen
786 2119 932 2164 vertit.
944 2142 1000 2153 —
1012 2122 1109 2164 Ru-

252 2182 396 2224 bebas.
426 2181 626 2227 Fortasse
653 2199 678 2226 a
705 2183 824 2242 ligno
847 2184 968 2229 hunc
987 2185 1109 2230 colo-

253 2261 354 2289 rem
382 2245 568 2292 ducebat
589 2263 691 2293 cera
711 2265 721 2292 :
748 2257 874 2294 erant
894 2250 1016 2294 enim
1038 2250 1122 2295 hae.

255 2311 423 2357 tabella
444 2312 516 2372 (ut
533 2330 663 2372 supra
683 2315 789 2360 dixit
810 2317 946 2371 Naso)
976 2333 1108 2362 acer-

255 2391 339 2420 ne.
361 2376 422 2421 Et
433 2378 549 2422 Ptin.
568 2378 641 2423 lib.
667 2380 737 2436 ιδ,
761 2380 869 2424 dum
885 2383 1018 2426 aceris
1032 2399 1110 2440 ge-

255 2457 363 2486 nera
382 2443 520 2487 multa
549 2445 674 2502 ponit
695 2461 704 2488 :
733 2449 919 2491 Tertium
946 2465 1079 2505 genus
1093 2483 1105 2502 ,

253 2506 594 2568 inquit‚Zygiam
609 2514 821 2556 rubentem
819 2516 964 2572 fissili
977 2517 1106 2570 ligno,

254 2579 411 2618 codice
428 2578 556 2620 livido
575 2583 623 2620 et
637 2582 799 2624 scabm.
821 2580 953 2623 ΜΔΕ.

313 2656 377 2683 12.
404 2641 486 2684 Ille
502 2645 624 2687 color
644 2660 740 2688 vem
759 2649 1110 2702 sanguinolentus

254 2710 359 2749 crat.
379 2705 481 2750 Hoc
500 2716 586 2763 est,
610 2709 742 2754 tristis
760 2720 805 2754 et
823 2711 987 2762 feralis,
1006 2729 1109 2769 qua·

253 2766 312 2812 lia
334 2779 461 2826 sunt,
485 2787 582 2828 quae
606 2775 818 2831 sanguine
837 2776 1108 2820 inficiuntur.

254 2831 427 2879 Mtcu.
440 2837 522 2880 Ille
531 2840 651 2881 color
657 2845 770 2883 certe
781 2873 793 2891 ‚
809 2839 997 2885 Glaserii
1009 2842 1105 2887 cod.

313 2900 376 2944 16.
395 2903 544 2946 Purus.
567 2903 607 2947 A
625 2906 835 2963 sanguine
851 2907 1011 2951 scilicet
1026 2941 1038 2963 ,
1058 2918 1109 2953 ut

254 2965 513 3031 plerumque
530 2971 742 3017 sumitur:
755 2973 855 3017 licet
869 2973 923 3017 de
939 2974 1108 3019 immu-

254 3029 384 3074 nibus
403 3031 456 3075 ab
476 3033 566 3078 aliis
581 3035 813 3082 sceleribus
830 3040 963 3095 possit
981 3041 1107 3084 intel-

255 3095 342 3154 ligi.
352 3096 489 3141 Recte
502 3099 672 3144 Marius
684 3104 910 3160 componit
923 3121 1027 3148 cum
1041 3106 1109 3150 his

256 3160 502 3206 Horatiana
518 3196 530 3219 ,
550 3163 622 3208 lib.
642 3179 702 3218 11,
726 3167 816 3212 Od.
836 3170 885 3212 13
902 3202 915 3225 ,
935 3171 1011 3214 ubi
1029 3187 1108 3214 sa-

253 3229 452 3282 crilegam
471 3245 639 3273 manum
657 3230 771 3275 dicit.

315 3310 331 3336 1
341 3311 361 3350 7
368 3327 377 3336 .
397 3297 583 3338 Praebuit
592 3299 671 3339 illa
682 3301 811 3342 arbor
822 3308 903 3344 etc.
924 3300 1046 3346 Dirae
1058 3304 1104 3346 in

254 3357 459 3403 arborem
474 3360 612 3417 ipsam
627 3377 723 3418 quae
738 3364 995 3410 tabellarum
1009 3383 1106 3411 ma·-

254 3423 413 3468 teriem
421 3426 783 3483 suppeditaverat.
794 3428 867 3473 Sic
875 3431 1102 3488 Horatius,

255 3485 326 3533 lib.
343 3502 408 3546 11,
434 3489 521 3535 Od.
550 3491 624 3549 13,
646 3491 694 3538 in
712 3493 832 3539 illam
852 3494 1075 3542 invehitur
1090 3530 1103 3554 ,

1187 1599 1311 1657 cujus
1340 1616 1440 1644 casu
1473 1614 1586 1657 pene
1624 1612 1854 1656 oppressus
1887 1597 2042 1640 suerat·

1248 1666 1309 1710 18.
1330 1667 1516 1710 Praebuit
1524 1667 1604 1707 illa
1614 1678 1774 1707 cruces.
1793 1663 1959 1706 Notum
1972 1662 2044 1706 ni-

1188 1729 1272 1772 mis
1294 1728 1410 1786 apud
1433 1729 1659 1773 Romanos
1672 1727 1868 1785 supplicii
1887 1743 2040 1785 genus,

1190 1793 1309 1851 quod
1337 1794 1498 1838 merito
1520 1793 1634 1838 Tull.
1657 1794 1703 1837 iu
1727 1795 1855 1837 Verr.
1877 1807 1906 1836 v
1921 1825 1934 1848 ,
1955 1793 2010 1846 64
2027 1825 2039 1845 ,

1188 1861 1520 1904 crudeletrsetnun
1537 1864 1869 1915 teterrimumque
1890 1858 2041 1915 adpel-

1188 1924 1262 1968 lat.
1283 1924 1420 1969 Recte
1442 1925 1573 1982 igitur
1592 1925 1754 1970 Noster
1772 1926 1891 1967 de’ms
1904 1957 1915 1974 ,
1948 1939 2041 1967 non

1189 1991 1332 2042 dums,
1345 1998 1394 2033 ut
1401 1990 1555 2035 volunt
1568 1990 1918 2048 quidam‚cmces
1926 1988 2043 2032 dixit.

1250 2072 1311 2116 ¹9·
1333 2057 1500 2099 Baucis
1515 2059 1758 2099 bubonibus.
1775 2057 1910 2099 Busis
1923 2087 1935 2106 ,
1959 2055 2044 2098 Pu·

1190 2128 1385 2166 teaneus.
1406 2120 1734 2165 Arundetianus
1749 2154 1762 2176 ,
1784 2126 1904 2164 mris.
1923 2119 2043 2164 Scri·

1188 2184 1247 2229 bo
1258 2218 1270 2237 ,
1291 2190 1434 2239 mutim
1454 2203 1598 2230 meum
1613 2186 1733 2230 enim
1746 2219 1758 2241 ,
1780 2184 1899 2243 quod
1913 2184 2044 2228 obtu-

1189 2266 1290 2294 sum
1310 2267 1320 2294 :
1340 2251 1430 2295 sive
1451 2251 1505 2295 de
1525 2267 1631 2296 voce
1653 2252 1832 2308 accipias
1845 2282 1858 2305 ,
1878 2251 1967 2295 sive
1987 2249 2043 2293 de

1189 2314 1335 2359 colore
1341 2333 1352 2369 ;
1362 2315 1465 2360 hinc
1474 2320 1587 2360 mois
1597 2332 1678 2374 pro
1685 2322 1894 2361 macerate
1901 2333 1915 2360 .·
1925 2314 2043 2359 unde

1189 2383 1379 2425 rabulam
1391 2382 1485 2426 vult
1499 2381 1661 2427 dictam
1671 2382 1877 2426 Verrius:
1890 2381 1946 2427 de
1958 2396 2045 2439 qua

1190 2461 1295 2490 voce
1335 2446 1537 2491 videatur
1565 2448 1732 2493 Festus.

1246 2527 1314 2556 20.
1341 2514 1543 2556 Vulturis.
1562 2514 1713 2558 Poetae
1730 2521 1906 2568 nostro,
1928 2513 2041 2557 sorte

1189 2576 1564 2622 nimisluxurianti
1576 2611 1588 2634 ,
1601 2579 1729 2636 objici
1742 2587 1887 2636 posset
1896 2611 1908 2634 ,
1923 2578 2043 2635 quod

1188 2644 1356 2688 mirum
1373 2643 1512 2688 videri
1522 2644 1655 2702 possit
1662 2644 1901 2699 vulturem,
1916 2660 2042 2688 avem

1188 2709 1402 2764 faustam,
1430 2719 1475 2754 et
1494 2727 1546 2754 ex
1572 2710 1756 2768 augurio
1791 2710 1971 2755 Romuli
1999 2719 2044 2754 et

1191 2775 1324 2819 Remi
1351 2775 1586 2820 felicissimi
1622 2777 1781 2821 ominis
1816 2777 2010 2820 habitam
2027 2810 2040 2829 ‚

1188 2839 1261 2884 hic
1278 2842 1406 2899 jungi
1421 2859 1525 2887 cum
1544 2843 1720 2886 bubone
1741 2851 1786 2886 et
1803 2844 1948 2901 strige.
1968 2843 2042 2886 Au

1187 2907 1412 2952 -vulturem
1432 2925 1660 2966 occupasse
1689 2909 1863 2954 alterius
1884 2910 2041 2953 inaus-

1190 2973 1342 3030 picatae
1362 2975 1451 3018 avis
1471 2974 1619 3018 locum
1642 3008 1656 3030 ,
1699 2975 1804 3018 vitio
1831 2974 2041 3018 librario-

1189 3056 1292 3082 rum
1307 3072 1320 3095 ,
1341 3041 1647 3084 censebimus?
1673 3041 1745 3084 An
1759 3050 1900 3098 poetae
1914 3041 2042 3084 luxu—-

1187 3105 1265 3148 riae
1286 3113 1330 3148 et
1360 3105 1740 3150 inconsiderantiae
1760 3106 2004 3149 tribuemus
2021 3105 2041 3148 ?

1189 3169 1265 3213 An
1294 3186 1400 3212 vero
1428 3186 1480 3213 ex
1508 3186 1600 3213 uno
1636 3180 1711 3214 aut
1741 3171 1878 3214 altero
1909 3170 2004 3214 loco
2023 3205 2037 3225 ,

1190 3252 1323 3292 quem
1339 3235 1563 3281 adducunt
1577 3270 1590 3292 ,
1611 3238 1686 3295 qui
1704 3237 1758 3282 de
1780 3237 1969 3295 auguriis
1990 3254 2043 3281 ex

1188 3303 1380 3360 professo
1400 3314 1586 3361 egerunt
1601 3338 1614 3360 ,
1636 3306 1769 3349 etiam
1787 3306 1907 3348 inter
1924 3305 2040 3348 inse—

1186 3368 1287 3412 lices
1314 3384 1412 3413 aves
1438 3370 1536 3426 jure
1557 3371 1711 3414 referri
1740 3387 1861 3428 posse
1883 3370 2039 3414 vultu—

1187 3450 1285 3478 rem
1300 3467 1312 3489 ,
1350 3434 1627 3479 efficiemus?
1649 3436 1814 3481 BURM.

1244 3517 1310 3544 21.
1338 3502 1424 3545 Ht's
1442 3517 1532 3559 ego.
1554 3503 1686 3548 Forte
1703 3535 1716 3559 ,
1741 3504 1877 3548 HIsne
1896 3517 1984 3557 ego.
