2268 3776
274 297 382 350 330

723 298 788 348 P.
836 296 1147 352 OVIDII
1190 297 1587 356 NASONIS

352 412 477 471 Hoc
507 425 621 482 est,
652 433 750 470 cur
772 413 929 494 pueri
958 424 1150 491 tangar
1180 437 1361 474 amore
1392 415 1592 476 minus.

275 508 388 569 Odi
419 532 538 590 quae
564 508 805 591 praebet,
837 510 965 593 quia
990 512 1063 571 sit
1090 510 1330 593 praebere
1355 535 1610 583 necesse;

1958 531 2040 573 685

354 604 614 686 Siccaque
645 604 711 665 de
742 605 865 667 lana
894 607 1101 686 cogitat
1127 607 1249 688 ipsa
1278 630 1391 667 sua.

274 701 414 780 Quae
443 699 601 760 datur
628 701 840 777 offici0,
869 729 985 767 non
1013 718 1096 764 est
1125 702 1262 762 mihi
1294 718 1448 781 grata
1475 702 1758 787 voluptas:

354 796 614 857 Officium
643 799 805 860 faciat
832 800 986 861 nulla
1013 799 1199 883 puella
1226 800 1381 860 mihi.

273 894 367 954 Me
397 917 555 954 voces
586 895 811 958 audire
792 914 944 979 Juvat
974 921 1072 957 sua
1102 896 1301 975 gaudia
1329 897 1536 958 fassas:

353 991 539 1073 thue
568 1016 751 1054 morer
777 1010 1005 1068 memet,
1033 995 1442 1079 sustineamque
1460 1043 1474 1067 ,
1504 1010 1680 1074 roget.

1963 1016 2046 1071 690

272 1084 589 1169 Adspiciam
618 1089 850 1152 dominae
877 1092 1052 1152 victos
1083 1093 1312 1153 amentis
1345 1092 1585 1153 ocellos:

353 1190 666 1268 Langueat3
696 1207 751 1252 et
779 1194 932 1271 tangi
960 1218 1016 1255 se
1046 1208 1192 1255 vetet
1221 1193 1317 1255 illa
1346 1194 1458 1254 diu.

274 1292 404 1352 Haec
429 1294 581 1355 bona
608 1320 724 1356 non
752 1297 942 1380 primae
972 1298 1173 1358 tribuit
1199 1313 1397 1358 natura
1420 1299 1683 1380 juventae,

355 1394 496 1473 Quae
525 1397 634 1457 cito
665 1413 796 1480 post
824 1413 1033 1482 septem
1062 1398 1236 1460 lustra
1263 1401 1448 1461 venire
1479 1399 1680 1460 solent.

276 1497 391 1576 Oui
409 1515 733 1581 properant,
748 1525 891 1562 nova
908 1517 1089 1563 musta
1102 1503 1331 1564 bibant:
1351 1503 1490 1563 mihi
1505 1502 1705 1563 fundat
1722 1502 1926 1562 avitum
1966 1518 2049 1578 695

357 1600 698 1662 Consulibus
728 1604 925 1686 priscis
957 1605 1182 1666 condita
1212 1620 1351 1667 testa
1372 1629 1600 1666 merum.

274 1703 387 1763 Nec
416 1703 674 1787 platanus
691 1755 706 1780 ,
731 1707 840 1768 nisi
867 1732 1014 1782 sera,
1039 1724 1230 1792 potest
1259 1710 1531 1770 obsistere
1556 1708 1771 1769 P-hoebo
1793 1734 1806 1768 ε

355 1807 431 1865 Et
459 1805 666 1868 laedunt
692 1811 875 1870 nudos
903 1826 1062 1893 prata
1090 1811 1307 1873 novella
1334 1811 1521 1895 pedes.

277 1906 498 1969 Scilicet
524 1911 865 1972 Hermionen
895 1912 1118 1974 Helenae
1148 1936 1467 1996 praeponere
1496 1913 1733 1994 posses?

354 2014 439 2071 Et·
457 2012 653 2074 melior
686 2015 898 2095 Gorge,
925 2041 1088 2101 quam
1113 2041 1212 2077 sua
1239 2031 1440 2089 mater,
1468 2018 1627 2094 erat?

277 2197 436 2236 nulrt'la
445 2211 457 2236 :
466 2195 596 2250 sorte,
609 2202 747 2240 tractu
756 2202 930 2251 nulrt'la5
944 2206 992 2241 ut
1004 2197 1124 2242 idem

278 2258 368 2301 sere
388 2267 539 2314 notet,
555 2259 674 2316 quod
695 2263 799 2318 718:

318 2326 381 2357 Sed
402 2327 522 2358 sensim
538 2329 630 2359 tarda
643 2329 841 2370 prolicienda
858 2340 958 2361 mora.

279 2387 424 2429 Nutril
435 2397 598 2443 autem,
611 2398 661 2433 ut
680 2390 809 2445 infra,
829 2390 900 2433 lib.
918 2391 1004 2445 III,
1019 2395 1126 2452 579:

278 2453 375 2493 Quod
384 2455 480 2487 datur
488 2467 528 2488 ex
534 2456 595 2488 faci
602 2458 622 2488 li
633 2458 767 2500 longum
773 2459 856 2490 male
862 2461 1126 2493 nutritamorem.

332 2515 429 2559 686.
452 2518 653 2574 Siccaque
671 2523 722 2562 de
737 2523 842 2563 lana
858 2526 1019 2576 cogitat
1035 2526 1131 2577 ipsa

277 2596 368 2623 sua.
391 2581 457 2625 Ita
471 2599 645 2639 prorsus
664 2587 717 2628 ab
733 2603 882 2630 amore
901 2587 1040 2631 aliena
1053 2622 1065 2644 ,
1080 2599 1131 2633 ut

280 2647 348 2690 vel
368 2647 415 2691 in
435 2648 528 2706 ipso
543 2652 727 2695 amantis
747 2654 948 2710 amplexu
961 2687 972 2709 ,
987 2654 1040 2699 de
1057 2657 1130 2700 do-

281 2716 466 2760 mesticis
483 2718 611 2762 rebus
630 2728 674 2763 et
686 2720 829 2775 pensis
842 2722 1002 2777 cogitet
1014 2739 1024 2773 ;
1038 2723 1129 2766 det·

283 2795 367 2835 que
394 2781 538 2838 officio
550 2815 561 2834 ,
595 2783 712 2840 quod
736 2787 947 2840 voluplali
964 2785 1131 2830 debeat.

283 2848 488 2892 Notanda
526 2851 725 2908 inprimis
762 2852 883 2896 verbi
916 2857 1034 2896 sicca
1069 2855 1130 2898 vis

280 2911 532 2969 singularis,
555 2924 600 2959 et
619 2916 665 2959 in
687 2917 760 2960 tali
778 2934 826 2960 re
847 2917 1101 2975 proprietas.

336 2978 431 3035 690.
449 2981 584 3036 thue
594 2999 726 3026 morer
739 2999 867 3026 meme
883 2988 1132 3026 sustineam-

281 3062 359 3101 que
368 3053 494 3102 rogel.
503 3049 661 3092 Memel
671 3050 814 3106 primo
823 3049 1131 3107 reponendum

281 3128 384 3155 cum
399 3114 567 3172 scriptis
585 3116 801 3174 plerisque
819 3127 864 3161 et
883 3117 1023 3175 prima
1037 3116 1130 3160 edi-

282 3175 401 3220 tione
413 3193 422 3220 :
434 3177 593 3223 deinde
606 3181 768 3238 Regius
782 3191 825 3225 et
839 3182 1032 3238 quinque
1044 3180 1128 3236 alii,

282 3242 442 3296 Atque.
452 3243 583 3345 Un¹us
600 3261 749 3299 meus,
776 3248 946 3302 Ubique.
963 3247 1102 3290 Puto:

283 3312 528 3354 (2111111111111111111Ε

284 3373 350 3417 Ut
371 3375 424 3418 ad
445 3393 568 3419 voces
589 3379 815 3422 reseratur.
835 3380 1001 3422 HEINS.

337 3439 430 3499 694.
462 3444 565 3496 Quoe
584 3447 670 3486 cilo
676 3449 779 3499 post
795 3449 961 3498 septem,
978 3443 1026 3486 Si
1042 3451 1131 3486 tam

540 3327 611 3346 *em
614 3328 664 3348 me
647 3324 709 3348 ets
712 3319 797 3348 nstin
800 3329 935 3359 eamque
973 3323 1095 3359 logent-

1973 2045 2053 2088 700

1207 2197 1330 2241 tarde
1350 2197 1467 2241 bona
1480 2197 1550 2240 illa
1563 2195 1771 2249 veniunt,
1789 2203 1833 2237 et
1853 2201 1950 2250 post
1960 2193 2053 2235 lon-

1208 2281 1314 2321 gum
1334 2280 1462 2308 usum
1480 2296 1491 2318 ,
1512 2263 1652 2305 anilla
1673 2266 1756 2305 cilo
1770 2260 1925 2303 'venire
1939 2268 2056 2302 recte

1211 2330 1436 2384 dicantur,
1462 2328 1639 2373 videant
1663 2325 1911 2371 acutiores?
1942 2325 2055 2368 Mihi

1209 2412 1382 2453 semper
1408 2395 1478 2439 hic
1509 2411 1657 2438 versus
1685 2400 1914 2449 corruptus
1944 2391 2058 2434 visus

1210 2463 1308 2517 fuit,
1324 2462 1571 2517 necjuvant
1582 2459 1908 2504 codices.·Forte
1927 2473 1937 2500 :
1959 2459 2059 2511 Qua.-

1210 2530 1302 2571 πίει·
1320 2532 1424 2581 post
1449 2531 1605 2581 septem
1624 2541 1636 2567 :
1657 2533 1706 2567 ut
1735 2527 1844 2573 nisi,
1867 2537 1948 2579 pro
1976 2538 2058 2563 non

1211 2594 1307 2640 nisi,
1336 2589 1527 2647 positum
1540 2589 1607 2632 sit.
1621 2586 1735 2631 Vide
1751 2602 1847 2644 quae
1862 2585 2057 2629 Gronov.

1213 2653 1265 2696 ad
1288 2654 1380 2696 Liv.
1402 2667 1543 2696 xxx1v
1559 2685 1571 2707 ,
1599 2653 1661 2695 16.
1677 2652 1841 2694 Bunm.

1267 2718 1362 2776 698.
1391 2719 1551 2762 Nudos.
1573 2717 1659 2760 Sex
1679 2715 1868 2768 codices,
1886 2718 2057 2756 teneros.

1220 2787 1372 2827 Teucri
1389 2793 1538 2827 autem
1558 2782 1689 2840 pedes
1706 2782 1777 2824 hic
1792 2788 1895 2824 sunt
1911 2795 2059 2822 recen-

1212 2859 1276 2894 tes
1294 2869 1303 2902 ;
1319 2860 1368 2894 ut
1382 2850 1565 2894 dicimus
1581 2883 1593 2904 ,
1615 2866 1644 2892 a
1656 2852 1805 2892 tenente
1824 2861 2061 2889 assuescere

1211 2917 1382 2957 mullum
1398 2928 1414 2967 ,⁶
1441 2924 1485 2958 et
1507 2931 1532 2957 a
1552 2917 1702 2957 tenente
1722 2914 1960 2968 unguz‘cultlc
1974 2923 1990 2963 ,·
2018 2917 2063 2953 et

1210 2994 1304 3034 sup.
1322 2979 1405 3022 650
1423 2995 1433 3022 :
1453 2985 1568 3021 tener
1584 2994 1737 3021 ramus.
1759 2978 1925 3020 HEINS.

1270 3058 1363 3100 7⁰0·
1392 3044 1455 3085 Et
1475 3046 1620 3086 melior
1640 3044 1798 3097 Gorge,
1829 3055 1953 3096 quam
1983 3053 2063 3080 sua

1212 3116 1346 3153 mater
1356 3116 1456 3152 erat.
1474 3109 1634 3153 Althea
1647 3108 1734 3152 scil.
1755 3109 1972 3164 Nupserat
1988 3119 2063 3146 au-

1212 3184 1304 3219 tem
1342 3175 1489 3233 Gorge
1522 3172 1813 3219 Andraemoni
1838 3205 1849 3226 ,
1893 3187 1943 3214 ex
1974 3184 2060 3225 quo

1214 3239 1407 3298 Oxylum
1430 3238 1638 3295 suscepit,
1672 3252 1759 3293 quo
1782 3235 1891 3278 duce
1910 3267 1920 3288 ,
1956 3234 2062 3276 He-

1211 3307 1391 3351 raclides
1418 3306 1774 3362 Peloponnesum
1802 3316 2058 3357 recuperare

1212 3382 1506 3421 tentaverunt„
1521 3374 1705 3415 Pausan.
1719 3369 1853 3414 Phoc.
1869 3379 2059 3410 xxxv111.

1214 3440 1467 3497 Apollodor.
1488 3437 1741 3483 Bibliothec.
1764 3435 1834 3478 lib.
1850 3434 1869 3477 1
1888 3466 1899 3487 ‚
1922 3449 1958 3476 c.
1982 3433 2019 3473 8.
