2268 3776
572 363 963 422 AMORUM
1011 364 1060 418 Ι.
1103 361 1350 418 ELEG.
1402 363 1582 419 XIV.

1896 364 1968 418 65

193 488 309 549 Nec
340 498 523 546 tamen
551 496 671 544 ater
696 495 838 555 erat,
872 503 975 542 nec
1001 492 1118 540 erat
1146 491 1328 539 tamen
1358 501 1555 539 aureus
1584 475 1727 540 illis:

277 581 411 655 Sed,
444 578 695 665 quamvis
722 591 948 651 neuter,
979 576 1187 637 mixtus
1212 589 1447 659 uterque
1477 574 1645 637 color.
1925 608 1974 637 10

197 677 434 760 Qualem
463 676 677 739 clivosae
699 674 936 736 madidis
958 673 1019 734 in
1044 672 1284 735 vallibus
1314 672 1425 734 Idae

274 773 719 858 Arduaderepta
749 771 951 833 cortice
977 770 1172 832 cedrus
1190 769 1379 831 habet.

195 871 380 946 Adde,
414 870 566 955 quod
593 885 650 933 et
678 869 918 944 dociles»,
951 884 1006 931 et
1036 883 1258 931 centum
1285 866 1521 929 flexibus
1550 867 1691 950 apti,

277 971 353 1030 Et
378 968 483 1029 tibi
511 967 722 1029 nullius
752 991 916 1030 causa
944 966 1153 1027 doloris
1182 980 1354 1027 erant.

195 1065 327 1128 Non
353 1089 484 1127 acus
514 1065 766 1149 abrupit,
797 1089 913 1125 non
940 1063 1116 1126 vallus
1146 1063 1380 1148 pectinis
1411 1060 1539 1123 illos
1566 1086 1580 1122 ε
1934 1079 1982 1122 13

279 1163 546 1225 Ornatrix
577 1178 700 1224 tuto
731 1186 964 1246 corpore
994 1184 1211 1244 semper
1239 1174 1371 1222 erat.

196 1260 345 1321 Ante
373 1284 527 1322 meos
557 1259 751 1322 oculos
775 1283 919 1344 saepe
948 1273 1034 1321 est
1055 1273 1278 1333 ornata3
1306 1282 1408 1320 nec
1437 1279 1685 1340 unquam

252 1434 292 1478 9.
325 1419 416 1462 Nec
447 1423 588 1462 tamen
625 1422 723 1461 ater
750 1422 846 1461 em!
869 1424 950 1461 etc.
985 1416 1053 1460 Ita

198 1482 391 1543 Bathylli
409 1499 555 1528 comas
571 1482 806 1527 Anacreon
821 1482 942 1540 pingi
960 1481 1055 1526 vult

200 1547 455 1593 0d.xx1x:

337 1616 514 1676 Αιποιρᾶς
531 1616 650 1670 κόμας
667 1619 824 1663 ποίησον
838 1644 850 1668 ,

337 1682 401 1724 Τὰ
420 1684 490 1735 μὶν
505 1683 670 1733 ἔνδοθεν,
687 1684 893 1734 μελαίνας,

339 1745 404 1788 Τὰ
425 1742 462 1788 δ”
485 1745 519 1793 ἔς
539 1746 648 1806 ἄκρον
662 1775 673 1797 ,
699 1745 877 1795 ἧλιώσας.

201 1832 259 1843 —-
275 1811 369 1855 Nec
382 1813 479 1852 emt
494 1810 614 1851 color
622 1822 774 1850 aureus
786 1809 873 1850 illc.
896 1806 1056 1850 Putea·

202 1891 312 1920 neus
333 1883 378 1918 et
400 1872 578 1931 quidam
599 1872 693 1928 alii,
716 1889 846 1929 neque
865 1877 960 1916 erat
976 1877 1056 1915 ta-

201 1956 297 1985 men
311 1955 464 1983 aureus
482 1941 593 1982 ille:
612 1937 846 1993 nonnulli,
869 1954 947 1981 nec
965 1940 1062 1980 cml

201 2013 345 2054 tamen
357 2021 512 2050 aureus
529 2008 651 2050 illis:
671 2014 910 2062 utrumque
928 2005 1058 2049 bene.

261 2088 325 2117 10.
343 2074 609 2116 1111sm12rtus
627 2076 799 2129 uterque
814 2074 940 2116 color.
963 2069 1059 2126 Qui

202 2137 374 2182 medius
407 2137 586 2195 nigrum
624 2136 741 2181 inter
775 2145 821 2181 et
852 2136 1023 2180 fulvum
1043 2167 1056 2191 ,

203 2202 324 2260 quasi
355 2211 400 2247 et
429 2201 563 2246 rutilo
594 2201 832 2259 nigrescit:
863 2202 1059 2246 colorem

163 2264 166 2269 ’
203 2267 344 2313 nostri
362 2269 541 2312 cbdtat’n
558 2268 808 2311 nominant.

265 2349 327 2377 12.
355 2334 535 2390 De‘mplo
554 2337 719 2377 codice.
749 2335 936 2389 Dea-plo
956 2332 1060 2375 Pu-

203 2406 398 2442 teaneus.
432 2397 520 2442 Sed
544 2398 697 2455 optim.
731 2397 868 2441 Palat.
897 2400 1062 2441 directa

205 2467 375 2507 codice.
417 2462 538 2520 Lego
571 2462 706 2520 igitur
719 2494 731 2517 ‚
769 2464 942 2517 derepta
979 2470 1060 2505 etc.

205 2545 312 2573 nam
341 2528 505 2572 Nostro
537 2544 588 2572 ea
622 2544 705 2571 vox
738 2536 788 2571 ut
818 2528 1062 2584 plurimum

204 2593 423 2638 soeminini
455 2602 521 2637 est
554 2593 726 2651 generis
747 2625 760 2648 ‚
801 2592 856 2635 de
888 2608 974 2649 qua
1005 2592 1062 2636 ad

203 2657 506 2716 Metamorph.
533 2671 611 2714 lv,
652 2659 761 2717 375,
791 2656 974 2701 dicetur.
1000 2658 1062 2702 H.

205 2746 261 2757 —
293 2725 465 2768 Ceam.
504 2721 705 2766 cedrum
739 2723 786 2765 in
827 2722 905 2766 Ida
944 2722 1064 2766 nasci

204 2803 425 2846 nusquam
451 2787 552 2831 alibi
578 2787 676 2848 legi.
705 2787 876 2831 Marius
906 2787 960 2831 de
984 2787 1064 2831 Ida

210 2853 414 2900 Cretensi
427 2853 604 2898 videtur
620 2854 692 2898 hic
705 2854 910 2911 suspicari
927 2887 940 2908 ,
962 2853 1064 2910 quia

206 2918 378 2964 Plinius
399 2917 599 2963 Cedrum
619 2919 666 2962 in
684 2917 819 2963 Creta
839 2919 955 2963 nasci
977 2919 1064 2963 ait:

207 2985 285 3030 sed
304 3001 384 3043 per
400 2985 528 3030 Idam
540 3019 552 3041 ,
575 2985 829 3043 simpliciter
844 2986 1031 3042 positam
1047 3018 1061 3041 ‚
1079 2989 1088 2994 “

208 3053 301 3096 sere
307 3051 731 3112 semperPhrygium
740 3060 943 3097 montem
954 3052 1064 3097 Poe-

208 3124 266 3162 ιε
284 3115 544 3173 intelligunt.
567 3117 731 3162 Bmuu.

267 3181 331 3225 13.
351 3183 416 3224 Et
424 3183 597 3225 dociles.
614 3181 726 3226 Tres
741 3181 838 3225 libri
849 3214 862 3237 ‚
870 3181 1035 3237 faciles
1049 3198 1064 3225 .·

209 3245 300 3291 duo
311 3279 323 3301 ,
325 3246 513 3302 fragiles
523 3259 535 3287 :
547 3246 624 3290 sed
636 3246 745 3290 nihil
756 3255 893 3290 muta.
907 3245 1064 3291 Claud.

209 3310 266 3355 de
289 3311 419 3369 Rapt.
434 3326 489 3366 11,
506 3311 560 3354 30
581 3324 591 3351 ε
613 3313 824 3355 Indociles
842 3328 980 3355 emate
988 3328 1065 3356 co-

209 3393 323 3421 mas:
333 3374 378 3420 id
388 3386 453 3421 est
463 3393 615 3434 passas,
629 3393 808 3434 sparsas,
818 3393 914 3434 quae
923 3378 968 3420 in
978 3378 1065 3422 cin-

210 3444 364 3489 cinnos
385 3442 502 3487 flecti
519 3459 611 3486 non
633 3452 760 3486 erant
774 3443 974 3486 adsuetae.
998 3443 1065 3487 In.

270 3512 333 3554 15.
359 3512 457 3556 Non
477 3512 618 3554 vallus
630 3513 825 3565 pecte'm's.
848 3509 1001 3555 Suavis
1022 3518 1067 3554 et

441 3595 535 3651 II.

1134 1414 1309 1473 elegans
1332 1415 1594 1470 pen'phmsetr
1609 1445 1619 1462 ,
1642 1425 1724 1469 pro
1736 1414 1894 1467 pecten
1913 1409 1989 1467 ip-

1134 1497 1247 1525 sum.
1263 1481 1327 1524 Ut
1344 1480 1464 1523 enim
1481 1479 1526 1523 in
1542 1480 1656 1522 vallo
1670 1475 1792 1534 palus
1811 1476 1960 1534 palum
1974 1512 1988 1533 ,

1133 1546 1195 1590 sic
1218 1546 1264 1590 in
1297 1545 1479 1603 pectinis
1501 1543 1655 1588 ordine
1678 1542 1860 1586 dentem
1881 1542 1991 1586 deus

1133 1606 1425 1669 subsequitur.
1443 1634 1499 1644 —
1509 1613 1605 1656 Non
1619 1613 1779 1657 vallum
1792 1614 1991 1668 pectemzr.

1142 1678 1294 1721 Valles
1314 1676 1418 1735 legit
1438 1693 1490 1720 ex
1518 1677 1666 1721 codice
1700 1674 1995 1721 Arundelian.

1138 1742 1214 1798 qui
1228 1741 1498 1786 Pircltemeri
1512 1741 1618 1785 olim
1638 1743 1742 1790 suit,
1766 1741 1810 1784 in
1830 1741 1995 1785 Obser-

1137 1808 1383 1853 vationibus
1398 1808 1651 1853 Gronovius
1667 1827 1677 1860 ς
1695 1816 1796 1852 utet
1808 1808 1996 1852 Metam.

1137 1890 1227 1920 vlu
1242 1911 1252 1927 ,
1270 1877 1351 1920 286
1364 1889 1375 1917 ε
1390 1878 1593 1933 Slanlque
1608 1880 1725 1921 velut
1733 1878 1876 1921 vallus
1883 1881 1998 1920 sele.

1197 1941 1260 1986 16.
1294 1944 1499 1986 Ornatrix
1528 1947 1619 1986 tuto
1640 1958 1814 1999 corpore
1838 1958 2006 1998 semper

1137 2012 1242 2051 emt.
1274 2007 1438 2051 Notata
1457 2007 1541 2052 hoc
1563 2007 1750 2065 dignum
1776 2023 1881 2053 sane
1899 2041 1912 2061 ‚
1947 2008 1994 2051 in

1138 2072 1293 2130 puelle
1314 2072 1503 2117 laudem.
1532 2074 1635 2117 Non
1656 2074 1777 2117 enim
1799 2088 1900 2115 raro
1919 2088 1999 2115 ac·-

1137 2136 1333 2192 eidebat,
1355 2147 1405 2181 ut
1424 2139 1458 2182 si
1480 2138 1585 2195 quid
1607 2146 1806 2195 peccaret
1826 2137 1997 2181 cincin-

1138 2218 1223 2246 nus
1239 2202 1307 2246 vel
1328 2203 1516 2247 annulus
1531 2236 1544 2258 ‚
1566 2203 1682 2246 flecti
1699 2202 1897 2246 indocilis
1911 2234 1923 2256 ,
1948 2202 1994 2245 in

1139 2268 1345 2312 miseram
1361 2269 1628 2312 ornatricem
1646 2270 1798 2312 furens
1813 2267 1998 2311 domina

1141 2331 1482 2377 debaccharetur
1498 2352 1509 2387 3
1541 2343 1586 2377 et
1603 2366 1616 2388 ,
1646 2332 1827 2391 derepta
1859 2348 1995 2390 quam

1139 2400 1319 2445 tenebat
1358 2416 1437 2443 acu
1463 2433 1477 2455 ,
1528 2400 1660 2457 ipsius
1692 2415 1908 2444 mammas
1954 2408 2000 2443 et

1139 2464 1315 2509 brachia
1336 2475 1646 2524 pei-pungeret.
1680 2466 1797 2510 Rem
1819 2482 1968 2510 amare
1984 2501 1995 2520 ‚

1141 2539 1192 2574 ut
1202 2530 1328 2586 solet,
1343 2532 1373 2574 J
1376 2548 1446 2575 uv.
1460 2532 1664 2576 describit
1676 2565 1689 2587 ,
1704 2532 1796 2576 Sat.
1811 2546 1878 2588 v1,
1895 2535 1999 2593 490:

1140 2606 1294 2648 Disponit
1308 2607 1431 2638 crinem
1446 2631 1458 2646 ,
1478 2607 1627 2639 laceratis
1643 2607 1713 2649 ipsa
1728 2608 1857 2649 cupillis
1871 2632 1883 2647 ‚

1141 2672 1242 2705 Nuda
1262 2672 1416 2705 humeros
1436 2674 1552 2705 Psecas
1579 2674 1712 2715 infelix,
1738 2675 1903 2718 nudisque
1917 2686 1996 2705 mn-

1258 2735 1371 2767 millis.

1141 2799 1252 2833 Altior
1263 2800 1316 2833 hic
1333 2813 1436 2843 quare
1453 2802 1625 2835 cincinnus
1637 2803 1656 2834 ’ἶ
1681 2804 1809 2835 ‘raum
1823 2802 1922 2844 punit

1142 2862 1305 2894 Continuo
1317 2862 1393 2895 ssexi
1409 2864 1533 2895 crimen
1546 2863 1739 2906 facinusque
1751 2865 1874 2906 capilli.

1141 2924 1232 2966 Quid
1252 2926 1366 2956 Psecas
1393 2926 1526 2957 admisit
1538 2925 1557 2957 ?
1585 2936 1734 2968 quanam
1754 2932 1804 2958 est
1819 2925 1874 2958 hie
1897 2926 1993 2969 eulp-

1262 2986 1380 3028 puelloe
1390 3010 1402 3026 ,

1140 3051 1175 3083 Si
1192 3051 1251 3082 tibi
1266 3051 1437 3093 displicuit
1450 3062 1550 3083 nasus
1562 3052 1580 3083 ⁰?
1597 3058 1662 3084 etc.

1201 3135 1217 3161 1
1227 3136 1262 3174 7.
1283 3119 1401 3161 Ante
1417 3133 1534 3160 meos
1551 3120 1698 3161 oculos
1714 3134 1824 3174 soepe
1841 3125 1913 3162 est
1928 3135 1999 3162 or-

1141 3188 1259 3226 nata.
1290 3182 1438 3225 Etiam
1466 3182 1536 3225 hic
1557 3181 1607 3225 fit
1633 3183 1773 3226 subita
1796 3185 1996 3227 transitio

1141 3265 1168 3291 a
1197 3263 1383 3305 persona
1410 3247 1454 3290 in
1490 3263 1736 3304 personam.
1764 3249 1916 3305 Itaque
1945 3259 1997 3292 ut

1140 3314 1189 3356 in
1203 3313 1428 3370 superiore
1451 3312 1600 3371 Elegia
1616 3330 1763 3357 versus
1780 3314 1995 3370 quosdam

1143 3377 1366 3422 abundare
1388 3377 1573 3422 diximus
1592 3412 1604 3434 ,
1636 3379 1696 3422 ita
1715 3378 1785 3422 hic
1805 3380 1995 3436 reliquos

1143 3443 1391 3488 desiderare
1421 3444 1556 3500 possis
1582 3460 1594 3487 2
1616 3460 1722 3487 nam
1754 3444 1854 3488 alias
1882 3445 1995 3489 Ovi-

1143 3509 1326 3554 dianum
1341 3525 1435 3555 non
1456 3518 1536 3564 est,
1554 3518 1645 3555 tam
1658 3510 1803 3557 subito
1816 3519 1861 3557 ot
1873 3511 1995 3569 quasi

1707 3597 1729 3611 μ,

1696 3614 1726 3649 Ο
