2268 3776
624 307 1021 365 AMoRUM
1072 308 1121 361 1.
1172 306 1421 361 ELEG.
1470 306 1587 360 lx.
1915 305 1984 381 47

207 425 363 487 Mars
391 421 630 494 dubius,
661 443 762 480 nec
792 434 938 480 certa
963 421 1187 491 Venus3
1219 419 1457 500 victique
1487 434 1782 496 resurgunt
1807 442 1820 491 ;

291 521 563 601 Quosque
593 539 759 594 neges
788 538 1033 598 unquam
1059 537 1223 597 posse
1248 514 1424 595 jacere
1443 559 1457 586 ‚
1485 513 1704 573 cadunt.
1935 533 1987 574 30

210 620 362 697 Ergo
391 614 656 676 desidiam
681 613 1013 696 quicumque
1043 611 1258 672 vocavit
1287 633 1526 671 amorem
1544 656 1560 683 ‚

291 711 528 774 Desinat
551 735 562 770 :
590 709 797 789 ingenii
824 723 909 769 est
937 706 1268 790 experientis
1291 728 1461 766 amor.

211 808 388 872 Ardet
418 808 477 868 in
505 806 741 868 abducta
769 805 1018 866 Brise‘ide
1047 827 1281 883 magnus
1311 799 1557 863 Achilles
1580 825 1594 863 τ

293 905 445 966 Dum
472 901 627 976 licet,
658 900 949 981 Argolicas
978 899 1243 979 frangite,
1273 900 1476 970 Troes,
1506 919 1654 981 opes,

213 1001 428 1061 Hector
458 997 527 1060 ab
565 995 980 1058 Andromaches
1011 994 1393 1079 complexibus
1423 994 1542 1054 ibat
1571 993 1630 1052 in
1659 1014 1833 1067 arma;
1939 1011 1993 1053 35

294 1097 394 1168 Et,
429 1093 634 1174 galeam
664 1093 831 1176 capiti
863 1116 983 1176 quae
1011 1092 1193 1164 daret,
1225 1115 1368 1152 uxor
1396 1105 1527 1153 erat.

215 1192 442 1253 Summa
472 1189 673 1251 ducum
700 1189 951 1262 Atrides,
982 1189 1097 1250 visa
1127 1188 1459 1262 Priameide,
1491 1186 1667 1248 fertur

295 1285 566 1348 Maenadis
593 1284 784 1349 effusis
817 1285 1177 1369 obstupuisse
1209 1286 1400 1346 comis.

217 1384 371 1445 Mars
400 1406 623 1467 quoque
656 1381 959 1464 deprensus
987 1382 1206 1443 fabrilia
1231 1381 1449 1443 vincula
1479 1382 1688 1445 sensit:

299 1479 507 1541 Notior
533 1479 593 1538 in
621 1477 754 1539 caelo
784 1477 975 1538 sabula
1002 1477 1154 1538 nulla
1183 1479 1305 1538 fuit.
1948 1494 2001 1550 4ο

216 1578 345 1661 Ipse
370 1601 475 1656 ego
500 1575 685 1656 segnis
716 1599 892 1648 eram,
926 1575 1299 1659 discinctaque
1328 1576 1388 1636 in
1417 1577 1530 1637 otia
1559 1590 1722 1637 natus
1747 1599 1762 1636 ε

276 1766 341 1810 29·
356 1749 476 1793 Mars
491 1750 663 1801 dubius,
683 1762 760 1792 nec
776 1753 893 1792 certa
914 1749 1066 1792 Venus.

222 1814 396 1872 Anceps
422 1814 628 1871 utrinque
657 1814 795 1857 exitus
818 1826 828 1853 ε
859 1814 1067 1870 utrinque

219 1878 341 1923 enim
369 1878 615 1923 obsidiones
637 1911 650 1935 ,
681 1879 834 1937 vigiliae
854 1912 866 1934 ,
902 1887 1068 1923 strata-

218 1953 420 2001 gemata,
441 1943 586 2000 praelia
599 1959 965 2001 nonnumquam;
986 1960 1068 1989 nec

219 2018 391 2054 certum
410 2009 510 2055 satis
531 2009 605 2053 ubi
626 2010 805 2054 victoria
824 2012 1005 2056 steterit.

274 2074 342 2119 30.
363 2078 498 2120 Posse
499 2076 673 2132 jacere,
698 2078 868 2119 cadunt.
884 2078 1066 2129 lacent,

220 2148 314 2183 non
340 2139 572 2185 invenusta
599 2141 874 2198 repetitione.
902 2142 1070 2186 Hssms.

245 2198 248 2203 ¹
275 2205 342 2248 32.
360 2206 559 2250 Desinat.
573 2205 742 2250 Marius
762 2206 897 2250 refert
918 2206 971 2249 ad
992 2206 1071 2249 ali-

223 2287 355 2329 quem
369 2304 381 2328 ,
403 2273 478 2330 qui
498 2282 727 2316 vocaverat
742 2288 940 2316 amorem
957 2272 1078 2316 desi-

223 2335 368 2390 diam;
397 2337 473 2382 sed
501 2338 667 2382 acutius
698 2337 851 2382 vidisse
875 2338 1072 2381 Marium
1096 2364 1099 2366 -

223 2400 453 2446 credimus.
475 2401 584 2446 Haec
605 2402 726 2446 enim
747 2402 897 2460 Elegia
916 2403 1073 2460 scripta

226 2464 400 2510 videtur
418 2465 518 2510 ideo
539 2466 592 2510 ad
610 2466 806 2510 Atticum
820 2501 832 2522 ,
857 2468 958 2524 quia
977 2468 1046 2511 ille
1059 2500 1072 2522 ‚

225 2540 402 2576 auctore
414 2531 621 2588 quodam,
637 2548 798 2590 magno
809 2533 923 2576 sorte
933 2542 977 2576 et
988 2533 1075 2576 lau-

227 2597 356 2641 dabili
387 2598 482 2642 viro
509 2631 521 2654 ,
561 2614 758 2642 amorem
789 2598 1076 2642 calumniatus

227 2670 321 2705 erat
340 2678 350 2706 t
372 2662 424 2706 ab
446 2662 526 2707 hac
544 2663 759 2707 sententia
777 2663 974 2707 Atticum
997 2663 1078 2706 de-

227 2726 386 2772 ducere
398 2737 584 2772 conatur
596 2730 754 2780 Poeta,
780 2737 825 2772 et
838 2727 937 2771 ideo
952 2728 1076 2770 initio

227 2791 333 2836 dixit
346 2825 359 2848 ‚
379 2795 501 2836 crede
520 2796 646 2845 mihi,
668 2809 762 2837 non
778 2792 862 2849 illi,
884 2793 1008 2849 cujus
1029 2801 1078 2836 tu

228 2857 532 2902 auctoritatem
551 2858 758 2915 sequeris.

283 2921 350 2965 33.
377 2924 777 2985 Muenna-Masius
789 2958 799 2975 ,
825 2925 1079 2968 Puteaneus

232 2984 388 3042 aliique
403 2987 552 3031 multi:
568 2987 746 3044 quidam
758 2989 930 3044 ,fortan
945 2984 1079 3031 etiam

229 3050 357 3094 bene.
376 3051 543 3096 Hnms.
561 3052 696 3110 Epist.
716 3067 773 3096 111
787 3085 800 3109 ,
827 3053 900 3111 ¹37
922 3068 933 3096 ε

230 3122 369 3164 Respice
386 3121 557 3154 scilicit-m
570 3124 719 3155 Briseida
728 3125 850 3168 ‚sortis
866 3123 1009 3156 Achille.

234 3182 388 3238 Quem
386 3182 669 3238 fhrlttrsimum
676 3193 800 3228 vocat
810 3184 887 3228 ead
893 3201 965 3228 em
977 3186 1082 3242 epis-

210 3274 212 3278 ·
232 3247 336 3304 tola,
347 3263 456 3291 vers.
468 3261 536 3290 111.
549 3247 622 3292 sic
634 3249 705 3292 lib.
722 3263 776 3303 11,
791 3249 945 3293 Amor.
961 3250 1081 3309 Eleg.

234 3328 320 3359 vm
334 3348 347 3371 ‚
369 3331 409 3359 v.
437 3315 486 3358 13
501 3348 513 3370 ,
537 3314 715 3371 quidam
734 3315 904 3360 codices
924 3332 935 3360 :

235 3383 307 3417 Nee
322 3394 396 3415 sum
410 3384 582 3415 Tantalide
591 3407 602 3423 ‚
618 3384 770 3427 necfhrti
783 3385 888 3425 major
899 3385 1041 3417 Achil-le.

240 3476 248 3483 .
293 3443 360 3499 34.
382 3444 497 3489 Dum
512 3447 635 3498 licet,
656 3446 894 3502 Argolicas.
917 3447 1086 3503 Argoos

1146 1751 1414 1805 pateamus,
1436 1757 1482 1795 et
1496 1758 1686 1808 quatuor
1702 1748 1771 1792 alii
1785 1763 1885 1793 cum
1907 1747 2001 1792 Ju-

1147 1816 1229 1859 reti
1251 1816 1459 1874 excerptis
1487 1831 1497 1859 z
1527 1814 1643 1873 quod
1664 1823 1728 1858 est
1749 1815 2000 1870 Argolicas,

1149 1880 1375 1938 quomodo
1415 1880 1728 1938 Neapolitanus
1764 1895 1812 1923 ae
1848 1879 2004 1923 Sarra-

1148 1945 1302 1989 viamus
1324 1961 1425 1989 cum
1448 1945 1584 1990 tribus
1612 1945 1714 1989 aliis.
1740 1945 1908 1988 Hzms.

1205 2011 1272 2054 35.
1302 2013 1467 2055 Hector
1490 2014 1546 2054 ab
1576 2011 1898 2054 Andromaches
1923 2016 2004 2051 etc.

1152 2075 1274 2120 Iliad.
1293 2086 1321 2121 z
1340 2110 1351 2131 ,
1375 2078 1454 2135 407
1472 2110 1484 2131 ,
1508 2092 1599 2133 sqq.
1624 2075 1719 2133 Qui
1740 2076 1881 2130 locus,
1907 2074 2007 2118 licet

1150 2142 1279 2186 toties
1307 2141 1520 2185 adductus
1535 2174 1547 2196 ‚
1576 2157 1690 2184 nova
1709 2157 1884 2198 semper
1902 2155 2004 2183 cum

1151 2208 1373 2265 voluptate
1384 2218 1627 2252 revocatur.
1639 2230 1694 2240 —
1707 2210 1806 2251 Iba!
1814 2214 1859 2251 in
1872 2224 2005 2250 arma.

1152 2274 1359 2317 Adama
1376 2274 1627 2318 Puteaneus
1639 2307 1651 2329 ,
1670 2274 1836 2317 Douzae
1846 2282 1891 2317 et
1908 2282 2007 2317 octo

1154 2340 1224 2383 alii
1244 2353 1254 2379 :
1276 2340 1403 2383 male.

1212 2403 1277 2461 37.
1308 2406 1477 2447 Summa
1498 2406 1647 2448 ducum
1669 2405 1858 2448 Atnves.
1890 2404 2010 2461 Aga-

1155 2485 1369 2513 memnon
1389 2502 1401 2524 ,
1446 2469 1520 2527 qui
1548 2470 1668 2527 prior
1696 2469 1814 2512 inter
1845 2470 2010 2527 primos

1156 2535 1287 2579 duces
1301 2535 1567 2593 Argivorum
1584 2567 1595 2589 ,
1612 2537 1830 2590 obstupuit
1840 2569 1850 2585 ,
1868 2536 2009 2578 forma

1160 2599 1414 2644 Cassandrae
1432 2609 1581 2657 eaptus
1593 2634 1602 2650 ,
1627 2599 1726 2643 licet
1746 2604 1878 2643 comis
1895 2600 2013 2656 essu-

1155 2670 1219 2709 sis
1233 2699 1243 2715 ,
1274 2673 1318 2708 et
1332 2664 1583 2708 inordinato
1596 2664 1742 2718 vultu,
1769 2665 2013 2708 vaticinan-

1157 2730 1269 2773 tium
1290 2745 1428 2773 more.
1449 2753 1504 2763 -
1526 2730 1691 2772 Menas
1703 2745 1878 2786 quoque
1898 2729 2013 2773 dicta

1162 2793 1409 2839 Cassandra
1429 2827 1441 2849 ,
1465 2811 1489 2837 a
1510 2795 1712 2852 Propert.
1736 2808 1794 2836 111
1808 2828 1820 2849 ‚
1845 2794 1912 2836 El.
1933 2808 2012 2847 x1;

1159 2870 1204 2905 et
1223 2877 1247 2904 a
1265 2861 1432 2904 Seneca
1448 2893 1460 2915 ,
1485 2860 1639 2917 Agam.
1663 2862 1754 2917 715.
1772 2883 1827 2893 —-
1845 2862 2015 2903 Summa

1159 2930 1322 2970 ducum.
1345 2926 1458 2969 Tan.
1475 2927 1580 2969 Fab.
1603 2925 1656 2968 ad
1673 2925 1846 2969 Lucret.
1867 2941 1884 2969 1
1897 2959 1910 2981 ‚
1933 2927 1984 2984 87
2001 2961 2013 2981 ,

1162 2991 1329 3035 dictum
1345 2991 1438 3034 vult
1454 2991 1695 3034 imitatione
1712 2991 1927 3046 Lucretii,
1944 2993 2014 3035 cui

1163 3057 1474 3113 Agamemnon
1497 3065 1561 3099 est
1573 3062 1713 3111 prima
1733 3061 1913 3100 ve‘mrum
1932 3074 1945 3100 .·
1966 3066 2015 3100 ut

1163 3121 1400 3179 Sophocles
1431 3121 1564 3163 etiam
1597 3121 1643 3163 in
1685 3121 1869 3165 Philoct.
1910 3121 2016 3164 dixit

1164 3197 1291 3249 πρῶτοι
1307 3177 1525 3240 Α’θηναίων,
1549 3201 1630 3243 pro
1649 3187 1843 3243 principe
1865 3186 2018 3230 Athe-

1164 3253 1398 3296 niensium.
1422 3252 1586 3296 Bmuu.

1220 3320 1285 3372 41.
1306 3319 1613 3374 Dioeinctaque
1625 3321 1670 3361 in
1684 3323 1776 3361 otia
1788 3323 1930 3362 nulus.
1945 3318 2017 3362 Ad

1167 3382 1303 3425 vitam
1330 3381 1592 3426 molliorem.
1623 3386 1847 3427 Discincti
1867 3385 1987 3428 enim
2005 3418 2016 3439 ,

1169 3448 1244 3504 qui
1265 3448 1481 3505 tunicam,
1505 3464 1595 3506 prae
1616 3448 1778 3493 desidia
1798 3458 1842 3494 et
1866 3449 2019 3492 molli-
