2268 3776
232 308 339 361 388

704 307 769 358 P.
824 304 1130 359 OVIDII
1172 304 1556 362 NASONIS

229 422 354 482 Etsi
384 421 562 503 turpis
585 420 719 492 eris,
748 420 993 481 formosa
1019 422 1274 482 videbere
1301 423 1452 505 potis
1475 448 1488 496 ;

309 521 385 579 Et
408 517 648 577 latebras
677 516 826 577 vitiis
855 541 969 577 nox
999 517 1156 578 dabit
1184 519 1306 600 ipsa
1338 520 1465 579 tuis.

232 619 408 699 Carpe
440 615 595 674 cibos
626 613 842 693 digitis:
869 629 952 675 est
980 614 1243 697 quiddam
1272 629 1458 694 gestus
1485 614 1715 687 edendi3

1922 634 2006 690 755
2046 643 2050 649 '

314 713 431 772 Ora
459 734 559 770 nec
587 710 870 771 immunda
900 726 1017 770 tota
1042 734 1288 793 perunge
1314 734 1497 770 manU.

227 811 376 871 Neve
408 807 557 868 domi
581 831 847 890 praesume
879 807 1083 891 dapes:
1116 822 1170 867 et
1201 806 1420 879 des'ine,
1452 807 1588 867 citra

313 906 498 986 Quam
525 906 706 988 capies
735 905 933 989 pau10‚
965 929 1131 989 quam
1159 921 1322 989 potes
1345 929 1492 978 esse,
1522 905 1722 966 minus,

226 1009 530 1070 Priamides
560 1007 812 1069 Helenen
842 1008 996 1069 avide
1027 1008 1074 1068 si
1101 1022 1314 1091 spectet
1341 1008 1592 1068 edentem
1611 1054 1626 1080 ‚

311 1113 537 1186 Oderit;
569 1128 624 1173 et
652 1113 827 1186 dicat,
854 1112 1024 1173 stulta
1051 1113 1246 1196 rapina
1270 1137 1392 1174 mea
1420 1114 1536 1173 est!

1932 1133 2015 1189 760

231 1216 437 1300 Aptius
467 1231 576 1289 est,
607 1216 904 1298 deceatque
935 1215 1112 1294 magis
1141 1230 1336 1298 potare
1365 1215 1607 1299 puellas:

314 1321 455 1381 Cum
483 1321 715 1380 Veneris
742 1343 917 1402 puero
947 1343 1065 1379 non
1094 1318 1235 1380 male
1253 1367 1267 1392 ‚
1297 1319 1511 1380 Bacche
1529 1366 1543 1392 ,
1567 1318 1723 1379 facis.'

229 1426 353 1484 Hoc
377 1447 602 1507 quoque
615 1470 628 1496 ‚
658 1447 767 1506 qua
784 1423 1000 1506 patiens
1020 1437 1187 1507 caput
1207 1437 1316 1495 est,
1344 1423 1669 1506 animusque
1688 1421 1966 1506 pedesque

311 1528 587 1588 Constent
612 1551 625 1586 t
649 1549 780 1599 nec,
816 1550 937 1609 quae
966 1526 1079 1586 sint
1109 1525 1359 1604 singula,
1385 1525 1520 1586 bina
1547 1525 1688 1587 vide.

230 1633 418 1714 Turpe
444 1630 629 1712 jacens
658 1629 880 1702 mulier,
907 1629 1086 1690 multo
1114 1628 1418 1690 madefacta
1446 1631 1645 1712 Lyae03

1935 1645 2016 1703 765

312 1734 607 1816 Dignaque
636 1733 969 1794 concubitus
1001 1732 1286 1817 quoslibet
1311 1731 1406 1792 illa
1435 1732 1569 1816 pati.

229 1837 346 1898 Nec
376 1836 588 1897 somnis
616 1836 802 1920 posita
824 1851 1009 1896 tutum
1040 1836 1399 1897 succumbere
1430 1858 1651 1896 mensa:

292 2009 383 2067 753.
404 2010 467 2051 El
482 2011 528 2050 si
541 2010 672 2063 turpis
685 2011 781 2050 eris.
792 2007 920 2065 ,Lege
937 2040 948 2062 ,
971 2009 1081 2051 Etsi.

291 2076 383 2130 755.
397 2074 653 2129 Estquidam
664 2078 806 2128 geslus
819 2075 977 2116 edendi.
992 2072 1084 2116 Diu

235 2147 300 2182 est
332 2136 452 2195 quod
479 2136 569 2179 vidi
595 2139 794 2193 quiddam
822 2138 978 2193 reponi
1006 2137 1085 2180 de-

236 2205 340 2248 bere
356 2220 365 2247 ε
387 2202 506 2260 quod
524 2203 666 2259 prima
680 2203 813 2247 editio
826 2202 1058 2247 confirmat
1071 2236 1083 2258 ,

236 2280 280 2315 et
300 2286 415 2314 unus
437 2269 689 2313 Vaticanus.

292 2335 383 2394 756.
424 2335 532 2376 Tota
553 2350 745 2390 perunge.
785 2337 920 2378 Tacta
953 2335 1088 2378 Bern.

232 2415 310 2441 ora
312 2414 393 2453 per
402 2401 618 2440 immunda
637 2397 667 2441 J
670 2398 763 2441 unii
786 2411 796 2439 ε
813 2416 890 2442 nec
899 2403 1088 2455 indigna,

239 2462 556 2506 Ambrosianus
581 2461 702 2505 alter.

295 2531 387 2585 757.
425 2529 536 2571 Neve
571 2530 688 2569 domi
714 2544 918 2583 pra-sume
948 2531 1091 2585 dapes.

242 2592 383 2635 Locus
403 2592 760 2648 perplexissimus.
779 2595 975 2637 Vetustae
991 2594 1093 2636 edit.

239 2659 352 2700 Neve
363 2659 447 2699 diu.
466 2656 751 2700 Sarravianus
763 2666 806 2700 et
815 2668 983 2715 septem
999 2658 1066 2700 alii
1080 2690 1091 2712 ,

241 2725 354 2767 Neve
376 2726 514 2765 nimis.
545 2721 634 2766 Sed
662 2738 742 2779 pro
776 2723 947 2779 vulgata
978 2732 1094 2766 stant

241 2787 500 2832 vetustiores
538 2787 637 2830 libri
660 2800 670 2827 τ
711 2780 755 2831 et
788 2797 904 2830 recte
946 2788 1096 2830 omnia

243 2854 522 2907 constabunt,
542 2852 576 2896 si
593 2868 689 2909 pro,
707 2855 786 2895 sed
796 2856 949 2904 desine,
967 2859 1010 2895 el
1020 2855 1096 2895 de—

244 2925 338 2963 sine
350 2935 556 2976 reponas:
571 2928 615 2962 et
625 2920 826 2975 sequenti
843 2936 969 2962 versu
986 2934 1066 2975 pro
1081 2953 1092 2970 ,

245 2990 414 3040 cupias,
452 2990 622 3039 capies,
659 2993 709 3027 ut
735 2984 781 3026 in
804 2985 943 3042 Regio
963 2993 1027 3027 est
1053 2993 1098 3027 et

245 3050 336 3093 aliis
347 3058 546 3105 quatuor.
560 3049 709 3103 Multi,
723 3054 884 3104 cupz'e&
901 3050 1096 3106 proxime

246 3133 414 3159 verum.
443 3119 710 3166 Proesumere,
740 3115 962 3171 quomodo
983 3115 1098 3173 apud

248 3183 444 3226 Plinium
463 3195 620 3236 xxxvl,
643 3199 733 3238 cap.
752 3184 802 3237 42
819 3199 827 3225 :
845 3184 1100 3238 Theophras·

247 3254 314 3290 lus
340 3253 489 3290 auctor
507 3252 574 3289 esl
584 3280 596 3301 ,
624 3253 793 3301 potores
815 3252 860 3289 in
880 3253 1102 3291 cerlamine

248 3315 1099 3370 bl'bendipraesumerefuriuampumt'cum-

249 3377 411 3434 Tangit
421 3387 465 3422 et
478 3379 657 3421 damnat
673 3395 843 3422 morem
856 3382 1101 3437 puellarum

250 3444 569 3501 quarumdam,
600 3460 696 3501 quae
722 3445 842 3493 domi
870 3463 1102 3501 praesume-

1166 2011 1271 2051 bant
1277 2007 1427 2064 dapes,
1440 2016 1490 2050 ut
1500 2007 1542 2050 in
1559 2005 1760 2051 convivio
1774 2022 1797 2049 a
1808 2006 1913 2049 cibis
1923 2007 2021 2049 abs-

1167 2073 1362 2116 tinerent
1379 2103 1391 2126 ,
1406 2071 1525 2128 quod
1543 2087 1665 2114 nunc
1678 2071 1827 2114 multae
1843 2071 2021 2115 faciunt.

1225 2155 1244 2194 7
1252 2138 1315 2180 58.
1331 2139 1464 2191 Quam
1477 2139 1754 2192 capiespaulo
1763 2145 1843 2179 etc.
1858 2134 2021 2192 Sensus

1169 2211 1234 2246 est
1255 2219 1264 2246 :
1288 2202 1460 2246 desines
1493 2205 1509 2258 (
1527 2202 1658 2246 edere
1678 2200 1867 2258 scilicet)
1885 2206 2013 2253 citra,

1170 2269 1428 2326 priusquam
1448 2269 1612 2326 ceperis
1631 2302 1642 2322 ‚
1665 2277 1879 2326 quantum
1891 2269 2025 2325 possis

1171 2350 1319 2390 capere
1338 2351 1350 2377 .·
1371 2335 1562 2378 frenabis
1580 2333 1840 2391 adpetitum,
1859 2349 1915 2376 ne
1931 2334 2025 2390 plus

1171 2415 1263 2442 esse
1277 2399 1461 2443 videaris
1475 2432 1487 2455 ,
1506 2415 1639 2456 quam
1652 2398 1843 2456 puellam
1863 2397 2026 2442 deceat.

1232 2466 1322 2525 763.
1350 2468 1448 2509 Hoc
1466 2482 1642 2523 quoque,
1674 2482 1755 2521 qua
1763 2470 1932 2519 patiens
1950 2481 2028 2508 ca-

1167 2537 1249 2587 put
1260 2540 1338 2574 etc.
1355 2531 1450 2576 Nec
1470 2530 1564 2588 plus
1582 2531 1717 2584 bibas,
1740 2545 1873 2586 quam
1892 2530 2026 2584 ferre,

1167 2602 1276 2653 pati,
1295 2605 1438 2654 potest
1449 2604 1578 2653 caput
1592 2614 1601 2648 ;
1618 2596 1677 2639 ita
1691 2603 1739 2638 ut
1753 2595 1939 2649 animus,
1956 2610 2027 2651 pe-

1176 2663 1339 2720 desque
1369 2668 1561 2706 conslent
1573 2675 1588 2715 ‚⁸
1625 2671 1669 2705 et
1697 2677 1793 2718 quae
1812 2669 1916 2704 sunt
1934 2664 2028 2702 sin-

1171 2733 1277 2784 gula
1292 2763 1302 2780 ‚
1323 2745 1417 2771 non
1439 2732 1539 2771 bina
1555 2728 1631 2771 tibi
1648 2761 1660 2782 ‚
1682 2736 1732 2769 ut
1748 2726 2001 2769 temulentae
2013 2759 2026 2781 ‚

1175 2795 1421 2838 videantur.
1444 2795 1606 2836 Monet
1620 2793 1803 2849 juvenes
1823 2807 1996 2848 quoque
2014 2825 2026 2847 ,

1175 2860 1247 2903 lib.
1271 2861 1316 2914 Ι,
1345 2860 1449 2917 567,
1480 2875 1572 2914 sqq.
1606 2866 1654 2900 ut
1683 2856 1906 2901 Bacchum
1941 2873 2029 2914 pa·-

1177 2934 1293 2968 trem
1310 2958 1321 2978 ,
1345 2933 1389 2966 et
1407 2930 1612 2966 nocturna
1630 2939 1757 2965 sacra
1776 2931 2027 2979 precentur,

1177 3008 1230 3033 ne
1239 2992 1421 3044 jubeant
1438 2994 1578 3045 capiti
1589 3005 1733 3031 nocere
1752 2993 1866 3031 vina.

1237 3057 1327 3113 765.
1368 3058 1503 3111 Turpe
1526 3056 1685 3111 jacens
1719 3059 1876 3098 mulier.
1905 3057 2036 3099 Jacet

1181 3121 1354 3179 Aprosii
1376 3131 1417 3164 et
1441 3121 1642 3164 Mentelii
1663 3120 1808 3177 prior;
1831 3120 1905 3164 sed
1928 3138 2033 3177 per-

1182 3203 1336 3245 peram
1366 3200 1376 3226 :
1407 3187 1561 3239 jacens
1599 3185 1775 3242 proprie
1810 3185 1864 3229 de
1899 3187 2039 3228 ebria„

1181 3255 1327 3294 Varro
1341 3251 1454 3308 apud
1478 3251 1681 3294 Servium
1695 3284 1706 3305 ‚
1731 3250 1784 3293 ad
1804 3251 1925 3307 Virg.
1946 3251 2029 3301 III,

1183 3317 1361 3361 AEneid.
1382 3318 1458 3360 631
1485 3331 1494 3356 ε
1514 3321 1560 3359 in
1579 3320 1689 3359 lecto
1709 3319 1951 3360 temulentos
1953 3316 2033 3371 ja-

1183 3398 1272 3424 cere
1292 3416 1301 3429 ,
1338 3384 1502 3424 sobrios
1531 3383 1682 3423 cubare
1700 3414 1710 3432 ‚
1752 3395 2030 3423 consuescere.

1185 3447 1299 3491 Vide
1323 3447 1375 3490 ad
1399 3446 1598 3491 Petronii
1618 3462 1710 3503 cap.
1734 3459 1845 3489 xxn.
