2268 3776
207 291 280 309 νυνὶ

1590 286 1898 307 mmm
1902 289 1979 307 §m

504 454 599 540 P.
670 449 1088 539 OVIDII
1146 448 1686 537 NASONIS

321 664 821 775 ARTIS
925 661 1872 822 AMATORIAE

653 902 967 994 LIBER
1025 901 1510 986 TERTIUS.

210 1138 414 1227 ARMA
446 1165 571 1227 dedi
601 1164 809 1226 Danais
839 1163 897 1223 in
924 1165 1237 1224 Amazonas
1262 1187 1275 1223 τ
1306 1186 1453 1224 arma
1481 1182 1808 1247 supersunt,

287 1263 426 1344 Quae
452 1262 556 1322 tibi
587 1262 742 1335 dem,
770 1276 825 1323 et
851 1261 1054 1333 turbae,
1080 1259 1458 1333 Penthesilea,
1491 1276 1612 1322 tuae.

202 1361 285 1421 Ite
315 1359 374 1419 in
398 1357 543 1419 bella
572 1381 730 1441 pares
755 1382 767 1418 :
793 1357 1044 1428 vincant,
1077 1357 1283 1440 quibus
1306 1356 1447 1418 alma
1473 1358 1656 1420 Dione

286 1456 530 1528 Faverit,
561 1469 646 1528 et,
675 1469 796 1515 toto
829 1454 925 1538 qui
954 1453 1105 1514 volat
1135 1455 1299 1527 orbe,
1329 1478 1483 1539 puer.

206 1556 337 1615 Non
366 1568 482 1615 erat
507 1552 728 1614 armatis
757 1575 975 1635 aequum
1003 1575 1329 1613 concurrere
1361 1552 1573 1613 nudas:
1962 1574 1987 1614 5

287 1651 378 1711 Sic
405 1650 567 1712 etiam
596 1649 758 1711 vobis
782 1649 997 1710 vincere
1028 1664 1188 1733 turpe
1209 1696 1224 1722 ,
1253 1649 1374 1709 viri.

207 1745 425 1808 Dixerit
453 1770 481 1807 e
509 1743 700 1806 multis
731 1744 932 1828 aliquis
958 1769 970 1805 :
997 1744 1133 1827 quid
1159 1744 1309 1804 virus
1337 1744 1396 1803 in
1425 1767 1660 1822 anguem

286 1843 542 1926 Adjicis?
568 1857 623 1903 et
646 1842 853 1919 rabidae
886 1841 1055 1902 tradis
1087 1840 1228 1902 ovile
1260 1840 1449 1924 lupae?
1499 1888 1502 1892 .

204 1939 415 2001 Parcite
441 1963 739 2024 paucarum
769 1938 1080 2001 diffundere
1110 1939 1318 2001 crimen
1346 1939 1406 1998 in
1435 1959 1642 1997 omnes.

262 2132 279 2159 1
287 2148 296 2159 .
305 2116 351 2160 A
351 2131 442 2159 rma
451 2118 727 2162 dediDanais
738 2121 783 2161 in
792 2118 1053 2161 Amazonas.

206 2182 341 2226 Recte
366 2182 544 2240 quidem
564 2186 760 2228 Danais:
779 2200 917 2240 quum
932 2184 1053 2227 enim

207 2246 453 2291 Amazones
467 2248 519 2291 ab
534 2248 726 2292 Hercule
741 2248 969 2292 etTheseo
980 2264 1054 2292 na-

205 2310 302 2354 tivis
321 2310 366 2354 in
377 2311 550 2355 sedibus
563 2313 676 2355 bello
696 2312 896 2369 adpetitae
913 2322 958 2356 et
971 2313 1055 2357 vic·

208 2385 263 2420 ¹ae
274 2387 432 2432 essent,
442 2378 606 2421 bellum
616 2379 778 2423 Graecis
794 2379 1052 2434 intulerunt,

210 2442 463 2486 transmisso
481 2443 641 2487 scilicet
665 2444 893 2502 Bosphoro
918 2443 1055 2487 Cim-

207 2508 377 2562 merio;
399 2509 590 2567 indeque
612 2527 691 2567 per
704 2511 939 2555 Thraciam
960 2513 1056 2555 Eu-

205 2591 397 2633 ropaeam
413 2610 426 2632 ‚
447 2577 756 2622 Macedoniam
788 2596 836 2623 ac
857 2579 1054 2624 Thessa—

205 2639 309 2685 liam
324 2675 336 2694 ,
372 2641 539 2686 aditum
575 2642 655 2686 sibi
697 2653 964 2700 aperuerunt
999 2644 1053 2687 ad

206 2704 343 2762 ipsam
368 2706 707 2750 Atheniensium
728 2724 896 2762 arcem,
920 2724 1053 2765 quam

209 2771 459 2830 aliquandiu
479 2782 732 2817 tenuerunt.
758 2774 929 2818 Tamen
950 2774 1054 2819 hinc

208 2838 339 2894 pulsae
352 2849 454 2884 sunt
473 2857 497 2884 a
517 2840 689 2884 Theseo
704 2874 715 2895 ,
736 2850 786 2884 ut
802 2842 989 2898 probant
1003 2842 1052 2886 iis

207 2902 254 2944 in
272 2902 372 2947 locis
391 2905 528 2948 multa
546 2914 641 2949 tum
658 2906 817 2950 Thesei
835 2907 1024 2951 victoriae
1036 2940 1049 2963 ,

207 2976 303 3011 tum
314 2969 444 3015 cladis
454 2971 730 3016 Amazonum
742 2990 985 3018 monumen
991 2985 1048 3028 ta;

208 3048 445 3090 earumque
481 3036 673 3093 reliquia:
703 3039 818 3082 intra
849 3040 1051 3097 pristinos

210 3096 380 3141 Pontici
402 3098 537 3144 litoris
557 3101 666 3146 fines
679 3119 904 3148 servavere
926 3104 1052 3148 dein-

207 3176 307 3219 ceps
315 3162 503 3206 sormam
515 3163 702 3222 aliquam
714 3167 902 3225 imperii,
914 3184 1051 3225 usque

209 3223 262 3267 ad
283 3224 467 3282 Troiani
489 3228 587 3272 belli
607 3238 817 3288 tempora.
836 3231 1022 3290 (Ruaeus
1037 3265 1050 3288 ,

209 3288 263 3332 ad
286 3290 407 3347 Virg.
429 3290 603 3336 AEueid.
623 3296 711 3350 XI,
731 3297 847 3356 659.)

264 3371 301 3400 2.
329 3357 430 3409 Quoe
445 3359 624 3401 {ibidem
637 3392 648 3411 ,
665 3366 710 3403 el
728 3365 867 3404 lurboe.
897 3363 1055 3405 Turmoe

209 3419 366 3464 rectius
378 3420 423 3464 in
442 3420 597 3482 Regio,
612 3422 815 3482 Scaligeri
829 3427 1051 3481 excerptis,

1133 2125 1180 2161 et
1216 2125 1315 2160 octo
1353 2115 1445 2159 aliis
1471 2131 1482 2159 ε
1519 2114 1827 2172 preliabantur
1866 2116 1985 2159 enim

1137 2181 1408 2234 Amazones,
1428 2189 1477 2223 ut
1492 2180 1754 2237 plurimum,
1773 2181 1921 2237 equis;
1943 2191 1988 2225 et

1136 2245 1285 2305 Lysias
1306 2244 1495 2299 Rhetor,
1524 2244 1627 2287 dicit
1643 2254 1738 2301 post
1753 2244 1989 2289 hominum

1137 2309 1400 2353 memoriam
1417 2309 1663 2353 Amazonas
1678 2309 1838 2366 primas
1853 2326 1989 2366 equos

1136 2376 1450 2421 conscendisse.
1484 2377 1652 2420 Hsslus.
1668 2376 1806 2420 —De
1841 2377 1987 2420 Ama-

1136 2442 1332 2496 zonibus,
1343 2441 1451 2485 duoe
1476 2441 1768 2496 Penthesilea,
1780 2442 1986 2485 auxilium

1137 2506 1343 2562 Troianis
1370 2505 1574 2548 adversus
1591 2504 1768 2549 Grecos
1794 2506 1985 2549 serenti—

1134 2569 1238 2623 bus,
1256 2569 1341 2612 vid.
1361 2568 1520 2624 Quint.
1543 2567 1691 2611 Calah.
1709 2569 1779 2612 lib.
1798 2583 1828 2611 1.
1865 2569 1987 2612 Pen-

1135 2635 1312 2679 thesilea
1325 2644 1473 2680 autem
1484 2635 1536 2678 ab
1547 2634 1801 2679 Achille'aut
1811 2635 1985 2694 Pyrrho

1133 2701 1214 2744 sub
1246 2700 1347 2744 belli
1377 2700 1516 2743 finem
1545 2701 1681 2744 occisa
1707 2710 1783 2745 est.
1814 2702 1987 2745 Dicitur

1134 2768 1188 2810 ab
1207 2765 1374 2810 Achille
1388 2775 1530 2810 amata
1551 2767 1677 2809 fuisse
1691 2799 1703 2821 ,
1715 2775 1758 2809 et
1777 2766 1918 2809 filium
1934 2783 1986 2809 ex

1135 2849 1188 2877 eo
1225 2832 1462 2891 Caystrum
1494 2834 1674 2876 nomine
1695 2866 1707 2887 ,
1739 2835 1987 2892 suscepisse.

1133 2896 1235 2942 Vid.
1257 2897 1373 2941 Dict.
1394 2896 1515 2941 Cret.
1539 2911 1595 2940 111
1615 2906 1659 2940 et
1681 2911 1742 2941 ιν.

1190 2983 1226 3025 7.
1263 2969 1380 3021 Quid
1394 2972 1511 3009 virus
1528 2971 1574 3008 in
1591 2983 1769 3021 anguem
1791 2966 1949 3021 adjicis
1962 2970 1987 3012 ?

1135 3031 1262 3087 Quid
1278 3031 1483 3074 mulieres
1496 3065 1507 3085 ,
1523 3048 1601 3088 per
1620 3048 1663 3074 se
1676 3031 1845 3075 callidas
1859 3032 1959 3075 satis
1970 3065 1983 3086 ,

1134 3097 1359 3154 praeceptis
1379 3098 1589 3139 informas
1602 3129 1613 3150 ,
1631 3113 1727 3152 quae
1745 3097 1984 3140 callidiores

1133 3162 1268 3205 etiam
1283 3163 1327 3204 in
1343 3171 1433 3204 arte
1449 3161 1625 3204 amandi
1644 3162 1837 3205 efficiant
1850 3163 1869 3206 ?
1883 3163 1984 3206 Du-

1132 3227 1242 3270 bitat
1254 3227 1467 3270 Burman.
1481 3243 1536 3270 an
1550 3227 1650 3270 satis
1666 3228 1850 3270 latinum
1869 3234 1984 3271 virus

1133 3294 1317 3346 adjicere
1336 3296 1381 3334 in
1402 3309 1414 3334 :
1433 3291 1590 3335 rectius
1609 3292 1788 3348 quidem
1800 3327 1812 3348 ‚
1837 3303 1884 3336 ut
1904 3294 1982 3351 ipsi

1134 3355 1307 3399 videtur
1321 3389 1333 3412 ,
1350 3357 1481 3400 Maro
1498 3390 1509 3411 ,
1533 3357 1695 3415 Georg.
1717 3358 1736 3400 I
1754 3390 1766 3412 ,
1797 3375 1898 3418 129:

1134 3432 1198 3463 Ine
1216 3433 1340 3463 matum
1355 3434 1442 3465 virus
1458 3434 1661 3475 serpentibus
1673 3435 1813 3466 addidit
1826 3436 1917 3465 atris.
