2268 3776
662 254 1079 325 REMEDIA
1125 255 1487 313 AMORIS.

195 380 409 438 Interea
440 376 614 437 tacitae
643 385 876 456 serpunt
905 371 964 430 in
992 370 1200 432 viscera
1223 371 1479 445 flammae,

1872 263 1982 337 399

1905 398 1981 438 105

275 475 353 534 Et
380 471 522 536 mala
548 468 758 531 radices
786 466 953 530 altius
982 467 1151 528 arbor
1177 467 1308 546 agit.

197 570 258 631 Si
282 585 462 632 tamen
485 565 673 630 auxilii
702 564 992 650 perierunt
1022 578 1269 649 tempora
1295 567 1499 649 primi,

278 669 354 728 Et
376 679 532 728 vetus
560 663 620 724 in
650 677 814 747 capto
843 676 1070 747 pectore
1100 661 1245 724 sedit
1272 685 1457 735 amor;

198 763 382 845 Majus
414 785 558 846 opus
586 774 842 844 superest
865 785 876 820 :
904 759 1002 841 sed
1029 782 1175 831 non,
1206 758 1338 843 quia
1366 760 1544 821 serior
1571 785 1717 840 aegro

276 858 561 932 Advoeor‚
591 856 684 918 ille
714 856 853 918 mihi
888 855 1275 918 destituendus
1298 856 1418 917 erit.

1904 891 1981 919 1¹⁰

197 955 381 1036 Quam
409 953 571 1015 laesus
599 953 778 1015 fuerat
807 968 1023 1037 partem
1049 951 1329 1014 Paeantius
1359 951 1558 1025 herOS‚

278 1051 442 1112 Certa
471 1050 739 1112 debuerat
766 1049 1123 1134 praesecuisse
1150 1071 1318 1110 manu
1350 1072 1364 1108 :

194 1149 334 1209 Post
362 1163 547 1209 tamen
574 1147 665 1208 hic
694 1146 905 1208 multos
936 1160 1161 1208 sanatus
1193 1144 1438 1207 creditur
1462 1169 1639 1207 annos

277 1245 602 1328 Supremam
629 1243 795 1306 bellis
825 1243 1162 1328 imposuisse
1192 1267 1435 1304 manum.

197 1346 314 1426 Qui
338 1346 510 1407 modo
539 1362 827 1409 nascentes
855 1346 1223 1431 properabam
1254 1345 1458 1429 pellere
1486 1346 1718 1407 morbos
1738 1393 1752 1418 ‚

1914 1365 1990 1408 115

275 1449 565 1512 Admoveo
595 1450 808 1512 tardam
841 1475 992 1512 nunc
1023 1450 1131 1511 tibi
1161 1449 1347 1512 lentus
1377 1473 1560 1533 opem.

197 1554 316 1615 Aut
335 1577 506 1627 nova,
533 1554 580 1614 si
606 1555 820 1638 possiS‚
847 1554 1037 1615 sedare
1068 1553 1324 1616 incendia
1355 1567 1533 1614 tentes
1557 1576 1570 1623 3

279 1657 398 1717 Aut
423 1657 525 1718 ubi
554 1680 655 1741 per
683 1654 827 1719 vires
856 1658 1207 1741 procubuere
1238 1679 1383 1718 suas.

428 1852 532 1884 Petite
543 1850 618 1883 hinc
633 1853 836 1894 juvenesque
851 1862 1009 1894 senesque

197 1913 314 1945 Finem
326 1912 433 1944 auimo
445 1919 570 1944 certum
579 1935 590 1952 ,
607 1913 800 1955 miserisque
815 1913 935 1943 viatico
953 1911 1055 1943 canis.

199 1977 343 2010 Cruhoo
350 1977 417 2010 fiet.
427 1978 519 2010 Idem
529 1988 600 2010 cras
606 1977 660 2010 fiet
670 1989 678 2010 :
688 1978 789 2021 quid?
796 1978 891 2021 qumi
900 1989 1055 2019 magnum

197 2039 325 2082 Nempe
337 2039 424 2072 diem
436 2039 535 2072 donn
549 2051 558 2072 :
575 2039 631 2071 ted
644 2051 748 2082 quum
767 2040 826 2071 lux
838 2041 940 2072 ulter·
952 2041 1055 2079 venit,

198 2105 272 2137 hm
279 2115 349 2136 cru
357 2104 545 2137 hesternum
552 2105 881 2138 comum-imuneece
887 2106 929 2137 nli
935 2106 978 2138 ud
985 2116 1057 2138 ern·

200 2166 310 2208 Egerit
321 2165 380 2198 ho·
390 2176 492 2198 annos
500 2190 511 2207 ‚
524 2172 558 2198 et
572 2177 700 2209 semper
711 2167 849 2208 paulum
858 2168 921 2198 erit
936 2167 1033 2198 ultra.

201 2226 335 2284 Apud
356 2227 693 2282 Petronium‚in
712 2227 911 2287 Satyrico
931 2261 943 2283 ,
966 2244 1057 2285 cap.

203 2309 291 2339 XLV
309 2312 320 2339 :
343 2297 469 2351 Quod
478 2313 560 2339 non
581 2302 647 2339 est
656 2299 781 2339 bodie
795 2330 806 2349 ,
831 2313 929 2340 cras
945 2302 1026 2341 erit
1042 2313 1055 2340 :

204 2364 269 2404 sic
286 2363 378 2402 vila
397 2363 586 2403 truditur.
607 2359 774 2404 Hssms.

264 2430 355 2471 105.
379 2428 537 2470 Tacita
544 2433 712 2482 serpunt
719 2431 764 2470 in
777 2431 950 2471 wls-cera.
959 2428 1059 2470 Pla-

207 2493 318 2536 ct'doe
337 2507 452 2535 unus
471 2491 643 2535 Heinsii
662 2507 671 2535 ε
686 2508 765 2547 per
780 2496 944 2535 wls-cera
962 2491 1060 2535 Sar-

209 2558 315 2602 ravii
333 2566 378 2602 et
398 2558 583 2602 Palatio.
595 2567 638 2602 et
652 2574 753 2602 mox
765 2592 777 2615 ‚
794 2565 843 2602 ut
857 2562 972 2602 mala
986 2575 1060 2604 ra-

208 2626 324 2667 dices
337 2657 349 2674 ‚
374 2639 489 2666 unus
508 2623 655 2667 codex.

268 2692 358 2735 108.
379 2691 433 2735 Ire
461 2695 586 2746 capto
609 2695 777 2745 pectore
800 2694 914 2733 sedz?
931 2707 1060 2734 amor.

209 2757 260 2799 In
271 2761 394 2800 cauto
409 2764 581 2813 septem
595 2751 714 2799 libris
724 2756 842 2800 Puto
857 2790 869 2812 ,
890 2762 1062 2800 incauto

194 2843 196 2845 >
205 2827 379 2874 pectore.
405 2821 509 2865 Vid.
528 2823 624 2866 Art.
644 2822 714 2866 III
731 2856 743 2878 ,
777 2824 868 2881 743.

270 2905 287 2932 1
299 2904 315 2931 1
326 2905 360 2931 ι.
386 2892 482 2943 Qua
497 2893 622 2932 Ioesus
633 2891 786 2946 fuerat
795 2897 959 2947 parlem
979 2899 1061 2935 etc.

220 2956 357 3008 Quam
392 2957 652 3001 veterrimus
685 2956 849 3016 Regius
871 2991 883 3012 ‚
927 2967 977 3001 ut
1009 2958 1064 3002 sit

213 3019 476 3064 Graecismus
489 3054 500 3075 ‚
515 3022 560 3064 in
579 3023 733 3078 quibus
753 3024 978 3080 elegantiis
999 3034 1066 3068 est

213 3084 378 3129 multus
387 3085 559 3129 Noster.
569 3086 726 3143 Supra,
743 3104 757 3129 1
766 3089 789 3129 5
805 3104 815 3130 :
830 3091 982 3131 collum
990 3105 1066 3132 no-

213 3151 341 3192 datus
359 3153 518 3206 laqueo.
551 3153 749 3193 Teucrum
778 3156 948 3206 cuspide
965 3157 1067 3196 loesa

215 3215 518 3264 manum‚Fast.
533 3215 616 3269 IV,
638 3231 734 3259 120:
751 3225 878 3272 atque
895 3217 952 3260 ita
969 3218 1068 3261 alibi

216 3278 403 3323 infinitis
426 3280 749 3337 propemodum
767 3281 882 3324 locis.
899 3282 1067 3326 Hssms.

278 3361 368 3387 112.
397 3346 520 3388 Cerla
549 3348 747 3388 debuerat
764 3355 844 3389 etc.
875 3345 948 3389 Sic.
969 3346 1069 3389 Re—

220 3408 312 3467 gius
332 3441 343 3463 ,
385 3408 574 3453 Puteani
595 3418 639 3452 et
664 3410 810 3453 Jureti
834 3409 960 3457 codd.
984 3410 1069 3454 Alii

1139 1837 1320 1897 quidam
1334 1851 1345 1879 τ
1358 1839 1577 1882 Debuerat
1586 1838 1992 1895 celeripraeseeuiss«

1138 1921 1289 1949 manu.
1303 1906 1520 1949 Debuerat
1524 1908 1632 1955 lesi,
1645 1905 1860 1949 Ber-nens.
1874 1906 1991 1963 quod

1139 1971 1243 2030 quid
1254 1971 1323 2027 sit,
1343 1971 1512 2015 nescire
1526 1988 1571 2014 se
1590 1970 1751 2014 merito
1766 1971 1824 2014 ait
1837 1971 1993 2015 Burm.

1200 2056 1215 2082 1
1227 2039 1289 2082 13.
1318 2041 1427 2083 Post
1444 2043 1583 2081 lamen
1598 2040 1670 2080 hic
1684 2037 1995 2095 (Philoctetes)

1137 2105 1291 2146 mullos
1311 2108 1490 2146 sanatus
1508 2104 1693 2145 credilur
1714 2118 1849 2145 annos
1862 2137 1874 2149 ,
1915 2104 1996 2146 Su-

1130 2184 1319 2224 premam
1331 2170 1452 2210 bellis
1459 2169 1707 2221 imposuisse
1714 2183 1893 2209 manum.
1900 2168 1996 2211 Hae

1140 2232 1194 2276 de
1216 2249 1262 2276 re
1277 2232 1346 2276 hic
1358 2232 1519 2275 Noster
1541 2231 1726 2274 Metam.
1746 2231 1914 2276 Xlllet
1933 2232 1995 2289 Q.

1141 2297 1398 2356 Smyrnaeus
1419 2310 1467 2339 lx
1487 2305 1531 2340 et
1552 2310 1579 2339 x
1592 2329 1604 2350 ,
1622 2299 1997 2341 Pretermt’ssorum

1143 2364 1196 2408 ab
1219 2365 1436 2407 Homero.
1466 2365 1676 2416 Sanetus,
1713 2381 1738 2408 a
1761 2365 2000 2409 Podalirio.

1142 2430 1270 2474 Idem
1290 2431 1549 2490 Smyrnaeus
1562 2464 1574 2485 ,
1596 2443 1658 2474 ικ.

1202 2499 1293 2539 115.
1324 2498 1495 2539 pellere.
1518 2495 1683 2553 Regius
1698 2530 1711 2552 ,
1741 2499 1885 2540 tollere
1904 2513 1917 2539 .-
1948 2505 1998 2539 ut

1141 2561 1187 2604 in
1206 2560 1279 2604 lib.
1301 2561 1323 2605 1
1341 2595 1353 2617 ,
1389 2578 1440 2605 ex
1462 2562 1593 2606 Pont.
1623 2575 1679 2605 ιιι
1696 2595 1709 2617 ,
1744 2563 1810 2606 23.
1842 2563 2000 2605 Tollere

1141 2629 1347 2670 nodosam
1367 2632 1504 2670 nescit
1529 2630 1740 2670 medtkina
1753 2630 1999 2684 podagram.

1145 2690 1302 2735 Celsus
1322 2725 1334 2746 ,
1366 2692 1437 2736 lib.
1462 2693 1507 2736 II
1529 2726 1542 2747 ,
1575 2709 1667 2750 cap.
1694 2696 1742 2748 14
1770 2709 1780 2735 :
1806 2712 1829 2730 «ι
1852 2695 2001 2736 Potest

1142 2761 1328 2810 morbus,
1353 2764 1480 2802 eliam
1499 2765 1577 2816 qut·
1585 2776 1665 2815 per
1676 2762 1858 2817 scfincm
1877 2761 1999 2801 babi-

1141 2829 1259 2867 turus
1269 2830 1347 2874 est,
1368 2830 1507 2867 lamen
1519 2829 1657 2875 citrus,
1674 2827 1866 2867 adhibito
1877 2829 1998 2867 auzi-

1143 2893 1216 2938 lio,
1236 2890 1338 2934 tolli.
1354 2910 1374 2927 υ
1386 2893 1547 2933 Pellere
1559 2900 1603 2933 et
1613 2894 1754 2933 tollere
1765 2906 1876 2947 saepe
1892 2906 2003 2933 con-

1143 2956 1263 3011 susa,
1289 2965 1336 2999 ut
1358 2956 1379 2999 l
1407 2956 1559 2998 Amor.
1593 2955 1713 3012 Eleg.
1735 2968 1783 2997 XI
1800 2988 1811 3010 ,
1839 2956 1876 2998 8.
1900 2955 1970 2997 III
1986 2989 1997 3009 ‚

1147 3020 1244 3063 Art.
1266 3021 1346 3080 379
1370 3039 1380 3071 ς
1419 3029 1463 3062 et
1492 3019 1607 3062 alibi.
1640 3022 1800 3062 Pellere
1836 3023 2000 3062 morbos

1146 3094 1296 3127 tamen
1311 3093 1426 3127 recte
1439 3083 1597 3133 dicitur
1608 3098 1617 3124 ε
1628 3093 1676 3127 ut
1681 3088 1837 3139 pellere
1846 3100 1997 3136 noxas,

1148 3152 1262 3196 Fast.
1283 3151 1350 3193 Vl
1365 3184 1376 3204 ‚
1406 3167 1493 3210 ¹²9·
1520 3151 1684 3194 Bmm.

1209 3233 1223 3257 1
1237 3214 1298 3257 16.
1317 3216 1440 3257 Nunc
1450 3232 1605 3271 quoque
1615 3219 1765 3259 lentus.
1788 3218 1912 3260 Nunc
1925 3220 2006 3259 libi

1148 3280 1352 3322 meliores
1366 3279 1462 3322 libri
1479 3293 1490 3319 t
1505 3290 1635 3324 recte.
1655 3281 1822 3325 Hnms.
1841 3282 2001 3325 Admo-

1150 3362 1267 3389 ream
1287 3345 1421 3387 etiam
1438 3344 1573 3388 codex
1593 3344 1844 3404 Cantabrig.

1212 3428 1225 3453 1
1240 3428 1254 3453 1
1263 3412 1570 3454 8-Procubuerc.
1581 3413 1836 3455 Succubuerc
1846 3412 1957 3456 Pute
1963 3428 2001 3454 a·
