2268 3776
26 1006 35 1029 >

486 330 490 334 ’
550 318 942 374 AMORUM
981 318 1127 375 ·111.
1182 321 1423 379 ELEG.
1474 322 1587 380 VI.
1879 329 1980 382 185

273 435 388 497 Nec
418 434 565 519 capit
594 434 855 497 admissas
885 435 1070 499 alveus
1100 437 1246 499 altus
1275 464 1463 523 aquas.

197 530 352 611 Quid
376 554 620 606 mecum,
652 532 890 606 furiose,
921 534 1072 596 tibi?
1102 534 1238 619 quid
1266 553 1459 599 mutua
1490 538 1680 600 differs

280 629 535 691 Gaudia?
564 629 701 713 quid
730 645 1003 715 coeptum‚
1030 633 1234 695 rustice
1251 680 1266 707 ‚
1294 635 1510 719 rumpis
1540 637 1686 698 iter?

197 724 394 806 Quid?
423 725 471 788 si
498 724 808 806 legitimum
834 727 1032 791 flueres
1051 777 1067 802 ‚
1096 729 1144 792 si
1172 730 1364 793 nobile
1394 732 1638 795 flumen?

274 820 336 882 Si
363 822 468 885 tibi
493 846 597 908 per
623 838 795 886 terras
822 826 1055 889 maxima
1081 827 1224 889 fama
1252 826 1443 890 foret?
1928 847 1983 903 90'

191 919 410 982 Nomen
438 920 612 983 habes
637 921 883 998 nullum,
907 924 1040 986 rivis
1070 923 1296 987 collecte
1326 926 1546 987 caducis
1570 951 1582 999 ;

269 1016 387 1078 Nec
417 1015 524 1078 tibi
553 1031 686 1080 sunt
712 1017 927 1093 sontes,
949 1043 1051 1082 nec
1085 1020 1190 1082 tibi
1221 1036 1367 1084 certa
1397 1020 1612 1084 domus.

187 1112 385 1175 Fontis
412 1113 586 1177 habes
614 1115 790 1177 instar
817 1115 1172 1202 pluviamque
1202 1119 1468 1204 nivesque
1498 1119 1709 1181 solutas
1730 1166 1745 1191 ‚

269 1211 427 1292 Quas
458 1211 565 1274 tibi
594 1212 813 1275 divitias
840 1213 1002 1298 pigra
1028 1214 1308 1277 ministrat
1334 1215 1531 1277 hiems.

186 1306 303 1367 Aut
331 1305 642 1370 lutulentus
670 1308 789 1388 agis
815 1309 1056 1372 brumali
1084 1326 1333 1395 tempore
1363 1337 1594 1374 cursus:
1927 1333 1978 1386 θ’,

266 1402 385 1464 Aut
411 1404 617 1488 premis
644 1420 887 1469 arentem
916 1406 1340 1492 pulverulentus
1371 1407 1619 1469 humum.

187 1499 334 1581 Quis
361 1514 415 1562 te
446 1516 565 1563 tum
589 1505 777 1587 potuit
803 1505 995 1565 sitiens
1021 1503 1242 1564 haurire
1270 1503 1491 1564 viator?

270 1596 416 1678 Quis
445 1614 599 1679 grata
627 1599 769 1662 dixit
794 1625 929 1663 voce
952 1626 963 1662 ε
987 1601 1249 1684 perennis
1280 1604 1403 1662 eas!

186 1692 505 1757 Damnosus
530 1697 720 1781 pecori
747 1698 953 1772 curris,
987 1697 1309 1758 damnosior
1337 1698 1500 1777 agris,

267 1798 526 1860 Forsitan
553 1799 670 1862 haec
698 1799 837 1862 alios
866 1827 880 1861 ε
913 1824 999 1862 me
1028 1825 1150 1862 mea
1178 1800 1378 1862 damna
1407 1815 1647 1861 movent.
1904 1834 1931 1859 ι.
1954 1839 1976 1856 .,

185 1901 332 1963 Huic
361 1925 465 1983 ego
493 1927 570 1965 vae
603 1904 826 1967 demens
854 1905 1145 1967 narrabam
1172 1904 1464 1966 fluminum
1495 1928 1706 1965 amores
1729 1907 1752 1963 Ρ

234 2079 300 2142 87.
309 2083 491 2141 thsers.
505 2086 655 2130 Perde&
667 2086 855 2131 Putean.
866 2087 975 2132 alter
989 2097 1035 2132 et

180 2145 379 2208 ercet-pta
390 2151 554 2206 Vossii;
576 2152 653 2197 sed
668 2153 803 2211 Epist.
819 2167 961 2210 xv111,
979 2154 1004 2197 3
1021 2170 1031 2197 :

179 2216 328 2272 longa
360 2232 475 2261 mora
511 2223 579 2261 est
606 2223 762 2271 ommtr,
791 2222 913 2263 nobis
943 2236 1033 2276 quae

174 2283 335 2335 gaudia
353 2282 509 2338 ἄρν’-[ατί.

232 2345 300 2404 89.
336 2349 454 2401 Quid
472 2350 519 2390 si
538 2350 951 2405 legil1'mumstueres‚
989 2355 1037 2393 si

178 2411 317 2453 nobile
316 2411 476 2466 flumen
491 2412 516 2455 ?
537 2415 723 2465 Flueres,
754 2414 920 2470 poetice
939 2413 1029 2459 dic-

179 2482 299 2529 tum,
333 2491 413 2532 pro
434 2491 562 2521 esses.
583 2477 657 2522 Sic
677 2478 800 2522 Juno
817 2494 910 2522 non
930 2485 1018 2532 est,

178 2538 254 2582 sed
273 2543 434 2585 incedit
448 2543 604 2585 Divum
625 2545 793 2599 Regina
811 2544 823 2588 ,Ι
855 2567 911 2578 -
933 2546 1029 2600 Nog-

176 2606 262 2647 bile
264 2606 438 2661 flumen.
458 2606 708 2652 Nobilitatis
726 2608 894 2666 origine
909 2625 1029 2653 com-

177 2670 495 2716 mendandum.
534 2696 590 2706 --
624 2675 887 2729 legia‘imum.
925 2675 1027 2719 Tuo

176 2736 272 2793 jure
284 2755 295 2792 ;
308 2754 402 2783 non
415 2738 545 2784 undis
560 2739 830 2789 auxiliaribus
845 2741 1023 2798 pluviae,

174 2802 249 2847 vel'
257 2803 427 2848 nivium
445 2804 698 2849 solutarum.

230 2883 298 2926 91.
325 2870 449 2913 Rem
467 2873 640 2914 collecte
666 2874 848 2916 caducis.
871 2873 945 2917 Sic
970 2873 1026 2916 li·-

173 2931 242 2975 bri
261 2933 451 2989 potiores
466 2967 478 2990 ,
504 2945 548 2979 et
564 2946 682 2982 recte
705 2951 716 2979 ε
737 2942 900 2982 nivibus
919 2940 987 2983 alii
1010 2958 1022 2993 ;

174 2995 248 3040 sed
259 2996 314 3040 de
323 2997 494 3042 nivibus
506 3016 608 3043 mox
619 3012 848 3059 sequetur:
861 3004 1021 3049 deinde

175 3061 424 3106 Puteaneus
437 3095 450 3117 ,
471 3080 573 3108 cum
590 3066 794 3124 Scaliger-i
815 3069 1023 3125 excerptis

165 3128 452 3182 pluviamque,
479 3145 559 3184 pro
576 3133 832 3187 pluviasque.
854 3134 1022 3178 HEINS.

174 3191 321 3248 AEque
353 3191 465 3235 bene
500 3198 614 3237 nives
639 3199 844 3246 caducas,
888 3214 1021 3254 quam

172 3259 281 3299 rivos
307 3255 389 3300 dici
419 3266 525 3313 puto
551 3273 561 3300 z
589 3258 649 3302 ita
678 3263 862 3303 caducas
893 3265 1020 3305 nives.

173 3319 384 3364 German.
406 3322 635 3379 Prognost.
657 3336 674 3364 1
697 3339 706 3367 :

174 3390 336 3423 Grandine.
349 3392 528 3433 permixtus
543 3394 653 3432 Aries,
666 3393 862 3436 nivibusque
874 3395 1017 3428 caducis.

228 3454 295 3511 95.
313 3453 408 3498 Aut
424 3456 649 3500 lululenlus
666 3461 761 3514 agt‘s
777 3464 855 3501 etc.
883 3458 1019 3502 Lutu-

1117 2090 1255 2131 lentus
1269 2120 1281 2139 ,
1316 2103 1481 2131 crassus
1496 2119 1509 2141 ,
1535 2085 1734 2130 turbidus
1750 2117 1762 2141 ,
1788 2093 1832 2129 et
1853 2089 1972 2142 quasi

1113 2153 1254 2194 lentus
1269 2166 1293 2194 a
1306 2154 1397 2194 luto
1410 2149 1528 2207 quod
1545 2149 1674 2193 undis
1688 2148 1970 2192 immiscetur.

1115 2214 1292 2274 Dicitur
1310 2225 1356 2259 et
1375 2215 1673 2272 metaphorice
1695 2215 1749 2258 de
1774 2214 1942 2271 scriptis
1957 2248 1968 2267 ‚

1114 2282 1163 2326 in
1187 2283 1348 2339 quibus
1369 2299 1460 2326 non
1481 2282 1589 2326 nihil
1608 2281 1662 2325 ad
1682 2282 1781 2342 styli
1794 2281 1971 2338 liquidi—

1111 2356 1250 2391 tatem
1281 2348 1565 2392 desideratur.
1611 2347 1685 2392 Sic
1718 2346 1774 2390 de
1803 2347 1970 2391 Lucilio

1111 2413 1271 2457 Horat.
1290 2413 1439 2458 Serm.
1457 2428 1475 2456 1
1492 2448 1504 2469 ,
1528 2414 1619 2458 Sat.
1640 2426 1692 2456 ιν
1707 2446 1718 2465 ,
1746 2427 1783 2456 11
1802 2429 1813 2456 z

1109 2482 1223 2522 Quum
1232 2480 1345 2513 ssueoet
1354 2482 1533 2514 lutulentus
1535 2488 1622 2523 ‚ent
1630 2481 1718 2523 quod
1728 2481 1841 2513 tollere
1853 2482 1952 2513 velles
1961 2508 1966 2512 .

1113 2541 1372 2600 Opponitur
1390 2543 1461 2587 hic
1478 2546 1708 2587 lutulentus
1719 2576 1730 2594 ‚
1759 2543 1966 2601 pulveru-

1115 2606 1250 2651 lento.

1163 2688 1231 2731 97.
1258 2675 1364 2728 Quis
1380 2679 1420 2716 te
1435 2689 1615 2730 unquam
1622 2678 1774 2728 potuit.
1799 2675 1905 2728 Quin·
1926 2681 1965 2717 lc

1108 2743 1349 2793 lumpotui!
1366 2740 1551 2784 Putean.
1572 2755 1583 2782 ι
1609 2739 1744 2796 probe
1767 2757 1778 2790 3
1817 2739 1964 2782 aestivo

1108 2813 1308 2863 tempore
1320 2806 1534 2849 nimirum
1546 2839 1558 2859 ‚
1575 2805 1752 2862 quando
1762 2816 1961 2850 arentem

1108 2869 1297 2914 humum
1316 2871 1648 2928 pulverulentus
1663 2871 1839 2928 premis.

1161 2954 1228 2997 99.
1249 2939 1494 2980 Damnosus
1502 2941 1653 2992 pecori
1664 2941 1817 2989 curris,
1841 2941 1960 2982 dam-

1105 3007 1249 3045 nosior
1262 3006 1390 3057 agr-115.
1411 3002 1482 3045 De
1501 3001 1793 3047 inundatione
1813 3005 1955 3047 stabu-

1104 3067 1250 3110 lorum
1266 3075 1310 3109 et
1327 3082 1587 3123 pascuorum
1605 3067 1954 3126 intelligendum.

1106 3132 1159 3175 In
1181 3131 1441 3188 quibusdam
1458 3133 1592 3176 etiam
1608 3132 1768 3191 legitur
1788 3150 1799 3177 :

1102 3201 1287 3232 Damnosus
1302 3200 1429 3242 pecori,
1442 3201 1539 3231 cultis
1556 3202 1741 3233 damnosior
1751 3203 1848 3243 agris.
1864 3204 1952 3235 Mle.

1161 3277 1252 3304 101.
1286 3264 1357 3303 Vae
1375 3264 1553 3306 demens.
1578 3262 1717 3307 Valde
1739 3263 1922 3308 demens
1942 3283 1951 3317 ;

1103 3336 1153 3370 ut
1176 3326 1290 3383 apud
1309 3327 1464 3384 Virgil.
1483 3328 1575 3372 Eel.
1592 3342 1640 3372 lx
1655 3362 1667 3383 ,
1695 3329 1747 3371 28
1767 3341 1777 3368 ε

1102 3399 1240 3430 Mantua
1256 3409 1304 3428 να)
1321 3397 1444 3429 miscrae
1456 3399 1596 3429 nimium
1614 3399 1722 3429 vicina
1744 3400 1907 3431 Cremonae
1922 3402 1929 3428 ἶ

1111 3462 1182 3504 Vae
1205 3459 1323 3503 enim
1347 3461 1554 3516 particula
1589 3463 1656 3517 (ut
1679 3460 1806 3506 docet
1837 3462 1949 3506 Gen,
