<?xml version="1.0" encoding="UTF-8"?>
<!DOCTYPE html PUBLIC "-//W3C//DTD XHTML 1.0 Transitional//EN"
    "http://www.w3.org/TR/xhtml1/DTD/xhtml1-transitional.dtd">
<html xmlns="http://www.w3.org/1999/xhtml" xml:lang="en" lang="en">
 <head>
  <title>
</title>
<meta http-equiv="Content-Type" content="text/html;charset=utf-8" />
  <meta name='ocr-system' content='tesseract 3.04.00' />
  <meta name='ocr-capabilities' content='ocr_page ocr_carea ocr_par ocr_line ocrx_word'/>
</head>
<body>
  <div class='ocr_page' id='page_1' title='image "./quaeextantomniao02oviduoft_0099.png"; bbox 0 0 2268 3776; ppageno 0'>
   <div class='ocr_carea' id='block_1_1' title="bbox 587 362 1998 419">
    <p class='ocr_par' dir='ltr' id='par_1_1' title="bbox 587 362 1998 419">
     <span class='ocr_line' id='line_1_1' title="bbox 587 362 1998 419; baseline -0.001 -1"><span class='ocrx_word' id='word_1_1' title='bbox 587 362 983 418; x_wconf 78' lang='lat' dir='ltr'>AMORUM</span> <span class='ocrx_word' id='word_1_2' title='bbox 1030 364 1115 418; x_wconf 91' lang='grc' dir='ltr'><strong>ΙΙ.</strong></span> <span class='ocrx_word' id='word_1_3' title='bbox 1165 363 1408 418; x_wconf 88' lang='lat' dir='ltr'><strong>ELEG.</strong></span> <span class='ocrx_word' id='word_1_4' title='bbox 1454 363 1583 417; x_wconf 91' lang='grc' dir='ltr'><strong>ΙΙΙ.</strong></span> <span class='ocrx_word' id='word_1_5' title='bbox 1931 367 1998 419; x_wconf 82' lang='lat'><strong>85</strong></span> 
     </span>
    </p>
   </div>
   <div class='ocr_carea' id='block_1_2' title="bbox 226 478 2015 2022">
    <p class='ocr_par' dir='ltr' id='par_1_2' title="bbox 226 478 2015 2022">
     <span class='ocr_line' id='line_1_2' title="bbox 228 478 1626 564; baseline -0.001 -24"><span class='ocrx_word' id='word_1_6' title='bbox 228 480 344 561; x_wconf 80' lang='lat' dir='ltr'><strong>Qui</strong></span> <span class='ocrx_word' id='word_1_7' title='bbox 372 479 588 564; x_wconf 85' lang='lat' dir='ltr'><strong>primus</strong></span> <span class='ocrx_word' id='word_1_8' title='bbox 617 479 808 563; x_wconf 89' lang='lat' dir='ltr'><strong>pueris</strong></span> <span class='ocrx_word' id='word_1_9' title='bbox 839 478 1095 559; x_wconf 83' lang='lat' dir='ltr'><strong>genitalia</strong></span> <span class='ocrx_word' id='word_1_10' title='bbox 1125 479 1374 541; x_wconf 90' lang='lat' dir='ltr'><strong>membra</strong></span> <span class='ocrx_word' id='word_1_11' title='bbox 1400 479 1626 551; x_wconf 88' lang='lat' dir='ltr'><strong>recidit,</strong></span> 
     </span>
     <span class='ocr_line' id='line_1_3' title="bbox 307 574 1451 660; baseline -0.001 -24"><span class='ocrx_word' id='word_1_12' title='bbox 307 574 574 648; x_wconf 86' lang='lat' dir='ltr'><strong>Vulnera,</strong></span> <span class='ocrx_word' id='word_1_13' title='bbox 609 600 730 659; x_wconf 87' lang='lat' dir='ltr'><strong>quae</strong></span> <span class='ocrx_word' id='word_1_14' title='bbox 759 575 915 650; x_wconf 89' lang='lat' dir='ltr'><strong>fecit,</strong></span> <span class='ocrx_word' id='word_1_15' title='bbox 947 576 1144 638; x_wconf 88' lang='lat' dir='ltr'><strong>debuit</strong></span> <span class='ocrx_word' id='word_1_16' title='bbox 1172 577 1290 660; x_wconf 89' lang='lat' dir='ltr'><strong>ipse</strong></span> <span class='ocrx_word' id='word_1_17' title='bbox 1318 576 1451 660; x_wconf 87' lang='lat' dir='ltr'><strong>pati.</strong></span> 
     </span>
     <span class='ocr_line' id='line_1_4' title="bbox 227 670 2009 758; baseline -0.001 -25"><span class='ocrx_word' id='word_1_18' title='bbox 227 670 421 733; x_wconf 87' lang='lat' dir='ltr'><strong>Mollis</strong></span> <span class='ocrx_word' id='word_1_19' title='bbox 447 672 505 732; x_wconf 87' lang='lat' dir='ltr'><strong>in</strong></span> <span class='ocrx_word' id='word_1_20' title='bbox 531 672 864 756; x_wconf 90' lang='lat' dir='ltr'><strong>obsequium</strong></span> <span class='ocrx_word' id='word_1_21' title='bbox 883 720 897 746; x_wconf 94' lang='lat'><strong>,</strong></span> <span class='ocrx_word' id='word_1_22' title='bbox 927 672 1214 758; x_wconf 87' lang='lat' dir='ltr'><strong>facilisque</strong></span> <span class='ocrx_word' id='word_1_23' title='bbox 1244 673 1574 752; x_wconf 84' lang='lat' dir='ltr'><strong>rogantibus</strong></span> <span class='ocrx_word' id='word_1_24' title='bbox 1604 695 1750 734; x_wconf 89' lang='lat' dir='ltr'><strong>esses</strong></span> <span class='ocrx_word' id='word_1_25' title='bbox 1771 720 1784 745; x_wconf 88' lang='lat'><strong>,</strong></span> <span class='ocrx_word' id='word_1_26' title='bbox 1985 692 2009 732; x_wconf 76' lang='lat'><strong>5</strong></span> 
     </span>
     <span class='ocr_line' id='line_1_5' title="bbox 307 768 1455 855; baseline 0.001 -26"><span class='ocrx_word' id='word_1_27' title='bbox 307 768 368 829; x_wconf 89' lang='lat' dir='ltr'><strong>Si</strong></span> <span class='ocrx_word' id='word_1_28' title='bbox 398 783 527 830; x_wconf 90' lang='lat' dir='ltr'><strong>tuus</strong></span> <span class='ocrx_word' id='word_1_29' title='bbox 556 769 614 829; x_wconf 87' lang='lat' dir='ltr'><strong>in</strong></span> <span class='ocrx_word' id='word_1_30' title='bbox 643 770 834 853; x_wconf 87' lang='lat' dir='ltr'><strong>quavis</strong></span> <span class='ocrx_word' id='word_1_31' title='bbox 870 771 1257 855; x_wconf 80' lang='lat' dir='ltr'><strong>praetepuisset</strong></span> <span class='ocrx_word' id='word_1_32' title='bbox 1283 794 1455 831; x_wconf 91' lang='lat' dir='ltr'><strong>amor.</strong></span> 
     </span>
     <span class='ocr_line' id='line_1_6' title="bbox 226 865 1671 951; baseline 0.001 -26"><span class='ocrx_word' id='word_1_33' title='bbox 226 865 355 926; x_wconf 89' lang='lat' dir='ltr'><strong>Non</strong></span> <span class='ocrx_word' id='word_1_34' title='bbox 385 879 445 926; x_wconf 84' lang='lat' dir='ltr'><strong>tu</strong></span> <span class='ocrx_word' id='word_1_35' title='bbox 472 881 634 928; x_wconf 90' lang='lat' dir='ltr'><strong>natus</strong></span> <span class='ocrx_word' id='word_1_36' title='bbox 663 891 835 951; x_wconf 90' lang='lat' dir='ltr'><strong>equ0‚</strong></span> <span class='ocrx_word' id='word_1_37' title='bbox 868 892 984 928; x_wconf 92' lang='lat' dir='ltr'><strong>non</strong></span> <span class='ocrx_word' id='word_1_38' title='bbox 1013 868 1256 929; x_wconf 87' lang='lat' dir='ltr'><strong>fortibus</strong></span> <span class='ocrx_word' id='word_1_39' title='bbox 1282 866 1437 928; x_wconf 86' lang='lat' dir='ltr'><strong>utilis</strong></span> <span class='ocrx_word' id='word_1_40' title='bbox 1467 867 1631 928; x_wconf 87' lang='lat' dir='ltr'><strong>armis</strong></span> <span class='ocrx_word' id='word_1_41' title='bbox 1660 892 1671 927; x_wconf 73' lang='grc' dir='ltr'>ε</span> 
     </span>
     <span class='ocr_line' id='line_1_7' title="bbox 308 960 1522 1028; baseline 0.002 -6"><span class='ocrx_word' id='word_1_42' title='bbox 308 960 515 1025; x_wconf 88' lang='lat' dir='ltr'><strong>Bellica</strong></span> <span class='ocrx_word' id='word_1_43' title='bbox 543 988 660 1025; x_wconf 91' lang='lat' dir='ltr'><strong>non</strong></span> <span class='ocrx_word' id='word_1_44' title='bbox 688 963 890 1028; x_wconf 85' lang='lat' dir='ltr'><strong>dextrae</strong></span> <span class='ocrx_word' id='word_1_45' title='bbox 921 966 1182 1028; x_wconf 89' lang='lat' dir='ltr'><strong>convenit</strong></span> <span class='ocrx_word' id='word_1_46' title='bbox 1213 965 1372 1026; x_wconf 90' lang='lat' dir='ltr'><strong>hasta</strong></span> <span class='ocrx_word' id='word_1_47' title='bbox 1400 978 1522 1025; x_wconf 85' lang='lat' dir='ltr'><strong>tuae.</strong></span> 
     </span>
     <span class='ocr_line' id='line_1_8' title="bbox 226 1060 1607 1147; baseline 0.003 -29"><span class='ocrx_word' id='word_1_48' title='bbox 226 1060 338 1119; x_wconf 86' lang='lat' dir='ltr'><strong>Ista</strong></span> <span class='ocrx_word' id='word_1_49' title='bbox 365 1083 540 1122; x_wconf 91' lang='lat' dir='ltr'><strong>mares</strong></span> <span class='ocrx_word' id='word_1_50' title='bbox 565 1076 826 1135; x_wconf 82' lang='lat' dir='ltr'><strong>tractent3</strong></span> <span class='ocrx_word' id='word_1_51' title='bbox 854 1077 915 1123; x_wconf 90' lang='lat' dir='ltr'><strong>tu</strong></span> <span class='ocrx_word' id='word_1_52' title='bbox 932 1110 947 1136; x_wconf 94' lang='lat'><strong>,</strong></span> <span class='ocrx_word' id='word_1_53' title='bbox 981 1086 1107 1147; x_wconf 91' lang='lat' dir='ltr'><strong>spes</strong></span> <span class='ocrx_word' id='word_1_54' title='bbox 1141 1062 1359 1146; x_wconf 89' lang='lat' dir='ltr'><strong>depone</strong></span> <span class='ocrx_word' id='word_1_55' title='bbox 1385 1060 1607 1123; x_wconf 84' lang='lat' dir='ltr'><strong>viriles:</strong></span> 
     </span>
     <span class='ocr_line' id='line_1_9' title="bbox 309 1158 2012 1241; baseline -0.001 -23"><span class='ocrx_word' id='word_1_56' title='bbox 309 1158 436 1219; x_wconf 90' lang='lat' dir='ltr'><strong>Sint</strong></span> <span class='ocrx_word' id='word_1_57' title='bbox 465 1159 570 1221; x_wconf 86' lang='lat' dir='ltr'><strong>tibi</strong></span> <span class='ocrx_word' id='word_1_58' title='bbox 599 1184 722 1221; x_wconf 87' lang='lat' dir='ltr'><strong>cum</strong></span> <span class='ocrx_word' id='word_1_59' title='bbox 751 1160 974 1223; x_wconf 88' lang='lat' dir='ltr'><strong>domina</strong></span> <span class='ocrx_word' id='word_1_60' title='bbox 1008 1161 1167 1241; x_wconf 84' lang='lat' dir='ltr'><strong>signa</strong></span> <span class='ocrx_word' id='word_1_61' title='bbox 1195 1160 1422 1222; x_wconf 87' lang='lat' dir='ltr'><strong>ferenda</strong></span> <span class='ocrx_word' id='word_1_62' title='bbox 1451 1175 1561 1221; x_wconf 89' lang='lat' dir='ltr'><strong>tua.</strong></span> <span class='ocrx_word' id='word_1_63' title='bbox 1965 1189 2012 1217; x_wconf 72' lang='grc' dir='ltr'><strong>ιω</strong></span> 
     </span>
     <span class='ocr_line' id='line_1_10' title="bbox 229 1255 1646 1341; baseline 0.001 -26"><span class='ocrx_word' id='word_1_64' title='bbox 229 1255 390 1317; x_wconf 89' lang='lat' dir='ltr'><strong>Hanc</strong></span> <span class='ocrx_word' id='word_1_65' title='bbox 418 1256 587 1341; x_wconf 88' lang='lat' dir='ltr'><strong>imple</strong></span> <span class='ocrx_word' id='word_1_66' title='bbox 615 1259 825 1321; x_wconf 86' lang='lat' dir='ltr'><strong>meritis</strong></span> <span class='ocrx_word' id='word_1_67' title='bbox 848 1284 864 1321; x_wconf 74' lang='lat' dir='ltr'>t</span> <span class='ocrx_word' id='word_1_68' title='bbox 892 1259 1061 1341; x_wconf 88' lang='lat' dir='ltr'><strong>hujus</strong></span> <span class='ocrx_word' id='word_1_69' title='bbox 1093 1258 1198 1319; x_wconf 80' lang='lat' dir='ltr'><strong>tibi</strong></span> <span class='ocrx_word' id='word_1_70' title='bbox 1223 1257 1398 1338; x_wconf 81' lang='lat' dir='ltr'><strong>gratia</strong></span> <span class='ocrx_word' id='word_1_71' title='bbox 1426 1256 1608 1340; x_wconf 89' lang='lat' dir='ltr'><strong>prosit</strong></span> <span class='ocrx_word' id='word_1_72' title='bbox 1632 1281 1646 1329; x_wconf 91' lang='lat'>;</span> 
     </span>
     <span class='ocr_line' id='line_1_11' title="bbox 309 1352 1399 1442; baseline 0 -29"><span class='ocrx_word' id='word_1_73' title='bbox 309 1352 370 1414; x_wconf 88' lang='lat' dir='ltr'><strong>Si</strong></span> <span class='ocrx_word' id='word_1_74' title='bbox 400 1379 581 1417; x_wconf 91' lang='lat' dir='ltr'><strong>careas</strong></span> <span class='ocrx_word' id='word_1_75' title='bbox 610 1355 735 1431; x_wconf 88' lang='lat' dir='ltr'><strong>illa,</strong></span> <span class='ocrx_word' id='word_1_76' title='bbox 772 1358 898 1442; x_wconf 90' lang='lat' dir='ltr'><strong>quis</strong></span> <span class='ocrx_word' id='word_1_77' title='bbox 930 1372 1061 1418; x_wconf 88' lang='lat' dir='ltr'><strong>tuus</strong></span> <span class='ocrx_word' id='word_1_78' title='bbox 1090 1378 1226 1417; x_wconf 87' lang='lat' dir='ltr'><strong>usus</strong></span> <span class='ocrx_word' id='word_1_79' title='bbox 1257 1354 1399 1416; x_wconf 81' lang='lat' dir='ltr'><strong>erit?</strong></span> 
     </span>
     <span class='ocr_line' id='line_1_12' title="bbox 229 1451 1485 1536; baseline 0 -25"><span class='ocrx_word' id='word_1_80' title='bbox 229 1451 334 1511; x_wconf 91' lang='lat' dir='ltr'><strong>Est</strong></span> <span class='ocrx_word' id='word_1_81' title='bbox 361 1452 525 1513; x_wconf 87' lang='lat' dir='ltr'><strong>etiam</strong></span> <span class='ocrx_word' id='word_1_82' title='bbox 553 1453 748 1527; x_wconf 86' lang='lat' dir='ltr'><strong>facies,</strong></span> <span class='ocrx_word' id='word_1_83' title='bbox 781 1468 913 1515; x_wconf 90' lang='lat' dir='ltr'><strong>sunt</strong></span> <span class='ocrx_word' id='word_1_84' title='bbox 943 1454 1058 1536; x_wconf 89' lang='lat' dir='ltr'><strong>apti</strong></span> <span class='ocrx_word' id='word_1_85' title='bbox 1087 1451 1308 1513; x_wconf 83' lang='lat' dir='ltr'><strong>lusibus</strong></span> <span class='ocrx_word' id='word_1_86' title='bbox 1337 1451 1485 1513; x_wconf 89' lang='lat' dir='ltr'><strong>anni.</strong></span> 
     </span>
     <span class='ocr_line' id='line_1_13' title="bbox 310 1548 1422 1634; baseline 0.001 -27"><span class='ocrx_word' id='word_1_87' title='bbox 310 1548 550 1628; x_wconf 83' lang='lat' dir='ltr'><strong>Indigna</strong></span> <span class='ocrx_word' id='word_1_88' title='bbox 579 1565 663 1612; x_wconf 89' lang='lat' dir='ltr'><strong>est</strong></span> <span class='ocrx_word' id='word_1_89' title='bbox 688 1550 852 1634; x_wconf 87' lang='lat' dir='ltr'><strong>pigro</strong></span> <span class='ocrx_word' id='word_1_90' title='bbox 877 1549 1055 1611; x_wconf 88' lang='lat' dir='ltr'><strong>forma</strong></span> <span class='ocrx_word' id='word_1_91' title='bbox 1083 1550 1263 1633; x_wconf 88' lang='lat' dir='ltr'><strong>perire</strong></span> <span class='ocrx_word' id='word_1_92' title='bbox 1293 1549 1422 1610; x_wconf 88' lang='lat' dir='ltr'><strong>situ.</strong></span> 
     </span>
     <span class='ocr_line' id='line_1_14' title="bbox 231 1643 2015 1731; baseline -0.001 -26"><span class='ocrx_word' id='word_1_93' title='bbox 231 1643 442 1708; x_wconf 84' lang='lat' dir='ltr'><strong>Fallere</strong></span> <span class='ocrx_word' id='word_1_94' title='bbox 473 1661 525 1709; x_wconf 88' lang='lat' dir='ltr'><strong>te</strong></span> <span class='ocrx_word' id='word_1_95' title='bbox 554 1648 769 1731; x_wconf 89' lang='lat' dir='ltr'><strong>potuit,</strong></span> <span class='ocrx_word' id='word_1_96' title='bbox 804 1648 1051 1731; x_wconf 89' lang='lat' dir='ltr'><strong>quamvis</strong></span> <span class='ocrx_word' id='word_1_97' title='bbox 1080 1647 1317 1709; x_wconf 83' lang='lat' dir='ltr'><strong>habeare</strong></span> <span class='ocrx_word' id='word_1_98' title='bbox 1346 1645 1650 1708; x_wconf 89' lang='lat' dir='ltr'><strong>molestus:</strong></span> <span class='ocrx_word' id='word_1_99' title='bbox 1967 1664 2015 1704; x_wconf 62' lang='lat'><strong>1’3</strong></span> 
     </span>
     <span class='ocr_line' id='line_1_15' title="bbox 314 1742 1470 1828; baseline -0.003 -23"><span class='ocrx_word' id='word_1_100' title='bbox 314 1745 445 1805; x_wconf 87' lang='lat' dir='ltr'><strong>Non</strong></span> <span class='ocrx_word' id='word_1_101' title='bbox 473 1760 620 1806; x_wconf 86' lang='lat' dir='ltr'><strong>earet</strong></span> <span class='ocrx_word' id='word_1_102' title='bbox 645 1745 870 1817; x_wconf 85' lang='lat' dir='ltr'><strong>effectu,</strong></span> <span class='ocrx_word' id='word_1_103' title='bbox 905 1744 1056 1828; x_wconf 93' lang='lat' dir='ltr'><strong>quod</strong></span> <span class='ocrx_word' id='word_1_104' title='bbox 1085 1742 1306 1804; x_wconf 87' lang='lat' dir='ltr'><strong>voluere</strong></span> <span class='ocrx_word' id='word_1_105' title='bbox 1338 1742 1470 1803; x_wconf 90' lang='lat' dir='ltr'><strong>du0.</strong></span> 
     </span>
     <span class='ocr_line' id='line_1_16' title="bbox 233 1840 1644 1924; baseline -0.001 -24"><span class='ocrx_word' id='word_1_106' title='bbox 233 1840 438 1924; x_wconf 88' lang='lat' dir='ltr'><strong>Aptius</strong></span> <span class='ocrx_word' id='word_1_107' title='bbox 467 1855 532 1900; x_wconf 87' lang='lat' dir='ltr'><strong>ut</strong></span> <span class='ocrx_word' id='word_1_108' title='bbox 559 1840 726 1901; x_wconf 87' lang='lat' dir='ltr'><strong>fuerit</strong></span> <span class='ocrx_word' id='word_1_109' title='bbox 752 1840 1013 1923; x_wconf 89' lang='lat' dir='ltr'><strong>precibus</strong></span> <span class='ocrx_word' id='word_1_110' title='bbox 1043 1854 1308 1912; x_wconf 88' lang='lat' dir='ltr'><strong>tentasse,</strong></span> <span class='ocrx_word' id='word_1_111' title='bbox 1341 1862 1602 1919; x_wconf 83' lang='lat' dir='ltr'><strong>rogamus</strong></span> <span class='ocrx_word' id='word_1_112' title='bbox 1630 1863 1644 1911; x_wconf 91' lang='lat'>;</span> 
     </span>
     <span class='ocr_line' id='line_1_17' title="bbox 315 1936 1636 2022; baseline 0 -26"><span class='ocrx_word' id='word_1_113' title='bbox 315 1937 466 1997; x_wconf 90' lang='lat' dir='ltr'><strong>Dum</strong></span> <span class='ocrx_word' id='word_1_114' title='bbox 487 1936 630 1999; x_wconf 92' lang='lat' dir='ltr'><strong>bene</strong></span> <span class='ocrx_word' id='word_1_115' title='bbox 662 1938 910 2021; x_wconf 89' lang='lat' dir='ltr'><strong>ponendi</strong></span> <span class='ocrx_word' id='word_1_116' title='bbox 937 1962 1167 2000; x_wconf 90' lang='lat' dir='ltr'><strong>munera</strong></span> <span class='ocrx_word' id='word_1_117' title='bbox 1196 1952 1416 2022; x_wconf 89' lang='lat' dir='ltr'><strong>tempus</strong></span> <span class='ocrx_word' id='word_1_118' title='bbox 1446 1936 1636 1997; x_wconf 89' lang='lat' dir='ltr'><strong>habes.</strong></span> 
     </span>
    </p>
   </div>
   <div class='ocr_carea' id='block_1_3' title="bbox 196 2088 1087 3436">
    <p class='ocr_par' dir='ltr' id='par_1_3' title="bbox 234 2088 1082 2148">
     <span class='ocr_line' id='line_1_18' title="bbox 234 2088 1082 2148; baseline 0.005 -16"><span class='ocrx_word' id='word_1_119' title='bbox 234 2088 434 2132; x_wconf 78' lang='lat' dir='ltr'><strong>Palatino</strong></span> <span class='ocrx_word' id='word_1_120' title='bbox 453 2097 546 2133; x_wconf 84' lang='lat' dir='ltr'><strong>erat</strong></span> <span class='ocrx_word' id='word_1_121' title='bbox 564 2106 574 2142; x_wconf 89' lang='lat'>;</span> <span class='ocrx_word' id='word_1_122' title='bbox 595 2088 670 2134; x_wconf 86' lang='lat' dir='ltr'><strong>sed</strong></span> <span class='ocrx_word' id='word_1_123' title='bbox 694 2105 775 2148; x_wconf 82' lang='lat' dir='ltr'><strong>ego</strong></span> <span class='ocrx_word' id='word_1_124' title='bbox 794 2090 905 2135; x_wconf 87' lang='lat' dir='ltr'><strong>nihil</strong></span> <span class='ocrx_word' id='word_1_125' title='bbox 925 2100 1052 2136; x_wconf 83' lang='lat' dir='ltr'><strong>muto</strong></span> <span class='ocrx_word' id='word_1_126' title='bbox 1070 2107 1082 2135; x_wconf 75' lang='lat' dir='ltr'>t</span> 
     </span>
    </p>

    <p class='ocr_par' dir='ltr' id='par_1_4' title="bbox 233 2154 1080 2212">
     <span class='ocr_line' id='line_1_19' title="bbox 233 2154 1080 2212; baseline 0.001 -15"><span class='ocrx_word' id='word_1_127' title='bbox 233 2154 418 2212; x_wconf 84' lang='lat' dir='ltr'><strong>respexit</strong></span> <span class='ocrx_word' id='word_1_128' title='bbox 433 2155 554 2199; x_wconf 87' lang='lat' dir='ltr'><strong>enim</strong></span> <span class='ocrx_word' id='word_1_129' title='bbox 573 2154 644 2199; x_wconf 82' lang='lat' dir='ltr'><strong>illa</strong></span> <span class='ocrx_word' id='word_1_130' title='bbox 662 2155 791 2201; x_wconf 88' lang='lat' dir='ltr'><strong>Lucr.</strong></span> <span class='ocrx_word' id='word_1_131' title='bbox 808 2189 821 2212; x_wconf 88' lang='lat'><strong>,</strong></span> <span class='ocrx_word' id='word_1_132' title='bbox 844 2171 894 2201; x_wconf 80' lang='lat' dir='ltr'><strong>lv</strong></span> <span class='ocrx_word' id='word_1_133' title='bbox 909 2189 921 2212; x_wconf 92' lang='lat'><strong>,</strong></span> <span class='ocrx_word' id='word_1_134' title='bbox 949 2170 1080 2201; x_wconf 82' lang='lat'>1200:</span> 
     </span>
    </p>

    <p class='ocr_par' dir='ltr' id='par_1_5' title="bbox 232 2229 1082 2326">
     <span class='ocr_line' id='line_1_20' title="bbox 232 2229 1082 2277; baseline 0.005 -16"><span class='ocrx_word' id='word_1_135' title='bbox 232 2229 330 2270; x_wconf 75' lang='lat' dir='ltr'><strong>Quod</strong></span> <span class='ocrx_word' id='word_1_136' title='bbox 353 2229 494 2262; x_wconf 73' lang='lat' dir='ltr'><strong>facerent</strong></span> <span class='ocrx_word' id='word_1_137' title='bbox 507 2242 673 2274; x_wconf 71' lang='lat' dir='ltr'><strong>nunquam</strong></span> <span class='ocrx_word' id='word_1_138' title='bbox 689 2255 701 2272; x_wconf 89' lang='lat'>‚</span> <span class='ocrx_word' id='word_1_139' title='bbox 724 2232 789 2264; x_wconf 72' lang='lat' dir='ltr'><strong>nisi</strong></span> <span class='ocrx_word' id='word_1_140' title='bbox 815 2240 934 2264; x_wconf 81' lang='lat' dir='ltr'><strong>mutua</strong></span> <span class='ocrx_word' id='word_1_141' title='bbox 953 2234 1082 2277; x_wconf 77' lang='lat' dir='ltr'><strong>gaudia</strong></span> 
     </span>
     <span class='ocr_line' id='line_1_21' title="bbox 332 2301 471 2326; baseline -0.007 -2"><span class='ocrx_word' id='word_1_142' title='bbox 332 2301 471 2326; x_wconf 66' lang='grc' dir='ltr'><strong>71033θηῖ.</strong></span> 
     </span>
    </p>

    <p class='ocr_par' dir='ltr' id='par_1_6' title="bbox 236 2349 1082 2476">
     <span class='ocr_line' id='line_1_22' title="bbox 287 2349 1082 2408; baseline 0.006 -15"><span class='ocrx_word' id='word_1_143' title='bbox 287 2349 327 2393; x_wconf 85' lang='grc'><strong>3.</strong></span> <span class='ocrx_word' id='word_1_144' title='bbox 345 2351 735 2408; x_wconf 66' lang='lat' dir='ltr'><strong>Quipn&#39;muspuenlr</strong></span> <span class='ocrx_word' id='word_1_145' title='bbox 739 2356 949 2408; x_wconf 67' lang='lat' dir='ltr'><strong>genitalia</strong></span> <span class='ocrx_word' id='word_1_146' title='bbox 960 2370 1082 2398; x_wconf 84' lang='lat' dir='ltr'><strong>mem·</strong></span> 
     </span>
     <span class='ocr_line' id='line_1_23' title="bbox 236 2415 778 2476; baseline 0.006 -19"><span class='ocrx_word' id='word_1_147' title='bbox 236 2417 313 2457; x_wconf 72' lang='lat' dir='ltr'><strong>bra</strong></span> <span class='ocrx_word' id='word_1_148' title='bbox 326 2417 488 2476; x_wconf 71' lang='lat' dir='ltr'><strong>meidit.</strong></span> <span class='ocrx_word' id='word_1_149' title='bbox 508 2415 778 2460; x_wconf 82' lang='lat' dir='ltr'><strong>Semiramis.</strong></span> 
     </span>
    </p>

    <p class='ocr_par' dir='ltr' id='par_1_7' title="bbox 226 2478 1083 2720">
     <span class='ocr_line' id='line_1_24' title="bbox 290 2478 1083 2540; baseline 0.008 -21"><span class='ocrx_word' id='word_1_150' title='bbox 290 2478 330 2520; x_wconf 85' lang='lat'><strong>5.</strong></span> <span class='ocrx_word' id='word_1_151' title='bbox 357 2479 410 2521; x_wconf 83' lang='lat' dir='ltr'><strong>In</strong></span> <span class='ocrx_word' id='word_1_152' title='bbox 433 2483 681 2537; x_wconf 79' lang='lat' dir='ltr'><strong>obsequium.</strong></span> <span class='ocrx_word' id='word_1_153' title='bbox 710 2482 919 2526; x_wconf 89' lang='lat' dir='ltr'><strong>Meliores</strong></span> <span class='ocrx_word' id='word_1_154' title='bbox 934 2514 946 2537; x_wconf 90' lang='lat'><strong>,</strong></span> <span class='ocrx_word' id='word_1_155' title='bbox 976 2482 1083 2540; x_wconf 84' lang='lat' dir='ltr'><strong>offi-</strong></span> 
     </span>
     <span class='ocr_line' id='line_1_25' title="bbox 235 2545 1083 2604; baseline 0.007 -17"><span class='ocrx_word' id='word_1_156' title='bbox 235 2547 343 2587; x_wconf 78' lang='lat' dir='ltr'><strong>cium</strong></span> <span class='ocrx_word' id='word_1_157' title='bbox 358 2578 368 2596; x_wconf 94' lang='lat'><strong>,</strong></span> <span class='ocrx_word' id='word_1_158' title='bbox 392 2552 438 2589; x_wconf 77' lang='lat' dir='ltr'><strong>et</strong></span> <span class='ocrx_word' id='word_1_159' title='bbox 455 2545 590 2590; x_wconf 85' lang='lat' dir='ltr'><strong>iidem</strong></span> <span class='ocrx_word' id='word_1_160' title='bbox 607 2563 710 2591; x_wconf 91' lang='lat' dir='ltr'><strong>cum</strong></span> <span class='ocrx_word' id='word_1_161' title='bbox 730 2547 895 2591; x_wconf 78' lang='lat' dir='ltr'><strong>Douzae</strong></span> <span class='ocrx_word' id='word_1_162' title='bbox 910 2547 1056 2592; x_wconf 83' lang='lat' dir='ltr'><strong>codice</strong></span> <span class='ocrx_word' id='word_1_163' title='bbox 1070 2581 1083 2604; x_wconf 91' lang='lat'><strong>,</strong></span> 
     </span>
     <span class='ocr_line' id='line_1_26' title="bbox 226 2611 1081 2670; baseline 0.007 -18"><span class='ocrx_word' id='word_1_164' title='bbox 226 2611 504 2667; x_wconf 81' lang='lat' dir='ltr'><strong>placidusque</strong></span> <span class='ocrx_word' id='word_1_165' title='bbox 511 2616 754 2669; x_wconf 60' lang='lat' dir='ltr'><strong>meantibus</strong></span> <span class='ocrx_word' id='word_1_166' title='bbox 766 2627 779 2654; x_wconf 82' lang='lat'><strong>.·</strong></span> <span class='ocrx_word' id='word_1_167' title='bbox 786 2618 1061 2670; x_wconf 78' lang='lat' dir='ltr'><strong>precantibus</strong></span> <span class='ocrx_word' id='word_1_168' title='bbox 1069 2649 1081 2669; x_wconf 93' lang='lat'><strong>,</strong></span> 
     </span>
     <span class='ocr_line' id='line_1_27' title="bbox 235 2674 453 2720; baseline 0.014 -3"><span class='ocrx_word' id='word_1_169' title='bbox 235 2674 325 2718; x_wconf 89' lang='lat' dir='ltr'><strong>duo</strong></span> <span class='ocrx_word' id='word_1_170' title='bbox 342 2675 453 2720; x_wconf 86' lang='lat' dir='ltr'><strong>libri.</strong></span> 
     </span>
    </p>

    <p class='ocr_par' dir='ltr' id='par_1_8' title="bbox 233 2742 1085 2918">
     <span class='ocr_line' id='line_1_28' title="bbox 288 2742 1085 2800; baseline 0.004 -15"><span class='ocrx_word' id='word_1_171' title='bbox 288 2742 327 2785; x_wconf 80' lang='lat'><strong>6.</strong></span> <span class='ocrx_word' id='word_1_172' title='bbox 342 2743 650 2799; x_wconf 64' lang='lat' dir='ltr'><strong>Pretepuzlrsel.</strong></span> <span class='ocrx_word' id='word_1_173' title='bbox 665 2746 796 2788; x_wconf 75' lang='lat' dir='ltr'><strong>Parte</strong></span> <span class='ocrx_word' id='word_1_174' title='bbox 790 2743 959 2800; x_wconf 57' lang='lat' dir='ltr'><strong>suis-sel</strong></span> <span class='ocrx_word' id='word_1_175' title='bbox 962 2778 972 2795; x_wconf 95' lang='lat'><em>‚</em></span> <span class='ocrx_word' id='word_1_176' title='bbox 991 2745 1085 2788; x_wconf 87' lang='lat' dir='ltr'><strong>Pu-</strong></span> 
     </span>
     <span class='ocr_line' id='line_1_29' title="bbox 234 2806 1085 2864; baseline 0.006 -16"><span class='ocrx_word' id='word_1_177' title='bbox 234 2812 415 2850; x_wconf 78' lang='lat' dir='ltr'><strong>teaneus</strong></span> <span class='ocrx_word' id='word_1_178' title='bbox 436 2806 546 2850; x_wconf 83' lang='lat' dir='ltr'><strong>alter</strong></span> <span class='ocrx_word' id='word_1_179' title='bbox 565 2808 838 2853; x_wconf 83' lang='lat' dir='ltr'><strong>Francosurt.</strong></span> <span class='ocrx_word' id='word_1_180' title='bbox 855 2842 867 2864; x_wconf 87' lang='lat'><strong>,</strong></span> <span class='ocrx_word' id='word_1_181' title='bbox 890 2825 993 2853; x_wconf 89' lang='lat' dir='ltr'><strong>cum</strong></span> <span class='ocrx_word' id='word_1_182' title='bbox 1011 2808 1085 2853; x_wconf 85' lang='lat' dir='ltr'><strong>tri-</strong></span> 
     </span>
     <span class='ocr_line' id='line_1_30' title="bbox 233 2873 438 2918; baseline 0.01 -2"><span class='ocrx_word' id='word_1_183' title='bbox 233 2873 315 2918; x_wconf 84' lang='lat' dir='ltr'><strong>bus</strong></span> <span class='ocrx_word' id='word_1_184' title='bbox 335 2873 438 2918; x_wconf 85' lang='lat' dir='ltr'><strong>aliis.</strong></span> 
     </span>
    </p>

    <p class='ocr_par' dir='ltr' id='par_1_9' title="bbox 196 2940 1087 3436">
     <span class='ocr_line' id='line_1_31' title="bbox 291 2940 1085 2999; baseline 0.005 -18"><span class='ocrx_word' id='word_1_185' title='bbox 291 2954 328 2996; x_wconf 86' lang='lat'><strong>7.</strong></span> <span class='ocrx_word' id='word_1_186' title='bbox 347 2941 444 2983; x_wconf 82' lang='lat' dir='ltr'><strong>Non</strong></span> <span class='ocrx_word' id='word_1_187' title='bbox 455 2944 501 2982; x_wconf 83' lang='lat' dir='ltr'><strong>tu</strong></span> <span class='ocrx_word' id='word_1_188' title='bbox 513 2944 642 2984; x_wconf 70' lang='lat' dir='ltr'><strong>natus</strong></span> <span class='ocrx_word' id='word_1_189' title='bbox 653 2957 758 2999; x_wconf 80' lang='lat' dir='ltr'><strong>equo</strong></span> <span class='ocrx_word' id='word_1_190' title='bbox 770 2948 850 2985; x_wconf 86' lang='lat' dir='ltr'><strong>etc.</strong></span> <span class='ocrx_word' id='word_1_191' title='bbox 866 2940 1085 2992; x_wconf 76' lang='lat' dir='ltr'><strong>Demons-</strong></span> 
     </span>
     <span class='ocr_line' id='line_1_32' title="bbox 234 3003 1083 3063; baseline 0.007 -18"><span class='ocrx_word' id='word_1_192' title='bbox 234 3010 322 3046; x_wconf 79' lang='lat' dir='ltr'><strong>trat</strong></span> <span class='ocrx_word' id='word_1_193' title='bbox 357 3003 468 3047; x_wconf 88' lang='lat' dir='ltr'><strong>nihil</strong></span> <span class='ocrx_word' id='word_1_194' title='bbox 502 3004 582 3063; x_wconf 83' lang='lat' dir='ltr'><strong>ipsi</strong></span> <span class='ocrx_word' id='word_1_195' title='bbox 620 3006 774 3050; x_wconf 87' lang='lat' dir='ltr'><strong>melius</strong></span> <span class='ocrx_word' id='word_1_196' title='bbox 810 3006 1046 3051; x_wconf 85' lang='lat' dir='ltr'><strong>convenire</strong></span> <span class='ocrx_word' id='word_1_197' title='bbox 1071 3040 1083 3063; x_wconf 88' lang='lat'><strong>,</strong></span> 
     </span>
     <span class='ocr_line' id='line_1_33' title="bbox 237 3067 1086 3129; baseline 0.006 -19"><span class='ocrx_word' id='word_1_198' title='bbox 237 3083 370 3125; x_wconf 88' lang='lat' dir='ltr'><strong>quam</strong></span> <span class='ocrx_word' id='word_1_199' title='bbox 388 3067 424 3112; x_wconf 84' lang='lat' dir='ltr'><strong>si</strong></span> <span class='ocrx_word' id='word_1_200' title='bbox 450 3068 641 3114; x_wconf 79' lang='lat' dir='ltr'><strong>dominae</strong></span> <span class='ocrx_word' id='word_1_201' title='bbox 660 3071 739 3115; x_wconf 87' lang='lat' dir='ltr'><strong>sibi</strong></span> <span class='ocrx_word' id='word_1_202' title='bbox 763 3072 946 3129; x_wconf 80' lang='lat' dir='ltr'><strong>gratiam</strong></span> <span class='ocrx_word' id='word_1_203' title='bbox 968 3087 1086 3116; x_wconf 90' lang='lat' dir='ltr'><strong>con-</strong></span> 
     </span>
     <span class='ocr_line' id='line_1_34' title="bbox 234 3132 1086 3193; baseline 0.002 -16"><span class='ocrx_word' id='word_1_204' title='bbox 234 3132 373 3188; x_wconf 83' lang='lat' dir='ltr'><strong>ciliet,</strong></span> <span class='ocrx_word' id='word_1_205' title='bbox 407 3137 571 3178; x_wconf 82' lang='lat' dir='ltr'><strong>mollem</strong></span> <span class='ocrx_word' id='word_1_206' title='bbox 592 3151 637 3179; x_wconf 88' lang='lat' dir='ltr'><strong>se</strong></span> <span class='ocrx_word' id='word_1_207' title='bbox 668 3136 864 3193; x_wconf 81' lang='lat' dir='ltr'><strong>praehens</strong></span> <span class='ocrx_word' id='word_1_208' title='bbox 883 3140 929 3179; x_wconf 76' lang='lat' dir='ltr'><strong>in</strong></span> <span class='ocrx_word' id='word_1_209' title='bbox 953 3139 1086 3179; x_wconf 81' lang='lat' dir='ltr'><strong>obse—</strong></span> 
     </span>
     <span class='ocr_line' id='line_1_35' title="bbox 235 3199 1087 3256; baseline 0.002 -16"><span class='ocrx_word' id='word_1_210' title='bbox 235 3201 394 3255; x_wconf 75' lang='lat' dir='ltr'><strong>quium,</strong></span> <span class='ocrx_word' id='word_1_211' title='bbox 414 3205 458 3241; x_wconf 85' lang='lat' dir='ltr'><strong>et</strong></span> <span class='ocrx_word' id='word_1_212' title='bbox 474 3199 911 3255; x_wconf 74' lang='lat' dir='ltr'><strong>rogantt‘busfacilem.</strong></span> <span class='ocrx_word' id='word_1_213' title='bbox 929 3199 1087 3256; x_wconf 86' lang='lat' dir='ltr'><strong>Quum</strong></span> 
     </span>
     <span class='ocr_line' id='line_1_36' title="bbox 196 3262 1083 3320; baseline 0 -13"><span class='ocrx_word' id='word_1_214' title='bbox 196 3270 204 3281; x_wconf 64' lang='lat'>⁸</span> <span class='ocrx_word' id='word_1_215' title='bbox 236 3262 359 3307; x_wconf 86' lang='lat' dir='ltr'><strong>enim</strong></span> <span class='ocrx_word' id='word_1_216' title='bbox 376 3278 455 3306; x_wconf 83' lang='lat' dir='ltr'><strong>nec</strong></span> <span class='ocrx_word' id='word_1_217' title='bbox 470 3279 573 3320; x_wconf 83' lang='lat' dir='ltr'><strong>equo</strong></span> <span class='ocrx_word' id='word_1_218' title='bbox 591 3264 719 3307; x_wconf 80' lang='lat' dir='ltr'><strong>natus</strong></span> <span class='ocrx_word' id='word_1_219' title='bbox 738 3265 792 3308; x_wconf 85' lang='lat' dir='ltr'><strong>sit</strong></span> <span class='ocrx_word' id='word_1_220' title='bbox 806 3298 819 3319; x_wconf 94' lang='lat'><strong>,</strong></span> <span class='ocrx_word' id='word_1_221' title='bbox 841 3280 919 3308; x_wconf 84' lang='lat' dir='ltr'><strong>nec</strong></span> <span class='ocrx_word' id='word_1_222' title='bbox 932 3270 1083 3317; x_wconf 81' lang='lat' dir='ltr'><em>annis,</em></span> 
     </span>
     <span class='ocr_line' id='line_1_37' title="bbox 238 3327 1086 3387; baseline 0.004 -16"><span class='ocrx_word' id='word_1_223' title='bbox 238 3327 363 3371; x_wconf 84' lang='lat' dir='ltr'><strong>decet</strong></span> <span class='ocrx_word' id='word_1_224' title='bbox 381 3343 479 3384; x_wconf 81' lang='lat' dir='ltr'><strong>spes</strong></span> <span class='ocrx_word' id='word_1_225' title='bbox 499 3343 602 3371; x_wconf 89' lang='lat' dir='ltr'><strong>eum</strong></span> <span class='ocrx_word' id='word_1_226' title='bbox 629 3331 856 3385; x_wconf 68' lang='lat' dir='ltr'><strong>deponere,</strong></span> <span class='ocrx_word' id='word_1_227' title='bbox 887 3345 983 3387; x_wconf 85' lang='lat' dir='ltr'><strong>quae</strong></span> <span class='ocrx_word' id='word_1_228' title='bbox 1009 3334 1086 3374; x_wconf 81' lang='lat' dir='ltr'><strong>vi—</strong></span> 
     </span>
     <span class='ocr_line' id='line_1_38' title="bbox 238 3401 505 3436; baseline 0 0"><span class='ocrx_word' id='word_1_229' title='bbox 238 3410 373 3436; x_wconf 85' lang='lat' dir='ltr'><strong>mrum</strong></span> <span class='ocrx_word' id='word_1_230' title='bbox 390 3401 505 3436; x_wconf 86' lang='lat' dir='ltr'><strong>sunt.</strong></span> 
     </span>
    </p>
   </div>
   <div class='ocr_carea' id='block_1_4' title="bbox 292 3460 1087 3517">
    <p class='ocr_par' dir='ltr' id='par_1_10' title="bbox 292 3460 1087 3517">
     <span class='ocr_line' id='line_1_39' title="bbox 292 3460 1087 3517; baseline 0.001 -14"><span class='ocrx_word' id='word_1_231' title='bbox 292 3473 333 3517; x_wconf 81' lang='lat'><strong>9.</strong></span> <span class='ocrx_word' id='word_1_232' title='bbox 370 3461 413 3503; x_wconf 85' lang='lat' dir='ltr'><em>T</em></span> <span class='ocrx_word' id='word_1_233' title='bbox 406 3464 586 3504; x_wconf 74' lang='lat' dir='ltr'><strong>ructant.</strong></span> <span class='ocrx_word' id='word_1_234' title='bbox 621 3462 841 3514; x_wconf 77' lang='lat' dir='ltr'><strong>Tmctent,</strong></span> <span class='ocrx_word' id='word_1_235' title='bbox 872 3460 1087 3507; x_wconf 85' lang='lat' dir='ltr'><strong>meliores.</strong></span> 
     </span>
    </p>
   </div>
   <div class='ocr_carea' id='block_1_5' title="bbox 1161 2078 2024 2801">
    <p class='ocr_par' dir='ltr' id='par_1_11' title="bbox 1161 2078 2024 2733">
     <span class='ocr_line' id='line_1_40' title="bbox 1224 2078 2018 2146; baseline -0.008 -11"><span class='ocrx_word' id='word_1_236' title='bbox 1224 2091 1285 2135; x_wconf 85' lang='lat'><strong>13.</strong></span> <span class='ocrx_word' id='word_1_237' title='bbox 1325 2092 1414 2134; x_wconf 80' lang='lat' dir='ltr'><strong>Es!</strong></span> <span class='ocrx_word' id='word_1_238' title='bbox 1437 2093 1568 2133; x_wconf 77' lang='lat' dir='ltr'><strong>ele‘am</strong></span> <span class='ocrx_word' id='word_1_239' title='bbox 1584 2088 1733 2146; x_wconf 76' lang='lat' dir='ltr'><strong>sact&#39;es</strong></span> <span class='ocrx_word' id='word_1_240' title='bbox 1763 2078 1845 2132; x_wconf 53' lang='lat' dir='ltr'><strong>e&#39;tc.</strong></span> <span class='ocrx_word' id='word_1_241' title='bbox 1881 2086 2018 2143; x_wconf 77' lang='lat' dir='ltr'><strong>Quasi</strong></span> 
     </span>
     <span class='ocr_line' id='line_1_41' title="bbox 1164 2153 2017 2209; baseline -0.006 -10"><span class='ocrx_word' id='word_1_242' title='bbox 1164 2155 1299 2201; x_wconf 82' lang='lat' dir='ltr'><strong>dicat:</strong></span> <span class='ocrx_word' id='word_1_243' title='bbox 1321 2165 1446 2200; x_wconf 83' lang='lat' dir='ltr'><strong>utere</strong></span> <span class='ocrx_word' id='word_1_244' title='bbox 1467 2155 1706 2199; x_wconf 82' lang='lat' dir='ltr'><strong>momentis</strong></span> <span class='ocrx_word' id='word_1_245' title='bbox 1721 2186 1734 2209; x_wconf 90' lang='lat'>‚</span> <span class='ocrx_word' id='word_1_246' title='bbox 1757 2153 1867 2197; x_wconf 86' lang='lat' dir='ltr'><strong>dum</strong></span> <span class='ocrx_word' id='word_1_247' title='bbox 1869 2153 2017 2207; x_wconf 81' lang='lat' dir='ltr'><strong>sace‘es</strong></span> 
     </span>
     <span class='ocr_line' id='line_1_42' title="bbox 1164 2218 2019 2278; baseline -0.006 -13"><span class='ocrx_word' id='word_1_248' title='bbox 1164 2221 1356 2267; x_wconf 77' lang='lat' dir='ltr'><strong>dominae</strong></span> <span class='ocrx_word' id='word_1_249' title='bbox 1376 2230 1420 2264; x_wconf 80' lang='lat' dir='ltr'><strong>et</strong></span> <span class='ocrx_word' id='word_1_250' title='bbox 1442 2230 1543 2265; x_wconf 73' lang='lat' dir='ltr'><strong>aetas</strong></span> <span class='ocrx_word' id='word_1_251' title='bbox 1565 2229 1675 2278; x_wconf 64' lang='lat' dir='ltr'><strong>apte</strong></span> <span class='ocrx_word' id='word_1_252' title='bbox 1696 2223 1826 2262; x_wconf 76' lang='lat' dir='ltr'><strong>eliam</strong></span> <span class='ocrx_word' id='word_1_253' title='bbox 1846 2218 2019 2261; x_wconf 81' lang='lat' dir='ltr'><strong>amori-</strong></span> 
     </span>
     <span class='ocr_line' id='line_1_43' title="bbox 1162 2285 2018 2340; baseline -0.005 -10"><span class='ocrx_word' id='word_1_254' title='bbox 1162 2286 1256 2330; x_wconf 83' lang='lat' dir='ltr'><strong>bus.</strong></span> <span class='ocrx_word' id='word_1_255' title='bbox 1277 2286 1424 2329; x_wconf 89' lang='lat' dir='ltr'><strong>Tuam</strong></span> <span class='ocrx_word' id='word_1_256' title='bbox 1443 2285 1564 2330; x_wconf 90' lang='lat' dir='ltr'><strong>enim</strong></span> <span class='ocrx_word' id='word_1_257' title='bbox 1585 2300 1736 2328; x_wconf 85' lang='lat' dir='ltr'><strong>curam</strong></span> <span class='ocrx_word' id='word_1_258' title='bbox 1750 2316 1763 2337; x_wconf 91' lang='lat'><strong>,</strong></span> <span class='ocrx_word' id='word_1_259' title='bbox 1787 2292 2018 2340; x_wconf 83' lang='lat' dir='ltr'><strong>quantum-</strong></span> 
     </span>
     <span class='ocr_line' id='line_1_44' title="bbox 1161 2349 2019 2407; baseline -0.006 -12"><span class='ocrx_word' id='word_1_260' title='bbox 1161 2352 1225 2395; x_wconf 80' lang='lat' dir='ltr'><strong>vis</strong></span> <span class='ocrx_word' id='word_1_261' title='bbox 1254 2355 1474 2395; x_wconf 76' lang='lat' dir='ltr'><strong>molestam</strong></span> <span class='ocrx_word' id='word_1_262' title='bbox 1493 2386 1503 2402; x_wconf 90' lang='lat'><strong>,</strong></span> <span class='ocrx_word' id='word_1_263' title='bbox 1527 2351 1689 2407; x_wconf 85' lang='lat' dir='ltr'><strong>fallere</strong></span> <span class='ocrx_word' id='word_1_264' title='bbox 1717 2354 1863 2405; x_wconf 78' lang='lat' dir='ltr'><strong>poluit</strong></span> <span class='ocrx_word' id='word_1_265' title='bbox 1875 2383 1886 2399; x_wconf 93' lang='lat'><strong>,</strong></span> <span class='ocrx_word' id='word_1_266' title='bbox 1920 2349 2019 2406; x_wconf 83' lang='lat' dir='ltr'><strong>quia</strong></span> 
     </span>
     <span class='ocr_line' id='line_1_45' title="bbox 1163 2414 2020 2473; baseline -0.002 -14"><span class='ocrx_word' id='word_1_267' title='bbox 1163 2432 1255 2459; x_wconf 88' lang='lat' dir='ltr'><strong>non</strong></span> <span class='ocrx_word' id='word_1_268' title='bbox 1271 2416 1432 2473; x_wconf 81' lang='lat' dir='ltr'><strong>effectu</strong></span> <span class='ocrx_word' id='word_1_269' title='bbox 1443 2421 1581 2465; x_wconf 76' lang='lat' dir='ltr'><strong>caret,</strong></span> <span class='ocrx_word' id='word_1_270' title='bbox 1600 2414 1718 2472; x_wconf 87' lang='lat' dir='ltr'><strong>quod</strong></span> <span class='ocrx_word' id='word_1_271' title='bbox 1733 2418 1901 2458; x_wconf 83' lang='lat' dir='ltr'><strong>voluere</strong></span> <span class='ocrx_word' id='word_1_272' title='bbox 1914 2417 1999 2457; x_wconf 85' lang='lat' dir='ltr'><strong>duo</strong></span> <span class='ocrx_word' id='word_1_273' title='bbox 2011 2449 2020 2461; x_wconf 84' lang='lat'><strong>.</strong></span> 
     </span>
     <span class='ocr_line' id='line_1_46' title="bbox 1165 2480 2021 2539; baseline -0.004 -15"><span class='ocrx_word' id='word_1_274' title='bbox 1165 2482 1239 2539; x_wconf 89' lang='lat' dir='ltr'><strong>qui</strong></span> <span class='ocrx_word' id='word_1_275' title='bbox 1259 2482 1447 2526; x_wconf 88' lang='lat' dir='ltr'><strong>invicem</strong></span> <span class='ocrx_word' id='word_1_276' title='bbox 1463 2498 1555 2526; x_wconf 89' lang='lat' dir='ltr'><strong>sese</strong></span> <span class='ocrx_word' id='word_1_277' title='bbox 1575 2489 1739 2524; x_wconf 85' lang='lat' dir='ltr'><strong>amant.</strong></span> <span class='ocrx_word' id='word_1_278' title='bbox 1760 2482 1919 2536; x_wconf 73' lang='lat' dir='ltr'><strong>Aptius</strong></span> <span class='ocrx_word' id='word_1_279' title='bbox 1937 2480 2021 2537; x_wconf 84' lang='lat' dir='ltr'><strong>igi-</strong></span> 
     </span>
     <span class='ocr_line' id='line_1_47' title="bbox 1165 2546 2020 2604; baseline -0.001 -14"><span class='ocrx_word' id='word_1_280' title='bbox 1165 2555 1239 2590; x_wconf 78' lang='lat' dir='ltr'><strong>tur</strong></span> <span class='ocrx_word' id='word_1_281' title='bbox 1265 2546 1421 2591; x_wconf 84' lang='lat' dir='ltr'><strong>cedere</strong></span> <span class='ocrx_word' id='word_1_282' title='bbox 1446 2555 1489 2590; x_wconf 87' lang='lat' dir='ltr'><strong>te</strong></span> <span class='ocrx_word' id='word_1_283' title='bbox 1510 2546 1762 2604; x_wconf 85' lang='lat' dir='ltr'><strong>rogantium</strong></span> <span class='ocrx_word' id='word_1_284' title='bbox 1792 2546 2020 2603; x_wconf 70' lang='lat' dir='ltr'><strong>precibus2</strong></span> 
     </span>
     <span class='ocr_line' id='line_1_48' title="bbox 1166 2611 2024 2667; baseline -0.002 -12"><span class='ocrx_word' id='word_1_285' title='bbox 1166 2620 1212 2655; x_wconf 86' lang='lat' dir='ltr'><strong>et</strong></span> <span class='ocrx_word' id='word_1_286' title='bbox 1235 2612 1348 2656; x_wconf 89' lang='lat' dir='ltr'><strong>bene</strong></span> <span class='ocrx_word' id='word_1_287' title='bbox 1364 2645 1376 2667; x_wconf 89' lang='lat'><strong>,</strong></span> <span class='ocrx_word' id='word_1_288' title='bbox 1408 2611 1517 2655; x_wconf 86' lang='lat' dir='ltr'><strong>dum</strong></span> <span class='ocrx_word' id='word_1_289' title='bbox 1539 2617 1701 2667; x_wconf 79' lang='lat' dir='ltr'><strong>tempus</strong></span> <span class='ocrx_word' id='word_1_290' title='bbox 1721 2614 1854 2654; x_wconf 84' lang='lat' dir='ltr'><strong>habes</strong></span> <span class='ocrx_word' id='word_1_291' title='bbox 1868 2646 1879 2662; x_wconf 91' lang='lat'>‚</span> <span class='ocrx_word' id='word_1_292' title='bbox 1923 2627 2024 2654; x_wconf 85' lang='lat' dir='ltr'><strong>mu-</strong></span> 
     </span>
     <span class='ocr_line' id='line_1_49' title="bbox 1163 2676 1884 2733; baseline -0.003 -12"><span class='ocrx_word' id='word_1_293' title='bbox 1163 2692 1268 2721; x_wconf 80' lang='lat' dir='ltr'><strong>nera</strong></span> <span class='ocrx_word' id='word_1_294' title='bbox 1281 2711 1291 2729; x_wconf 96' lang='lat'><strong>,</strong></span> <span class='ocrx_word' id='word_1_295' title='bbox 1316 2677 1361 2720; x_wconf 90' lang='lat' dir='ltr'><strong>id</strong></span> <span class='ocrx_word' id='word_1_296' title='bbox 1382 2684 1446 2721; x_wconf 78' lang='lat' dir='ltr'><strong>est</strong></span> <span class='ocrx_word' id='word_1_297' title='bbox 1461 2710 1474 2733; x_wconf 89' lang='lat'><strong>,</strong></span> <span class='ocrx_word' id='word_1_298' title='bbox 1496 2677 1639 2720; x_wconf 84' lang='lat' dir='ltr'><strong>officia</strong></span> <span class='ocrx_word' id='word_1_299' title='bbox 1659 2676 1884 2721; x_wconf 82' lang='lat' dir='ltr'><strong>collocare.</strong></span> 
     </span>
    </p>

    <p class='ocr_par' dir='ltr' id='par_1_12' title="bbox 1224 2741 2024 2801">
     <span class='ocr_line' id='line_1_50' title="bbox 1224 2741 2024 2801; baseline -0.004 -15"><span class='ocrx_word' id='word_1_300' title='bbox 1224 2760 1287 2800; x_wconf 84' lang='lat'><strong>17.</strong></span> <span class='ocrx_word' id='word_1_301' title='bbox 1323 2743 1527 2801; x_wconf 77' lang='lat' dir='ltr'><strong>Utfieret.</strong></span> <span class='ocrx_word' id='word_1_302' title='bbox 1549 2745 1719 2793; x_wconf 77' lang='lat' dir='ltr'><strong>Fuen‘l,</strong></span> <span class='ocrx_word' id='word_1_303' title='bbox 1744 2741 1930 2784; x_wconf 86' lang='lat' dir='ltr'><strong>omnino</strong></span> <span class='ocrx_word' id='word_1_304' title='bbox 1949 2741 2024 2784; x_wconf 88' lang='lat' dir='ltr'><strong>le—</strong></span> 
     </span>
    </p>
   </div>
   <div class='ocr_carea' id='block_1_6' title="bbox 1133 2804 2023 2864">
    <p class='ocr_par' dir='ltr' id='par_1_13' title="bbox 1133 2804 2023 2864">
     <span class='ocr_line' id='line_1_51' title="bbox 1133 2804 2023 2864; baseline -0.004 -14"><span class='ocrx_word' id='word_1_305' title='bbox 1133 2846 1139 2851; x_wconf 87' lang='lat'><strong>.</strong></span> <span class='ocrx_word' id='word_1_306' title='bbox 1166 2806 1362 2864; x_wconf 79' lang='lat' dir='ltr'><strong>gendum</strong></span> <span class='ocrx_word' id='word_1_307' title='bbox 1398 2824 1451 2850; x_wconf 83' lang='lat' dir='ltr'><strong>ex</strong></span> <span class='ocrx_word' id='word_1_308' title='bbox 1485 2807 1667 2863; x_wconf 80' lang='lat' dir='ltr'><strong>antiquo</strong></span> <span class='ocrx_word' id='word_1_309' title='bbox 1695 2805 1857 2849; x_wconf 89' lang='lat' dir='ltr'><strong>codice.</strong></span> <span class='ocrx_word' id='word_1_310' title='bbox 1888 2804 2023 2847; x_wconf 67' lang='lat' dir='ltr'><strong>MAR.</strong></span> 
     </span>
    </p>
   </div>
   <div class='ocr_carea' id='block_1_7' title="bbox 1164 2870 2026 3518">
    <p class='ocr_par' dir='ltr' id='par_1_14' title="bbox 1164 2870 2022 3127">
     <span class='ocr_line' id='line_1_52' title="bbox 1164 2870 2022 2926; baseline -0.003 -11"><span class='ocrx_word' id='word_1_311' title='bbox 1164 2872 1297 2916; x_wconf 89' lang='lat' dir='ltr'><strong>Liber</strong></span> <span class='ocrx_word' id='word_1_312' title='bbox 1317 2873 1582 2916; x_wconf 77' lang='lat' dir='ltr'><strong>Mass&#39;eianus</strong></span> <span class='ocrx_word' id='word_1_313' title='bbox 1598 2905 1610 2926; x_wconf 86' lang='lat'><strong>,</strong></span> <span class='ocrx_word' id='word_1_314' title='bbox 1635 2873 1795 2926; x_wconf 81' lang='lat' dir='ltr'><strong>Aptius</strong></span> <span class='ocrx_word' id='word_1_315' title='bbox 1813 2870 2022 2926; x_wconf 76' lang='lat' dir='ltr'><strong>utfueril.</strong></span> 
     </span>
     <span class='ocr_line' id='line_1_53' title="bbox 1170 2935 2022 2992; baseline -0.005 -11"><span class='ocrx_word' id='word_1_316' title='bbox 1170 2937 1301 2982; x_wconf 78' lang='lat' dir='ltr'><strong>Ctor.</strong></span> <span class='ocrx_word' id='word_1_317' title='bbox 1316 2938 1466 2992; x_wconf 78' lang='lat' dir='ltr'><strong>Forte,</strong></span> <span class='ocrx_word' id='word_1_318' title='bbox 1488 2939 1646 2992; x_wconf 81' lang='lat' dir='ltr'><strong>Aptius</strong></span> <span class='ocrx_word' id='word_1_319' title='bbox 1664 2935 1869 2991; x_wconf 81' lang='lat' dir='ltr'><strong>atsuerit.</strong></span> <span class='ocrx_word' id='word_1_320' title='bbox 1884 2937 1945 2979; x_wconf 89' lang='lat' dir='ltr'><strong>H.</strong></span> <span class='ocrx_word' id='word_1_321' title='bbox 1963 2960 2022 2968; x_wconf 90' lang='lat'>—</span> 
     </span>
     <span class='ocr_line' id='line_1_54' title="bbox 1173 2999 2015 3062; baseline -0.001 -17"><span class='ocrx_word' id='word_1_322' title='bbox 1173 3004 1392 3062; x_wconf 67' lang='lat' dir='ltr'><strong>Teutas-se.</strong></span> <span class='ocrx_word' id='word_1_323' title='bbox 1421 3005 1602 3045; x_wconf 77' lang='lat' dir='ltr'><strong>Tentare</strong></span> <span class='ocrx_word' id='word_1_324' title='bbox 1616 3034 1628 3052; x_wconf 94' lang='lat'><strong>,</strong></span> <span class='ocrx_word' id='word_1_325' title='bbox 1665 2999 1801 3044; x_wconf 88' lang='lat' dir='ltr'><strong>codex</strong></span> <span class='ocrx_word' id='word_1_326' title='bbox 1823 2999 1989 3044; x_wconf 83' lang='lat' dir='ltr'><strong>Douzae</strong></span> <span class='ocrx_word' id='word_1_327' title='bbox 2004 3032 2015 3053; x_wconf 93' lang='lat'>‚</span> 
     </span>
     <span class='ocr_line' id='line_1_55' title="bbox 1169 3068 1545 3127; baseline -0.011 -14"><span class='ocrx_word' id='word_1_328' title='bbox 1169 3078 1214 3113; x_wconf 85' lang='lat' dir='ltr'><strong>et</strong></span> <span class='ocrx_word' id='word_1_329' title='bbox 1233 3070 1375 3127; x_wconf 87' lang='lat' dir='ltr'><strong>prima</strong></span> <span class='ocrx_word' id='word_1_330' title='bbox 1396 3068 1545 3112; x_wconf 85' lang='lat' dir='ltr'><strong>editio.</strong></span> 
     </span>
    </p>

    <p class='ocr_par' dir='ltr' id='par_1_15' title="bbox 1166 3135 2026 3518">
     <span class='ocr_line' id='line_1_56' title="bbox 1227 3135 2020 3189; baseline -0.003 -12"><span class='ocrx_word' id='word_1_331' title='bbox 1227 3152 1244 3177; x_wconf 89' lang='lat'>1</span> <span class='ocrx_word' id='word_1_332' title='bbox 1252 3136 1290 3178; x_wconf 87' lang='lat'><strong>8.</strong></span> <span class='ocrx_word' id='word_1_333' title='bbox 1302 3138 1424 3178; x_wconf 84' lang='lat' dir='ltr'><strong>Bene</strong></span> <span class='ocrx_word' id='word_1_334' title='bbox 1429 3135 1627 3188; x_wconf 81' lang='lat' dir='ltr'><strong>ponendi.</strong></span> <span class='ocrx_word' id='word_1_335' title='bbox 1641 3136 1763 3176; x_wconf 81' lang='lat' dir='ltr'><strong>Bene</strong></span> <span class='ocrx_word' id='word_1_336' title='bbox 1767 3135 2020 3189; x_wconf 66' lang='lat' dir='ltr'><strong>prestandi,</strong></span> 
     </span>
     <span class='ocr_line' id='line_1_57' title="bbox 1167 3198 2020 3256; baseline -0.005 -13"><span class='ocrx_word' id='word_1_337' title='bbox 1167 3199 1467 3243; x_wconf 80' lang='lat' dir='ltr'><strong>Scriverianus</strong></span> <span class='ocrx_word' id='word_1_338' title='bbox 1482 3231 1494 3254; x_wconf 92' lang='lat'><strong>,</strong></span> <span class='ocrx_word' id='word_1_339' title='bbox 1524 3198 1643 3256; x_wconf 86' lang='lat' dir='ltr'><strong>quod</strong></span> <span class='ocrx_word' id='word_1_340' title='bbox 1665 3199 1907 3256; x_wconf 84' lang='lat' dir='ltr'><strong>glossatoris</strong></span> <span class='ocrx_word' id='word_1_341' title='bbox 1928 3206 1992 3240; x_wconf 83' lang='lat' dir='ltr'><strong>est</strong></span> <span class='ocrx_word' id='word_1_342' title='bbox 2010 3214 2020 3239; x_wconf 90' lang='lat'><strong>:</strong></span> 
     </span>
     <span class='ocr_line' id='line_1_58' title="bbox 1166 3263 2024 3308; baseline -0.001 -1"><span class='ocrx_word' id='word_1_343' title='bbox 1166 3264 1328 3307; x_wconf 81' lang='lat' dir='ltr'><strong>locutio</strong></span> <span class='ocrx_word' id='word_1_344' title='bbox 1341 3264 1461 3307; x_wconf 90' lang='lat' dir='ltr'><strong>enim</strong></span> <span class='ocrx_word' id='word_1_345' title='bbox 1469 3263 1562 3308; x_wconf 84' lang='lat' dir='ltr'><strong>haec</strong></span> <span class='ocrx_word' id='word_1_346' title='bbox 1573 3280 1597 3307; x_wconf 90' lang='lat' dir='ltr'><strong>a</strong></span> <span class='ocrx_word' id='word_1_347' title='bbox 1609 3264 1943 3307; x_wconf 77' lang='lat' dir='ltr'><strong>foeneratoribus</strong></span> <span class='ocrx_word' id='word_1_348' title='bbox 1957 3271 2024 3306; x_wconf 83' lang='lat' dir='ltr'><strong>est</strong></span> 
     </span>
     <span class='ocr_line' id='line_1_59' title="bbox 1168 3329 2023 3386; baseline -0.004 -14"><span class='ocrx_word' id='word_1_349' title='bbox 1168 3329 1368 3373; x_wconf 86' lang='lat' dir='ltr'><strong>desumta</strong></span> <span class='ocrx_word' id='word_1_350' title='bbox 1384 3362 1396 3383; x_wconf 95' lang='lat'><strong>,</strong></span> <span class='ocrx_word' id='word_1_351' title='bbox 1420 3329 1494 3386; x_wconf 87' lang='lat' dir='ltr'><strong>qui</strong></span> <span class='ocrx_word' id='word_1_352' title='bbox 1507 3334 1674 3385; x_wconf 77' lang='lat' dir='ltr'><strong>ponunt</strong></span> <span class='ocrx_word' id='word_1_353' title='bbox 1682 3333 1934 3384; x_wconf 82' lang='lat' dir='ltr'><strong>pecum‘am‚·</strong></span> <span class='ocrx_word' id='word_1_354' title='bbox 1972 3335 2023 3369; x_wconf 84' lang='lat' dir='ltr'><strong>ut</strong></span> 
     </span>
     <span class='ocr_line' id='line_1_60' title="bbox 1170 3394 2026 3452; baseline -0.002 -15"><span class='ocrx_word' id='word_1_355' title='bbox 1170 3396 1283 3439; x_wconf 85' lang='lat' dir='ltr'><strong>Hor.</strong></span> <span class='ocrx_word' id='word_1_356' title='bbox 1304 3394 1444 3452; x_wconf 88' lang='lat' dir='ltr'><strong>Epod.</strong></span> <span class='ocrx_word' id='word_1_357' title='bbox 1466 3409 1503 3438; x_wconf 89' lang='lat'><strong>11</strong></span> <span class='ocrx_word' id='word_1_358' title='bbox 1516 3428 1527 3450; x_wconf 91' lang='lat'><strong>,</strong></span> <span class='ocrx_word' id='word_1_359' title='bbox 1547 3411 1658 3438; x_wconf 82' lang='lat' dir='ltr'><strong>vers.</strong></span> <span class='ocrx_word' id='word_1_360' title='bbox 1676 3394 1752 3437; x_wconf 86' lang='lat' dir='ltr'><strong>ult.</strong></span> <span class='ocrx_word' id='word_1_361' title='bbox 1774 3402 1818 3436; x_wconf 85' lang='lat' dir='ltr'><strong>et</strong></span> <span class='ocrx_word' id='word_1_362' title='bbox 1839 3394 2026 3436; x_wconf 87' lang='lat' dir='ltr'><strong>Terent.</strong></span> 
     </span>
     <span class='ocr_line' id='line_1_61' title="bbox 1171 3457 1999 3518; baseline -0.005 -14"><span class='ocrx_word' id='word_1_363' title='bbox 1171 3459 1360 3518; x_wconf 89' lang='lat' dir='ltr'><strong>Adelph.</strong></span> <span class='ocrx_word' id='word_1_364' title='bbox 1382 3473 1449 3516; x_wconf 86' lang='lat'><strong>11,</strong></span> <span class='ocrx_word' id='word_1_365' title='bbox 1480 3477 1502 3504; x_wconf 81' lang='lat'><em>2</em></span> <span class='ocrx_word' id='word_1_366' title='bbox 1520 3493 1533 3517; x_wconf 90' lang='lat'>‚</span> <span class='ocrx_word' id='word_1_367' title='bbox 1556 3460 1775 3517; x_wconf 74' lang='lat' dir='ltr'><strong>sanctam</strong></span> <span class='ocrx_word' id='word_1_368' title='bbox 1800 3457 1919 3502; x_wconf 82' lang='lat' dir='ltr'><strong>dixit.</strong></span> <span class='ocrx_word' id='word_1_369' title='bbox 1946 3458 1999 3501; x_wconf 92' lang='grc' dir='ltr'><strong>Β.</strong></span> 
     </span>
    </p>
   </div>
  </div>
 </body>
</html>
