2268 3776
223 310 333 363 300

682 312 745 364 P.
806 310 1112 368 OVIDII
1165 312 1547 371 NASONIS

301 427 377 485 Et
405 439 593 487 tenero
625 427 832 489 soleam
858 429 1039 501 deme,
1071 430 1157 491 vel
1186 431 1350 505 adde,
1381 433 1527 515 pedi.

222 523 375 605 Saepe
407 523 569 583 etiam
599 523 865 599 dominae,
897 527 1145 610 quamvis
1174 527 1430 589 horrebis
1461 522 1684 611 etipse,

298 620 557 699 Algentis
581 645 776 684 manus
808 639 893 684 est
921 623 1255 683 calfacienda
1278 624 1422 684 sinu.

218 723 333 783 Nec
364 723 468 782 tibi
500 738 659 807 turpe
689 741 852 808 puta,
886 726 1133 808 quamvis
1161 725 1266 784 tibi
1298 740 1460 809 turpe
1480 773 1495 800 ‚
1520 726 1762 810 placebit
1781 742 1801 799 ‚'

1924 741 2012 787 215*

300 827 551 903 Ingenua
577 827 862 909 speculum
893 828 1222 888 sustinuisse
1251 850 1435 887 manu.

221 928 349 1003 Ille,
379 930 619 1009 fatigatae
648 933 931 1015 perdendo
957 946 1207 993 monstra
1231 955 1505 1005 novercae,

305 1032 422 1111 Qui
448 1035 649 1094 meruit
680 1035 895 1108 c-aelum,
931 1035 1084 1118 quod
1112 1035 1270 1118 prior
1297 1035 1418 1117 ipse
1453 1034 1616 1108 tulit,

222 1135 376 1195 Inter
404 1136 655 1198 Ioniacas
687 1137 964 1198 calathum
992 1138 1235 1199 tenuisse
1264 1135 1480 1220 puellas

308 1238 599 1313 Creditur,
632 1255 688 1301 et
710 1239 862 1301 lanas
890 1240 1194 1302 excoluisse
1225 1240 1410 1301 rudes.
1929 1271 2010 1300 220

224 1431 419 1471 scamn0,
434 1434 521 1474 quo
539 1420 792 1474 utebantur,
807 1420 940 1464 lectos
952 1420 1080 1464 altio-

226 1498 296 1525 res
329 1483 622 1527 conscensuri.
659 1485 804 1527 Varro
825 1485 896 1528 lib.
919 1499 969 1528 1v
985 1518 996 1540 ,
1023 1486 1078 1529 de

225 1545 352 1603 Ling.
384 1547 477 1590 Lat.
512 1550 624 1602 Quia
652 1552 842 1603 simplici
858 1554 1080 1593 scansione

225 1615 487 1656 scandebant
496 1618 540 1657 in
554 1618 705 1658 lectum
721 1633 804 1659 non
823 1620 968 1669 altum,
987 1634 1080 1661 sca-

225 1681 376 1720 bellum
387 1694 403 1733 ;
416 1683 460 1722 in
471 1683 602 1724 altius
611 1715 620 1731 ,
641 1698 867 1725 scamnum.
891 1683 980 1726 Per
995 1686 1080 1726 lec-

224 1750 311 1787 tum
331 1760 436 1787 vero
457 1744 527 1789 hic
549 1762 642 1788 non
661 1746 857 1790 lecticam
872 1781 883 1802 ,
905 1747 981 1791 sed
1000 1748 1080 1791 ad—

225 1809 492 1852 cubitorium
527 1811 819 1868 intelligerem
839 1843 851 1866 ,
890 1814 990 1869 quia
1024 1812 1079 1856 de

225 1872 341 1916 solea
359 1875 572 1930 sequitur,
592 1892 724 1931 quam
740 1877 929 1933 posuisse
945 1876 1079 1920 adcu-

223 1940 394 1985 bituros
407 1974 418 1996 ‚
444 1942 591 1986 notius
624 1953 688 1987 est
705 1977 717 1998 ‚
749 1960 883 2001 quam
913 1953 962 1987 ut
991 1945 1079 1988 de·-

227 2006 464 2048 monstrari
477 2014 612 2062 egeat.
624 2009 854 2063 Supponere
862 2011 968 2051 lecto
976 2008 1082 2050 Ber-

227 2069 383 2112 nensis*
409 2079 453 2114 et
483 2087 595 2114 unus
624 2071 830 2116 Heinsii:
858 2075 1082 2115 subducere

230 2134 374 2178 Vossii
396 2145 440 2179 et
458 2136 725 2180 Hasniensis.
748 2137 914 2180 Bunm.

281 2218 304 2243 2
314 2219 375 2244 12.
399 2205 554 2246 Tenero
567 2206 723 2246 soleam
738 2207 871 2256 deme,
894 2208 968 2247 vel
973 2206 1083 2249 adde

218 2271 333 2322 pedi.
363 2269 708 2327 Exequebantur
741 2272 834 2316 haec
867 2273 994 2330 pueri
1026 2274 1081 2317 ad

227 2331 375 2390 pedes,
398 2344 442 2378 et
463 2335 628 2380 ancillae
649 2354 769 2393 quas,
787 2354 811 2380 e
832 2354 1036 2393 munere,
1055 2355 1081 2382 a

225 2404 424 2444 sandalio
436 2403 666 2446 vocabant.
676 2404 922 2448 Disserebat
933 2414 1082 2448 autem

228 2482 254 2509 a
276 2467 419 2511 calceo
436 2473 553 2513 solea
567 2486 579 2513 :
594 2470 761 2516 calceus
780 2473 901 2515 enim
922 2473 1082 2530 pedem

227 2540 373 2575 totum
386 2534 489 2576 texit
502 2552 511 2586 ;
522 2537 659 2586 solea,
677 2536 869 2592 plantam
881 2546 1056 2580 tantum
1069 2554 1080 2581 ε

228 2616 327 2657 pars
349 2601 470 2643 enim
499 2602 697 2659 superior
718 2603 899 2647 habenis
919 2604 1085 2647 devin-

229 2665 437 2711 ciebatur.
459 2666 575 2723 Quae
597 2662 746 2711 autem
763 2669 928 2712 Latinis
946 2670 1084 2712 disfe-

228 2730 375 2773 rentia
393 2732 586 2775 calceum
606 2733 723 2776 inter
742 2741 785 2776 et
802 2737 978 2784 soleam,
1008 2751 1084 2778 ea·-

228 2794 333 2838 dem
353 2798 599 2853 ponebatur
620 2798 736 2855 apud
760 2798 935 2842 Graecos
966 2799 1084 2842 inter

234 2863 412 2918 ὖπόδημα
431 2871 476 2905 et
498 2866 710 2908 σανδάλιον.

285 2946 309 2970 2
318 2945 333 2970 1
342 2929 379 2971 3.
397 2930 596 2984 Quamvis
607 2934 791 2974 horrebzs
801 2937 845 2974 et
853 2935 954 2987 ipse.
962 2931 1084 2976 Non-

228 2993 337 3036 nulli
353 3027 365 3048 ,
381 2998 559 3050 algebisy·
575 2996 651 3040 sed
671 3000 831 3041 horrere
850 3014 929 3054 pro
947 3001 1085 3053 algere

231 3069 402 3104 rectum
415 3071 491 3106 est.
506 3065 762 3121 Propertius
780 3065 850 3108 lib.
864 3079 932 3115 lv,
953 3064 1020 3107 El.
1037 3067 1082 3107 5:

229 3127 407 3168 Horruit
411 3130 573 3182 algenti
577 3133 717 3184 tegula
726 3129 957 3184 curtasoco.
963 3128 1084 3172 Hinc

231 3198 277 3233 et
287 3192 432 3234 horror
440 3207 520 3248 pro
536 3192 712 3250 frigore.
725 3195 870 3237 Versu
884 3193 1082 3250 proximo

228 3253 401 3310 legebat
433 3256 572 3300 Janus
605 3256 864 3301 Gebhardus
891 3274 901 3301 2
926 3260 1084 3301 Manus

230 3321 450 3374 reficienda
461 3325 569 3373 sina,
587 3339 726 3378 quum
741 3323 786 3365 in
797 3323 996 3376 Palatino
1008 3339 1085 3366 co-

233 3386 325 3429 dice
342 3391 598 3445 conficienda
614 3390 876 3443 invenisset;
898 3391 973 3434 sed
986 3391 1086 3434 vul-

232 3460 328 3511 gata
350 3456 564 3513 scriptura
583 3473 677 3501 non
693 3467 757 3502 est
774 3457 1054 3503 sollicitanda.

1215 1439 1239 1463 2
1249 1422 1311 1463 15.
1347 1421 1481 1474 Quum
1500 1422 1568 1460 υιίς
1580 1421 1644 1462 sit
1658 1423 1791 1473 turpe,
1811 1419 2011 1473 placebit.

1166 1486 1366 1539 Quamvls
1384 1487 1468 1527 tibi
1481 1489 1618 1538 turpe,
1643 1491 1827 1526 venusta
1846 1483 2010 1539 repeti-

1160 1551 1281 1595 tione
1293 1549 1594 1603 Sarravianus,
1606 1557 1651 1592 et
1663 1549 1784 1605 prior
1795 1549 2012 1592 Mentelii.

1214 1615 1309 1658 216.
1331 1618 1519 1670 Ingenua
1533 1617 1744 1670 speculum
1764 1617 2013 1657 sustinuisse

1159 1696 1298 1722 manu.
1331 1680 1434 1723 Hoc
1454 1678 1612 1736 quippe
1640 1677 1796 1721 servile
1818 1694 1980 1720 munus
1999 1695 2011 1727 ;

1162 1755 1207 1789 et
1229 1763 1281 1789 ex
1300 1746 1461 1789 ancillis
1480 1761 1569 1788 una
1584 1777 1595 1799 ,
1613 1749 1688 1788 cui
1699 1761 1846 1788 nornen
1862 1748 1918 1787 ab
1934 1761 2014 1786 asu

1161 1814 1279 1858 latris
1299 1824 1420 1870 erat,
1453 1814 1645 1858 dominae
1663 1813 1890 1871 speculum
1908 1829 2014 1870 por-

1161 1878 1342 1935 rigebat.

1217 1960 1239 1985 2
1249 1960 1263 1986 1
1275 1960 1309 1998 7.
1322 1945 1403 1986 Ille
1400 1942 1605 1999 fattigatoe
1617 1945 1821 1986 vincendo
1829 1947 2015 1985 monstra

1161 2023 1353 2050 novercoe.
1374 2009 1600 2053 Proebendo
1622 2006 1785 2063 Regius
1808 2022 1911 2050 cum
1930 2022 2014 2048 ex·-

1162 2076 1320 2132 cerptis
1334 2075 1542 2133 Scaligeri
1560 2083 1604 2118 et
1616 2091 1688 2119 sex
1703 2074 1793 2117 aliis
1809 2082 2017 2131 praestan-

1163 2142 1283 2185 tioris
1306 2151 1448 2195 notae3
1468 2141 1588 2199 quod
1608 2150 1758 2185 tamen
1781 2157 1874 2184 non
1891 2141 2016 2184 satis-

1161 2206 1282 2249 facit:
1293 2206 1479 2250 totidem
1493 2206 1641 2263 scripti
1656 2221 1756 2249 cum
1773 2205 1914 2262 prima
1929 2204 2016 2247 edi-

1163 2270 1283 2314 tione
1302 2304 1314 2326 ,
1329 2274 1540 2327 perdendo
1554 2287 1567 2314 .·
1588 2279 1638 2313 ut
1655 2270 1791 2327 Epist.
1810 2284 1882 2324 lv,
1911 2284 2013 2326 170:

1161 2340 1357 2394 Silvaque
1368 2339 1606 2392 perdendas
1617 2339 1807 2391 proebeat
1827 2339 1921 2379 alta
1929 2336 2015 2391 fi*-

1162 2422 1246 2449 ras.
1267 2394 1513 2463 Inipensius
1533 2415 1683 2449 tamen
1705 2405 1844 2462 placet
1861 2438 1873 2459 ,
1898 2403 2014 2461 quod

1162 2473 1210 2515 in
1223 2472 1371 2516 codice
1384 2471 1702 2530 Argentinensi
1716 2470 2012 2524 offendebam,

1156 2543 1395 2596 perimendo
1409 2556 1421 2583 :
1436 2548 1565 2596 atque
1586 2539 1646 2582 ita
1662 2539 1864 2583 insistens
1884 2539 2018 2582 vesti-

1165 2605 1243 2661 giis
1263 2604 1418 2662 optimi
1433 2604 1561 2661 Regii
1583 2604 1674 2659 jam
1695 2612 1796 2664 ante
1813 2603 2018 2659 conjece—

1163 2687 1261 2713 ram
1292 2670 1544 2728 legendum.
1566 2670 1672 2712 Duo
1697 2668 1864 2712 codices
1879 2701 1890 2723 ‚
1908 2684 2016 2722 prc-

1163 2740 1335 2780 mendo:
1356 2738 1449 2780 haec
1470 2736 1702 2780 aemulatur
1718 2735 1791 2778 lib.
1806 2748 1882 2790 Ix,
1903 2734 2016 2777 Met.

1168 2802 1245 2861 198
1259 2833 1270 2855 ,
1294 2800 1371 2843 ubi
1390 2801 1605 2844 Hercules
1621 2815 1633 2843 ι

1551 2874 1686 2907 Defessa
1700 2874 1845 2919 jubendo
1861 2881 1912 2905 est

1163 2938 1253 2968 Soeva
1263 2937 1284 2968 J
1287 2936 1356 2967 ovis
1366 2937 1438 2978 conj
1445 2947 1489 2967 ux
1505 2947 1514 2968 ι
1532 2947 1590 2976 ego
1603 2946 1677 2966 sum
1692 2936 1872 2966 indefessus
1879 2935 2012 2975 agendo.

1219 3015 1240 3040 2
1251 3014 1311 3056 19.
1325 3000 1441 3040 Inter
1457 2999 1669 3040 Ioniacas.
1684 2996 1876 3054 Scaliger
1889 3030 1900 3051 ,
1912 3002 2021 3039 inter

1162 3065 1373 3107 Moeont‘as
1387 3067 1603 3107 calathum
1621 3067 1804 3107 tenuis-se
1812 3066 1984 3117 puellas
1997 3096 2007 3111 ,

1162 3131 1386 3174 scribebat.
1418 3131 1539 3173 DAN.
1561 3132 1728 3174 HEINS.
1752 3132 1924 3172 Ionicas
1945 3133 2015 3170 in-

1164 3201 1227 3237 ter
1243 3195 1384 3251 prima
1409 3194 1543 3237 editio
1567 3202 1610 3237 et
1627 3194 1818 3251 potiores
1837 3193 1984 3248 scripti
2005 3208 2014 3232 2

1164 3259 1250 3314 alii,
1262 3262 1377 3302 Inter
1384 3261 1566 3311 Ionicus,
1572 3259 1640 3302 vel
1648 3261 1797 3302 Ionias
1805 3262 1925 3300 inter.
1932 3255 2015 3299 Co·

1162 3327 1426 3370 melinianus
1442 3358 1453 3380 ‚
1475 3329 1593 3369 Inter
1609 3327 1873 3369 Acbai'adas.
1895 3322 2014 3366 Scri-

1162 3391 1241 3445 bo,
1264 3393 1379 3433 Inter
1405 3392 1664 3440 Maeonidm,
1694 3388 1762 3432 vel
1785 3388 2012 3445 Mygdoni·

1164 3461 1244 3502 das
1254 3474 1265 3501 .’
1275 3457 1392 3515 quod
1404 3457 1615 3515 posterius
1624 3456 1751 3500 malo.
1762 3454 1885 3514 Lyda
1893 3454 2013 3496 enim
