<?xml version="1.0" encoding="UTF-8"?>
<!DOCTYPE html PUBLIC "-//W3C//DTD XHTML 1.0 Transitional//EN"
    "http://www.w3.org/TR/xhtml1/DTD/xhtml1-transitional.dtd">
<html xmlns="http://www.w3.org/1999/xhtml" xml:lang="en" lang="en">
 <head>
  <title>
</title>
<meta http-equiv="Content-Type" content="text/html;charset=utf-8" />
  <meta name='ocr-system' content='tesseract 3.04.00' />
  <meta name='ocr-capabilities' content='ocr_page ocr_carea ocr_par ocr_line ocrx_word'/>
</head>
<body>
  <div class='ocr_page' id='page_1' title='image "./quaeextantomniao02oviduoft_0366.png"; bbox 0 0 2268 3776; ppageno 0'>
   <div class='ocr_carea' id='block_1_1' title="bbox 291 299 395 352">
    <p class='ocr_par' dir='ltr' id='par_1_1' title="bbox 291 299 395 352">
     <span class='ocr_line' id='line_1_1' title="bbox 291 299 395 352; baseline 0 -1"><span class='ocrx_word' id='word_1_1' title='bbox 291 299 395 352; x_wconf 78' lang='lat'><strong>352</strong></span> 
     </span>
    </p>
   </div>
   <div class='ocr_carea' id='block_1_2' title="bbox 746 298 1590 364">
    <p class='ocr_par' dir='ltr' id='par_1_2' title="bbox 746 298 1590 364">
     <span class='ocr_line' id='line_1_2' title="bbox 746 298 1590 364; baseline 0.014 -12"><span class='ocrx_word' id='word_1_2' title='bbox 746 298 807 353; x_wconf 83' lang='lat' dir='ltr'><strong>P.</strong></span> <span class='ocrx_word' id='word_1_3' title='bbox 861 301 1160 359; x_wconf 91' lang='lat' dir='ltr'>OVIDII</span> <span class='ocrx_word' id='word_1_4' title='bbox 1212 305 1590 364; x_wconf 86' lang='lat' dir='ltr'><strong>NASONIS</strong></span> 
     </span>
    </p>
   </div>
   <div class='ocr_carea' id='block_1_3' title="bbox 283 411 1852 507">
    <p class='ocr_par' dir='ltr' id='par_1_3' title="bbox 283 411 1852 507">
     <span class='ocr_line' id='line_1_3' title="bbox 283 411 1852 507; baseline 0.011 -36"><span class='ocrx_word' id='word_1_5' title='bbox 283 413 371 473; x_wconf 90' lang='lat' dir='ltr'><strong>Tu</strong></span> <span class='ocrx_word' id='word_1_6' title='bbox 400 435 648 495; x_wconf 84' lang='lat' dir='ltr'><strong>quoque,</strong></span> <span class='ocrx_word' id='word_1_7' title='bbox 673 411 805 474; x_wconf 86' lang='lat' dir='ltr'><strong>dum</strong></span> <span class='ocrx_word' id='word_1_8' title='bbox 834 415 1026 477; x_wconf 86' lang='lat' dir='ltr'><strong>coleris</strong></span> <span class='ocrx_word' id='word_1_9' title='bbox 1043 464 1057 489; x_wconf 88' lang='lat'>‚</span> <span class='ocrx_word' id='word_1_10' title='bbox 1082 442 1188 479; x_wconf 90' lang='lat' dir='ltr'><strong>nos</strong></span> <span class='ocrx_word' id='word_1_11' title='bbox 1217 434 1269 479; x_wconf 90' lang='lat' dir='ltr'><strong>te</strong></span> <span class='ocrx_word' id='word_1_12' title='bbox 1301 420 1538 482; x_wconf 89' lang='lat' dir='ltr'><strong>dormire</strong></span> <span class='ocrx_word' id='word_1_13' title='bbox 1567 438 1852 507; x_wconf 88' lang='lat' dir='ltr'><strong>putemus;</strong></span> 
     </span>
    </p>
   </div>
   <div class='ocr_carea' id='block_1_4' title="bbox 1967 443 2048 490">
    <p class='ocr_par' dir='ltr' id='par_1_4' title="bbox 1967 443 2048 490">
     <span class='ocr_line' id='line_1_4' title="bbox 1967 443 2048 490; baseline -0.012 0"><span class='ocrx_word' id='word_1_14' title='bbox 1967 443 2048 490; x_wconf 69' lang='lat'><strong>&#39;225</strong></span> 
     </span>
    </p>
   </div>
   <div class='ocr_carea' id='block_1_5' title="bbox 283 507 1816 883">
    <p class='ocr_par' dir='ltr' id='par_1_5' title="bbox 283 507 1816 883">
     <span class='ocr_line' id='line_1_5' title="bbox 363 507 1448 595; baseline 0.01 -30"><span class='ocrx_word' id='word_1_15' title='bbox 363 507 568 590; x_wconf 87' lang='lat' dir='ltr'><strong>Aptius</strong></span> <span class='ocrx_word' id='word_1_16' title='bbox 596 531 627 567; x_wconf 92' lang='lat' dir='ltr'><strong>a</strong></span> <span class='ocrx_word' id='word_1_17' title='bbox 654 530 865 570; x_wconf 89' lang='lat' dir='ltr'><strong>summa</strong></span> <span class='ocrx_word' id='word_1_18' title='bbox 894 513 1234 595; x_wconf 82' lang='lat' dir='ltr'>conspiciare</span> <span class='ocrx_word' id='word_1_19' title='bbox 1265 539 1448 576; x_wconf 90' lang='lat' dir='ltr'><strong>manu.</strong></span> 
     </span>
     <span class='ocr_line' id='line_1_6' title="bbox 285 603 1686 675; baseline 0.009 -12"><span class='ocrx_word' id='word_1_20' title='bbox 285 603 401 663; x_wconf 91' lang='lat' dir='ltr'><strong>Cur</strong></span> <span class='ocrx_word' id='word_1_21' title='bbox 426 603 561 662; x_wconf 88' lang='lat' dir='ltr'><strong>mihi</strong></span> <span class='ocrx_word' id='word_1_22' title='bbox 584 618 719 663; x_wconf 89' lang='lat' dir='ltr'><strong>nota</strong></span> <span class='ocrx_word' id='word_1_23' title='bbox 746 619 843 664; x_wconf 93' lang='lat' dir='ltr'><strong>tuo</strong></span> <span class='ocrx_word' id='word_1_24' title='bbox 875 629 1037 668; x_wconf 90' lang='lat' dir='ltr'><strong>causa</strong></span> <span class='ocrx_word' id='word_1_25' title='bbox 1066 622 1148 667; x_wconf 92' lang='lat' dir='ltr'><strong>est</strong></span> <span class='ocrx_word' id='word_1_26' title='bbox 1179 610 1432 672; x_wconf 90' lang='lat' dir='ltr'><strong>candoris</strong></span> <span class='ocrx_word' id='word_1_27' title='bbox 1461 612 1521 671; x_wconf 89' lang='lat' dir='ltr'><strong>in</strong></span> <span class='ocrx_word' id='word_1_28' title='bbox 1547 616 1686 675; x_wconf 83' lang='lat' dir='ltr'><strong>ore?</strong></span> 
     </span>
     <span class='ocr_line' id='line_1_7' title="bbox 367 696 1816 792; baseline 0.009 -34"><span class='ocrx_word' id='word_1_29' title='bbox 367 696 576 758; x_wconf 83' lang='lat' dir='ltr'>Claude</span> <span class='ocrx_word' id='word_1_30' title='bbox 603 698 778 766; x_wconf 85' lang='lat' dir='ltr'><strong>forem</strong></span> <span class='ocrx_word' id='word_1_31' title='bbox 799 700 1023 761; x_wconf 84' lang='lat' dir='ltr'>thalami</span> <span class='ocrx_word' id='word_1_32' title='bbox 1046 728 1057 761; x_wconf 84' lang='grc'>;</span> <span class='ocrx_word' id='word_1_33' title='bbox 1087 702 1222 784; x_wconf 89' lang='lat' dir='ltr'><strong>quid</strong></span> <span class='ocrx_word' id='word_1_34' title='bbox 1247 703 1381 763; x_wconf 92' lang='lat' dir='ltr'><strong>rude</strong></span> <span class='ocrx_word' id='word_1_35' title='bbox 1410 706 1603 787; x_wconf 91' lang='lat' dir='ltr'><strong>prodis</strong></span> <span class='ocrx_word' id='word_1_36' title='bbox 1634 712 1816 792; x_wconf 76' lang='lat' dir='ltr'><strong>opus?</strong></span> 
     </span>
     <span class='ocr_line' id='line_1_8' title="bbox 283 795 1709 883; baseline 0.008 -26"><span class='ocrx_word' id='word_1_37' title='bbox 283 795 465 857; x_wconf 89' lang='lat' dir='ltr'><strong>Multa</strong></span> <span class='ocrx_word' id='word_1_38' title='bbox 490 796 639 857; x_wconf 83' lang='lat' dir='ltr'><strong>viros</strong></span> <span class='ocrx_word' id='word_1_39' title='bbox 666 798 874 859; x_wconf 86' lang='lat' dir='ltr'><strong>nescire</strong></span> <span class='ocrx_word' id='word_1_40' title='bbox 903 799 1089 860; x_wconf 88' lang='lat' dir='ltr'><strong>decet:</strong></span> <span class='ocrx_word' id='word_1_41' title='bbox 1117 825 1245 883; x_wconf 90' lang='lat' dir='ltr'><strong>pars</strong></span> <span class='ocrx_word' id='word_1_42' title='bbox 1272 803 1506 864; x_wconf 88' lang='lat' dir='ltr'><strong>maxima</strong></span> <span class='ocrx_word' id='word_1_43' title='bbox 1529 828 1709 868; x_wconf 91' lang='lat' dir='ltr'><strong>rerum</strong></span> 
     </span>
    </p>
   </div>
   <div class='ocr_carea' id='block_1_6' title="bbox 365 892 1358 975">
    <p class='ocr_par' dir='ltr' id='par_1_6' title="bbox 365 892 1358 975">
     <span class='ocr_line' id='line_1_9' title="bbox 365 892 1358 975; baseline 0.002 -21"><span class='ocrx_word' id='word_1_44' title='bbox 365 892 656 967; x_wconf 86' lang='lat' dir='ltr'><strong>Offendat,</strong></span> <span class='ocrx_word' id='word_1_45' title='bbox 683 894 731 953; x_wconf 92' lang='lat' dir='ltr'><strong>si</strong></span> <span class='ocrx_word' id='word_1_46' title='bbox 756 918 869 954; x_wconf 89' lang='lat' dir='ltr'><strong>non</strong></span> <span class='ocrx_word' id='word_1_47' title='bbox 899 896 1160 956; x_wconf 88' lang='lat' dir='ltr'><strong>interiora</strong></span> <span class='ocrx_word' id='word_1_48' title='bbox 1190 911 1358 975; x_wconf 83' lang='lat' dir='ltr'><strong>tegaS.</strong></span> 
     </span>
    </p>
   </div>
   <div class='ocr_carea' id='block_1_7' title="bbox 1975 925 2056 967">
    <p class='ocr_par' dir='ltr' id='par_1_7' title="bbox 1975 925 2056 967">
     <span class='ocr_line' id='line_1_10' title="bbox 1975 925 2056 967; baseline 0.025 -2"><span class='ocrx_word' id='word_1_49' title='bbox 1975 925 2056 967; x_wconf 82' lang='lat'><strong>230</strong></span> 
     </span>
    </p>
   </div>
   <div class='ocr_carea' id='block_1_8' title="bbox 281 987 1811 1364">
    <p class='ocr_par' dir='ltr' id='par_1_8' title="bbox 281 987 1811 1267">
     <span class='ocr_line' id='line_1_11' title="bbox 281 987 1578 1074; baseline 0.003 -23"><span class='ocrx_word' id='word_1_50' title='bbox 281 991 465 1052; x_wconf 85' lang='lat' dir='ltr'><strong>Aurea</strong></span> <span class='ocrx_word' id='word_1_51' title='bbox 499 987 618 1072; x_wconf 48' lang='lat' dir='ltr'><strong>qua}</strong></span> <span class='ocrx_word' id='word_1_52' title='bbox 643 990 888 1074; x_wconf 86' lang='lat' dir='ltr'><strong>pendent</strong></span> <span class='ocrx_word' id='word_1_53' title='bbox 916 1006 1112 1051; x_wconf 90' lang='lat' dir='ltr'><strong>ornato</strong></span> <span class='ocrx_word' id='word_1_54' title='bbox 1143 992 1298 1071; x_wconf 84' lang='lat' dir='ltr'><strong>signa</strong></span> <span class='ocrx_word' id='word_1_55' title='bbox 1327 994 1544 1055; x_wconf 90' lang='lat' dir='ltr'><strong>theatro</strong></span> <span class='ocrx_word' id='word_1_56' title='bbox 1562 1042 1578 1069; x_wconf 85' lang='lat'>‚</span> 
     </span>
     <span class='ocr_line' id='line_1_12' title="bbox 361 1087 1687 1171; baseline 0.005 -25"><span class='ocrx_word' id='word_1_57' title='bbox 361 1087 606 1170; x_wconf 84' lang='lat' dir='ltr'><strong>Inspice,</strong></span> <span class='ocrx_word' id='word_1_58' title='bbox 638 1112 802 1170; x_wconf 90' lang='lat' dir='ltr'><strong>quam</strong></span> <span class='ocrx_word' id='word_1_59' title='bbox 833 1088 1012 1148; x_wconf 91' lang='lat' dir='ltr'><strong>tenuis</strong></span> <span class='ocrx_word' id='word_1_60' title='bbox 1041 1089 1262 1150; x_wconf 85' lang='lat' dir='ltr'><strong>bractea</strong></span> <span class='ocrx_word' id='word_1_61' title='bbox 1288 1090 1439 1169; x_wconf 86' lang='lat' dir='ltr'><strong>ligna</strong></span> <span class='ocrx_word' id='word_1_62' title='bbox 1465 1107 1630 1171; x_wconf 83' lang='lat' dir='ltr'><strong>tegat.</strong></span> <span class='ocrx_word' id='word_1_63' title='bbox 1668 1139 1687 1158; x_wconf 61' lang='grc'><strong>»,</strong></span> 
     </span>
     <span class='ocr_line' id='line_1_13' title="bbox 282 1183 1811 1267; baseline 0.005 -23"><span class='ocrx_word' id='word_1_64' title='bbox 282 1183 391 1244; x_wconf 89' lang='lat' dir='ltr'><strong>Sed</strong></span> <span class='ocrx_word' id='word_1_65' title='bbox 418 1208 595 1266; x_wconf 91' lang='lat' dir='ltr'><strong>neque</strong></span> <span class='ocrx_word' id='word_1_66' title='bbox 623 1184 698 1244; x_wconf 64' lang='lat' dir='ltr'><strong>ad&#39;</strong></span> <span class='ocrx_word' id='word_1_67' title='bbox 720 1183 814 1244; x_wconf 90' lang='lat' dir='ltr'><strong>illa</strong></span> <span class='ocrx_word' id='word_1_68' title='bbox 840 1184 968 1244; x_wconf 91' lang='lat' dir='ltr'><strong>licet</strong></span> <span class='ocrx_word' id='word_1_69' title='bbox 992 1184 1236 1267; x_wconf 84' lang='lat' dir='ltr'><strong>popu10‚</strong></span> <span class='ocrx_word' id='word_1_70' title='bbox 1262 1186 1371 1247; x_wconf 91' lang='lat' dir='ltr'><strong>nisi</strong></span> <span class='ocrx_word' id='word_1_71' title='bbox 1397 1187 1539 1250; x_wconf 89' lang='lat' dir='ltr'><strong>facta</strong></span> <span class='ocrx_word' id='word_1_72' title='bbox 1556 1236 1571 1261; x_wconf 89' lang='lat'>‚</span> <span class='ocrx_word' id='word_1_73' title='bbox 1595 1190 1775 1251; x_wconf 86' lang='lat' dir='ltr'><strong>venire</strong></span> <span class='ocrx_word' id='word_1_74' title='bbox 1798 1215 1811 1252; x_wconf 91' lang='lat'>:</span> 
     </span>
    </p>

    <p class='ocr_par' dir='ltr' id='par_1_9' title="bbox 360 1279 1573 1364">
     <span class='ocr_line' id='line_1_14' title="bbox 360 1279 1573 1364; baseline -0.001 -23"><span class='ocrx_word' id='word_1_75' title='bbox 360 1281 474 1341; x_wconf 87' lang='lat' dir='ltr'><strong>Nec</strong></span> <span class='ocrx_word' id='word_1_76' title='bbox 502 1280 613 1340; x_wconf 87' lang='lat' dir='ltr'><strong>nisi</strong></span> <span class='ocrx_word' id='word_1_77' title='bbox 642 1280 917 1341; x_wconf 85' lang='lat' dir='ltr'><strong>submotis</strong></span> <span class='ocrx_word' id='word_1_78' title='bbox 943 1279 1120 1340; x_wconf 88' lang='lat' dir='ltr'><strong>forma</strong></span> <span class='ocrx_word' id='word_1_79' title='bbox 1149 1282 1393 1364; x_wconf 86' lang='lat' dir='ltr'><strong>paranda</strong></span> <span class='ocrx_word' id='word_1_80' title='bbox 1417 1284 1573 1345; x_wconf 86' lang='lat' dir='ltr'><strong>viris.</strong></span> 
     </span>
    </p>
   </div>
   <div class='ocr_carea' id='block_1_9' title="bbox 281 1376 1603 1461">
    <p class='ocr_par' dir='ltr' id='par_1_10' title="bbox 281 1376 1603 1461">
     <span class='ocr_line' id='line_1_15' title="bbox 281 1376 1603 1461; baseline 0.004 -25"><span class='ocrx_word' id='word_1_81' title='bbox 281 1376 359 1436; x_wconf 89' lang='lat' dir='ltr'><strong>At</strong></span> <span class='ocrx_word' id='word_1_82' title='bbox 385 1400 503 1437; x_wconf 88' lang='lat' dir='ltr'><strong>non</strong></span> <span class='ocrx_word' id='word_1_83' title='bbox 530 1377 829 1459; x_wconf 83' lang='lat' dir='ltr'><strong>pectendos</strong></span> <span class='ocrx_word' id='word_1_84' title='bbox 857 1399 1041 1451; x_wconf 87' lang='lat' dir='ltr'><strong>coram</strong></span> <span class='ocrx_word' id='word_1_85' title='bbox 1066 1377 1310 1459; x_wconf 81' lang='lat' dir='ltr'><strong>praebere</strong></span> <span class='ocrx_word' id='word_1_86' title='bbox 1338 1379 1603 1461; x_wconf 78' lang='lat' dir='ltr'><strong>capillos,</strong></span> 
     </span>
    </p>
   </div>
   <div class='ocr_carea' id='block_1_10' title="bbox 1977 1401 2057 1443">
    <p class='ocr_par' dir='ltr' id='par_1_11' title="bbox 1977 1401 2057 1443">
     <span class='ocr_line' id='line_1_16' title="bbox 1977 1401 2057 1443; baseline 0 -1"><span class='ocrx_word' id='word_1_87' title='bbox 1977 1401 2057 1443; x_wconf 77' lang='lat'><strong>235</strong></span> 
     </span>
    </p>
   </div>
   <div class='ocr_carea' id='block_1_11' title="bbox 281 1473 1491 1654">
    <p class='ocr_par' dir='ltr' id='par_1_12' title="bbox 281 1473 1491 1654">
     <span class='ocr_line' id='line_1_17' title="bbox 362 1473 1491 1556; baseline 0.002 -23"><span class='ocrx_word' id='word_1_88' title='bbox 362 1476 442 1533; x_wconf 92' lang='lat' dir='ltr'><strong>Ut</strong></span> <span class='ocrx_word' id='word_1_89' title='bbox 466 1475 680 1555; x_wconf 89' lang='lat' dir='ltr'><strong>jaceant</strong></span> <span class='ocrx_word' id='word_1_90' title='bbox 703 1473 814 1533; x_wconf 89' lang='lat' dir='ltr'><strong>fusi</strong></span> <span class='ocrx_word' id='word_1_91' title='bbox 841 1497 942 1556; x_wconf 93' lang='lat' dir='ltr'><strong>per</strong></span> <span class='ocrx_word' id='word_1_92' title='bbox 963 1488 1057 1533; x_wconf 90' lang='lat' dir='ltr'><strong>tua</strong></span> <span class='ocrx_word' id='word_1_93' title='bbox 1087 1487 1241 1552; x_wconf 87' lang='lat' dir='ltr'><strong>terga</strong></span> <span class='ocrx_word' id='word_1_94' title='bbox 1258 1520 1272 1546; x_wconf 88' lang='lat'><strong>‚</strong></span> <span class='ocrx_word' id='word_1_95' title='bbox 1299 1489 1491 1535; x_wconf 86' lang='lat' dir='ltr'><strong>vetem.</strong></span> 
     </span>
     <span class='ocr_line' id='line_1_18' title="bbox 281 1568 1422 1654; baseline 0.003 -26"><span class='ocrx_word' id='word_1_96' title='bbox 281 1568 387 1630; x_wconf 90' lang='lat' dir='ltr'><strong>Illo</strong></span> <span class='ocrx_word' id='word_1_97' title='bbox 416 1572 688 1654; x_wconf 89' lang='lat' dir='ltr'><strong>praecipue</strong></span> <span class='ocrx_word' id='word_1_98' title='bbox 708 1617 723 1645; x_wconf 89' lang='lat'><strong>‚</strong></span> <span class='ocrx_word' id='word_1_99' title='bbox 748 1594 818 1631; x_wconf 88' lang='lat' dir='ltr'><strong>ne</strong></span> <span class='ocrx_word' id='word_1_100' title='bbox 849 1570 925 1630; x_wconf 90' lang='lat' dir='ltr'><strong>sis</strong></span> <span class='ocrx_word' id='word_1_101' title='bbox 953 1593 1202 1644; x_wconf 81' lang='lat' dir='ltr'><strong>morosa,</strong></span> <span class='ocrx_word' id='word_1_102' title='bbox 1233 1586 1422 1632; x_wconf 88' lang='lat' dir='ltr'><strong>caveto</strong></span> 
     </span>
    </p>
   </div>
   <div class='ocr_carea' id='block_1_12' title="bbox 282 1731 1137 3343">
    <p class='ocr_par' dir='ltr' id='par_1_13' title="bbox 282 1731 1137 2946">
     <span class='ocr_line' id='line_1_19' title="bbox 282 1731 1131 1790; baseline -0.001 -15"><span class='ocrx_word' id='word_1_103' title='bbox 282 1736 492 1776; x_wconf 79' lang='lat' dir='ltr'><strong>mz‘limbre</strong></span> <span class='ocrx_word' id='word_1_104' title='bbox 503 1749 656 1777; x_wconf 86' lang='lat' dir='ltr'><strong>comas.</strong></span> <span class='ocrx_word' id='word_1_105' title='bbox 668 1732 868 1776; x_wconf 81' lang='lat' dir='ltr'><strong>Diximus</strong></span> <span class='ocrx_word' id='word_1_106' title='bbox 883 1731 937 1776; x_wconf 89' lang='lat' dir='ltr'><strong>de</strong></span> <span class='ocrx_word' id='word_1_107' title='bbox 951 1731 1131 1790; x_wconf 84' lang='lat' dir='ltr'><strong>Apellea</strong></span> 
     </span>
     <span class='ocr_line' id='line_1_20' title="bbox 283 1796 1132 1855; baseline -0.001 -15"><span class='ocrx_word' id='word_1_108' title='bbox 283 1799 488 1855; x_wconf 66' lang='lat' dir='ltr'><strong>Venere,</strong></span> <span class='ocrx_word' id='word_1_109' title='bbox 504 1797 558 1840; x_wconf 88' lang='lat' dir='ltr'><strong>ad</strong></span> <span class='ocrx_word' id='word_1_110' title='bbox 580 1797 701 1855; x_wconf 86' lang='lat' dir='ltr'><strong>Eleg.</strong></span> <span class='ocrx_word' id='word_1_111' title='bbox 725 1813 826 1852; x_wconf 80' lang='lat' dir='ltr'>xlv,</span> <span class='ocrx_word' id='word_1_112' title='bbox 851 1798 1004 1840; x_wconf 89' lang='lat' dir='ltr'><strong>Amor.</strong></span> <span class='ocrx_word' id='word_1_113' title='bbox 1018 1811 1058 1852; x_wconf 90' lang='lat'><strong>1,</strong></span> <span class='ocrx_word' id='word_1_114' title='bbox 1077 1796 1132 1839; x_wconf 88' lang='lat' dir='ltr'><strong>ad</strong></span> 
     </span>
     <span class='ocr_line' id='line_1_21' title="bbox 282 1863 1131 1919; baseline 0 -13"><span class='ocrx_word' id='word_1_115' title='bbox 282 1881 391 1907; x_wconf 82' lang='lat' dir='ltr'><strong>vers.</strong></span> <span class='ocrx_word' id='word_1_116' title='bbox 415 1864 574 1919; x_wconf 74' lang='lat'>33—343</span> <span class='ocrx_word' id='word_1_117' title='bbox 596 1864 672 1908; x_wconf 89' lang='lat' dir='ltr'><strong>sed</strong></span> <span class='ocrx_word' id='word_1_118' title='bbox 692 1864 764 1908; x_wconf 92' lang='lat' dir='ltr'><strong>hic</strong></span> <span class='ocrx_word' id='word_1_119' title='bbox 782 1865 942 1909; x_wconf 86' lang='lat' dir='ltr'><strong>Noster</strong></span> <span class='ocrx_word' id='word_1_120' title='bbox 961 1863 1014 1907; x_wconf 89' lang='lat' dir='ltr'><strong>ad</strong></span> <span class='ocrx_word' id='word_1_121' title='bbox 1034 1872 1131 1907; x_wconf 91' lang='lat' dir='ltr'><strong>sta—</strong></span> 
     </span>
     <span class='ocr_line' id='line_1_22' title="bbox 283 1929 1129 1985; baseline 0.001 -14"><span class='ocrx_word' id='word_1_122' title='bbox 283 1938 407 1971; x_wconf 87' lang='lat' dir='ltr'><strong>tuam</strong></span> <span class='ocrx_word' id='word_1_123' title='bbox 422 1929 616 1985; x_wconf 86' lang='lat' dir='ltr'><strong>aliquam</strong></span> <span class='ocrx_word' id='word_1_124' title='bbox 637 1929 792 1972; x_wconf 85' lang='lat' dir='ltr'><strong>Romae</strong></span> <span class='ocrx_word' id='word_1_125' title='bbox 808 1929 1024 1972; x_wconf 87' lang='lat' dir='ltr'><strong>celebrem</strong></span> <span class='ocrx_word' id='word_1_126' title='bbox 1043 1945 1129 1972; x_wconf 83' lang='lat' dir='ltr'><strong>res·</strong></span> 
     </span>
     <span class='ocr_line' id='line_1_23' title="bbox 283 1993 1129 2050; baseline 0.001 -15"><span class='ocrx_word' id='word_1_127' title='bbox 283 1994 386 2050; x_wconf 89' lang='lat' dir='ltr'><strong>picit</strong></span> <span class='ocrx_word' id='word_1_128' title='bbox 398 2008 414 2047; x_wconf 89' lang='lat'><strong>,·</strong></span> <span class='ocrx_word' id='word_1_129' title='bbox 435 2009 526 2036; x_wconf 88' lang='lat' dir='ltr'><strong>non</strong></span> <span class='ocrx_word' id='word_1_130' title='bbox 551 2002 700 2037; x_wconf 88' lang='lat' dir='ltr'><strong>tamen</strong></span> <span class='ocrx_word' id='word_1_131' title='bbox 720 1993 854 2048; x_wconf 88' lang='lat' dir='ltr'><strong>illam,</strong></span> <span class='ocrx_word' id='word_1_132' title='bbox 877 2009 1008 2050; x_wconf 89' lang='lat' dir='ltr'><strong>quam</strong></span> <span class='ocrx_word' id='word_1_133' title='bbox 1026 1993 1129 2036; x_wconf 90' lang='lat' dir='ltr'><strong>Me·-</strong></span> 
     </span>
     <span class='ocr_line' id='line_1_24' title="bbox 284 2058 1132 2115; baseline 0 -14"><span class='ocrx_word' id='word_1_134' title='bbox 284 2059 379 2101; x_wconf 85' lang='lat' dir='ltr'><strong>rula</strong></span> <span class='ocrx_word' id='word_1_135' title='bbox 394 2091 406 2113; x_wconf 91' lang='lat'>,</span> <span class='ocrx_word' id='word_1_136' title='bbox 424 2067 468 2101; x_wconf 90' lang='lat' dir='ltr'><strong>et</strong></span> <span class='ocrx_word' id='word_1_137' title='bbox 484 2075 587 2101; x_wconf 89' lang='lat' dir='ltr'><strong>eum</strong></span> <span class='ocrx_word' id='word_1_138' title='bbox 599 2068 807 2115; x_wconf 90' lang='lat' dir='ltr'><strong>sequutus</strong></span> <span class='ocrx_word' id='word_1_139' title='bbox 818 2059 911 2102; x_wconf 91' lang='lat' dir='ltr'><strong>sine</strong></span> <span class='ocrx_word' id='word_1_140' title='bbox 928 2058 1017 2100; x_wconf 88' lang='lat' dir='ltr'><strong>ullo</strong></span> <span class='ocrx_word' id='word_1_141' title='bbox 1031 2074 1132 2101; x_wconf 82' lang='lat' dir='ltr'><strong>exa-</strong></span> 
     </span>
     <span class='ocr_line' id='line_1_25' title="bbox 284 2123 1133 2180; baseline -0.002 -13"><span class='ocrx_word' id='word_1_142' title='bbox 284 2125 405 2167; x_wconf 90' lang='lat' dir='ltr'><strong>mine</strong></span> <span class='ocrx_word' id='word_1_143' title='bbox 421 2123 664 2180; x_wconf 84' lang='lat' dir='ltr'><strong>Crispinus,</strong></span> <span class='ocrx_word' id='word_1_144' title='bbox 677 2140 728 2166; x_wconf 84' lang='lat' dir='ltr'><strong>ex</strong></span> <span class='ocrx_word' id='word_1_145' title='bbox 739 2124 885 2167; x_wconf 89' lang='lat' dir='ltr'><strong>Plinio</strong></span> <span class='ocrx_word' id='word_1_146' title='bbox 899 2123 1025 2166; x_wconf 88' lang='lat' dir='ltr'><strong>innui</strong></span> <span class='ocrx_word' id='word_1_147' title='bbox 1034 2139 1133 2166; x_wconf 90' lang='lat' dir='ltr'><strong>cre-</strong></span> 
     </span>
     <span class='ocr_line' id='line_1_26' title="bbox 285 2187 1132 2245; baseline -0.004 -13"><span class='ocrx_word' id='word_1_148' title='bbox 285 2190 418 2243; x_wconf 88' lang='lat' dir='ltr'><strong>dunt,</strong></span> <span class='ocrx_word' id='word_1_149' title='bbox 436 2204 532 2245; x_wconf 85' lang='lat' dir='ltr'><strong>quae</strong></span> <span class='ocrx_word' id='word_1_150' title='bbox 551 2189 597 2231; x_wconf 89' lang='lat' dir='ltr'><strong>in</strong></span> <span class='ocrx_word' id='word_1_151' title='bbox 622 2188 749 2231; x_wconf 82' lang='lat' dir='ltr'><strong>Bruti</strong></span> <span class='ocrx_word' id='word_1_152' title='bbox 772 2187 946 2232; x_wconf 86' lang='lat' dir='ltr'><strong>Callaici</strong></span> <span class='ocrx_word' id='word_1_153' title='bbox 967 2187 1132 2244; x_wconf 87' lang='lat' dir='ltr'><strong>templo</strong></span> 
     </span>
     <span class='ocr_line' id='line_1_27' title="bbox 284 2251 1132 2310; baseline -0.004 -14"><span class='ocrx_word' id='word_1_154' title='bbox 284 2253 367 2296; x_wconf 87' lang='lat' dir='ltr'><strong>suit</strong></span> <span class='ocrx_word' id='word_1_155' title='bbox 379 2253 530 2310; x_wconf 86' lang='lat' dir='ltr'><strong>posita,</strong></span> <span class='ocrx_word' id='word_1_156' title='bbox 549 2261 592 2295; x_wconf 90' lang='lat' dir='ltr'><strong>et</strong></span> <span class='ocrx_word' id='word_1_157' title='bbox 606 2268 738 2308; x_wconf 90' lang='lat' dir='ltr'><strong>quam</strong></span> <span class='ocrx_word' id='word_1_158' title='bbox 757 2251 1045 2295; x_wconf 82' lang='lat' dir='ltr'><strong>Praxiteleam</strong></span> <span class='ocrx_word' id='word_1_159' title='bbox 1058 2253 1132 2294; x_wconf 88' lang='lat' dir='ltr'><strong>sa·-</strong></span> 
     </span>
     <span class='ocr_line' id='line_1_28' title="bbox 284 2316 1131 2374; baseline -0.004 -14"><span class='ocrx_word' id='word_1_160' title='bbox 284 2318 405 2361; x_wconf 92' lang='lat' dir='ltr'><strong>ciunt</strong></span> <span class='ocrx_word' id='word_1_161' title='bbox 421 2334 431 2360; x_wconf 89' lang='lat'>:</span> <span class='ocrx_word' id='word_1_162' title='bbox 448 2333 584 2374; x_wconf 87' lang='lat' dir='ltr'><strong>quum</strong></span> <span class='ocrx_word' id='word_1_163' title='bbox 602 2317 784 2367; x_wconf 89' lang='lat' dir='ltr'><strong>Plinius,</strong></span> <span class='ocrx_word' id='word_1_164' title='bbox 801 2316 829 2358; x_wconf 87' lang='lat' dir='ltr'><strong>l.</strong></span> <span class='ocrx_word' id='word_1_165' title='bbox 851 2316 1023 2370; x_wconf 89' lang='lat' dir='ltr'>XXVI,</span> <span class='ocrx_word' id='word_1_166' title='bbox 1040 2331 1131 2371; x_wconf 88' lang='lat' dir='ltr'><strong>cap.</strong></span> 
     </span>
     <span class='ocr_line' id='line_1_29' title="bbox 287 2382 1133 2440; baseline -0.002 -14"><span class='ocrx_word' id='word_1_167' title='bbox 287 2386 335 2438; x_wconf 87' lang='lat'><strong>5,</strong></span> <span class='ocrx_word' id='word_1_168' title='bbox 360 2383 476 2426; x_wconf 87' lang='lat' dir='ltr'><strong>inter</strong></span> <span class='ocrx_word' id='word_1_169' title='bbox 496 2399 628 2440; x_wconf 86' lang='lat' dir='ltr'><strong>opera</strong></span> <span class='ocrx_word' id='word_1_170' title='bbox 646 2382 799 2439; x_wconf 82' lang='lat' dir='ltr'><strong>Scopae</strong></span> <span class='ocrx_word' id='word_1_171' title='bbox 817 2389 1040 2425; x_wconf 86' lang='lat' dir='ltr'><strong>recenseat</strong></span> <span class='ocrx_word' id='word_1_172' title='bbox 1053 2414 1064 2435; x_wconf 93' lang='lat'>,</span> <span class='ocrx_word' id='word_1_173' title='bbox 1088 2389 1133 2424; x_wconf 80' lang='lat' dir='ltr'><strong>et</strong></span> 
     </span>
     <span class='ocr_line' id='line_1_30' title="bbox 285 2446 1133 2491; baseline -0.001 -1"><span class='ocrx_word' id='word_1_174' title='bbox 285 2447 574 2491; x_wconf 83' lang='lat' dir='ltr'><strong>Praxitelearn</strong></span> <span class='ocrx_word' id='word_1_175' title='bbox 599 2446 856 2491; x_wconf 85' lang='lat' dir='ltr'><strong>antecedere</strong></span> <span class='ocrx_word' id='word_1_176' title='bbox 878 2446 1004 2489; x_wconf 86' lang='lat' dir='ltr'><strong>dicat.</strong></span> <span class='ocrx_word' id='word_1_177' title='bbox 1023 2446 1133 2489; x_wconf 87' lang='lat' dir='ltr'><strong>Haec</strong></span> 
     </span>
     <span class='ocr_line' id='line_1_31' title="bbox 284 2510 1132 2569; baseline -0.005 -13"><span class='ocrx_word' id='word_1_178' title='bbox 284 2513 405 2556; x_wconf 89' lang='lat' dir='ltr'><strong>enim</strong></span> <span class='ocrx_word' id='word_1_179' title='bbox 415 2529 549 2569; x_wconf 90' lang='lat' dir='ltr'><strong>prope</strong></span> <span class='ocrx_word' id='word_1_180' title='bbox 560 2513 754 2556; x_wconf 87' lang='lat' dir='ltr'><strong>Martem</strong></span> <span class='ocrx_word' id='word_1_181' title='bbox 764 2510 883 2554; x_wconf 89' lang='lat' dir='ltr'><strong>nuda</strong></span> <span class='ocrx_word' id='word_1_182' title='bbox 892 2511 1028 2568; x_wconf 89' lang='lat' dir='ltr'><strong>posita</strong></span> <span class='ocrx_word' id='word_1_183' title='bbox 1039 2526 1132 2552; x_wconf 91' lang='lat' dir='ltr'><strong>non</strong></span> 
     </span>
     <span class='ocr_line' id='line_1_32' title="bbox 285 2575 1135 2632; baseline -0.005 -12"><span class='ocrx_word' id='word_1_184' title='bbox 285 2578 367 2620; x_wconf 86' lang='lat' dir='ltr'><strong>suit</strong></span> <span class='ocrx_word' id='word_1_185' title='bbox 384 2578 615 2632; x_wconf 64' lang='grc' dir='ltr'>ἄναὼομένη</span> <span class='ocrx_word' id='word_1_186' title='bbox 630 2593 639 2619; x_wconf 87' lang='grc'>;</span> <span class='ocrx_word' id='word_1_187' title='bbox 652 2593 757 2619; x_wconf 88' lang='lat' dir='ltr'><strong>nam</strong></span> <span class='ocrx_word' id='word_1_188' title='bbox 770 2592 863 2618; x_wconf 85' lang='lat' dir='ltr'><strong>non</strong></span> <span class='ocrx_word' id='word_1_189' title='bbox 877 2575 1024 2619; x_wconf 88' lang='lat' dir='ltr'><strong>statim</strong></span> <span class='ocrx_word' id='word_1_190' title='bbox 1040 2576 1135 2617; x_wconf 90' lang='lat' dir='ltr'><strong>Ve-</strong></span> 
     </span>
     <span class='ocr_line' id='line_1_33' title="bbox 287 2639 1135 2696; baseline -0.004 -11"><span class='ocrx_word' id='word_1_191' title='bbox 287 2658 371 2685; x_wconf 89' lang='lat' dir='ltr'><strong>nus</strong></span> <span class='ocrx_word' id='word_1_192' title='bbox 386 2674 398 2696; x_wconf 91' lang='lat'>,</span> <span class='ocrx_word' id='word_1_193' title='bbox 420 2650 469 2684; x_wconf 91' lang='lat' dir='ltr'><strong>ut</strong></span> <span class='ocrx_word' id='word_1_194' title='bbox 488 2642 664 2684; x_wconf 85' lang='lat' dir='ltr'><strong>emersit</strong></span> <span class='ocrx_word' id='word_1_195' title='bbox 686 2641 837 2696; x_wconf 86' lang='lat' dir='ltr'><strong>pelago</strong></span> <span class='ocrx_word' id='word_1_196' title='bbox 855 2672 866 2693; x_wconf 93' lang='lat'>,</span> <span class='ocrx_word' id='word_1_197' title='bbox 889 2640 1025 2683; x_wconf 83' lang='lat' dir='ltr'><strong>Marti</strong></span> <span class='ocrx_word' id='word_1_198' title='bbox 1052 2639 1135 2682; x_wconf 86' lang='lat' dir='ltr'><strong>suit</strong></span> 
     </span>
     <span class='ocr_line' id='line_1_34' title="bbox 286 2704 1137 2763; baseline -0.004 -13"><span class='ocrx_word' id='word_1_199' title='bbox 286 2708 460 2763; x_wconf 75' lang='lat' dir='ltr'><strong>juncta3</strong></span> <span class='ocrx_word' id='word_1_200' title='bbox 476 2704 552 2748; x_wconf 91' lang='lat' dir='ltr'><strong>sed</strong></span> <span class='ocrx_word' id='word_1_201' title='bbox 574 2720 712 2761; x_wconf 86' lang='lat' dir='ltr'><strong>quum</strong></span> <span class='ocrx_word' id='word_1_202' title='bbox 730 2704 822 2759; x_wconf 83' lang='lat' dir='ltr'><strong>jam</strong></span> <span class='ocrx_word' id='word_1_203' title='bbox 841 2704 1041 2746; x_wconf 87' lang='lat' dir='ltr'><strong>Vulcano</strong></span> <span class='ocrx_word' id='word_1_204' title='bbox 1059 2704 1137 2747; x_wconf 90' lang='lat' dir='ltr'><strong>diu</strong></span> 
     </span>
     <span class='ocr_line' id='line_1_35' title="bbox 285 2768 1137 2827; baseline -0.008 -11"><span class='ocrx_word' id='word_1_205' title='bbox 285 2772 435 2816; x_wconf 84' lang='lat' dir='ltr'><strong>fuisset</strong></span> <span class='ocrx_word' id='word_1_206' title='bbox 452 2779 590 2827; x_wconf 85' lang='lat' dir='ltr'><strong>nupta</strong></span> <span class='ocrx_word' id='word_1_207' title='bbox 605 2803 617 2824; x_wconf 89' lang='lat'>‚</span> <span class='ocrx_word' id='word_1_208' title='bbox 650 2778 700 2811; x_wconf 91' lang='lat' dir='ltr'><strong>ut</strong></span> <span class='ocrx_word' id='word_1_209' title='bbox 730 2768 932 2811; x_wconf 84' lang='lat' dir='ltr'><strong>omnibus</strong></span> <span class='ocrx_word' id='word_1_210' title='bbox 962 2777 1137 2810; x_wconf 88' lang='lat' dir='ltr'><strong>notum.</strong></span> 
     </span>
     <span class='ocr_line' id='line_1_36' title="bbox 292 2833 1135 2881; baseline -0.006 0"><span class='ocrx_word' id='word_1_211' title='bbox 292 2837 506 2881; x_wconf 88' lang='lat' dir='ltr'><strong>Ceterum</strong></span> <span class='ocrx_word' id='word_1_212' title='bbox 544 2834 615 2877; x_wconf 92' lang='lat' dir='ltr'><strong>hic</strong></span> <span class='ocrx_word' id='word_1_213' title='bbox 641 2837 735 2877; x_wconf 88' lang='lat' dir='ltr'><strong>sola</strong></span> <span class='ocrx_word' id='word_1_214' title='bbox 776 2836 914 2877; x_wconf 80' lang='lat' dir='ltr'><strong>Venus</strong></span> <span class='ocrx_word' id='word_1_215' title='bbox 945 2833 1135 2876; x_wconf 86' lang='lat' dir='ltr'><strong>malebat</strong></span> 
     </span>
     <span class='ocr_line' id='line_1_37' title="bbox 290 2899 701 2946; baseline -0.015 0"><span class='ocrx_word' id='word_1_216' title='bbox 290 2901 511 2946; x_wconf 88' lang='lat' dir='ltr'><strong>Francius.</strong></span> <span class='ocrx_word' id='word_1_217' title='bbox 538 2899 701 2943; x_wconf 76' lang='lat' dir='ltr'>BURM.</span> 
     </span>
    </p>

    <p class='ocr_par' dir='ltr' id='par_1_14' title="bbox 288 2961 1136 3343">
     <span class='ocr_line' id='line_1_38' title="bbox 343 2961 1136 3019; baseline -0.008 -10"><span class='ocrx_word' id='word_1_218' title='bbox 343 2967 436 3009; x_wconf 80' lang='lat'><strong>226.</strong></span> <span class='ocrx_word' id='word_1_219' title='bbox 462 2965 1015 3019; x_wconf 57' lang='lat' dir='ltr'><strong>Conspltiere..Consp1‘ciare</strong></span> <span class='ocrx_word' id='word_1_220' title='bbox 1029 2961 1136 3004; x_wconf 89' lang='lat' dir='ltr'><strong>Sar-</strong></span> 
     </span>
     <span class='ocr_line' id='line_1_39' title="bbox 288 3027 1133 3074; baseline -0.008 0"><span class='ocrx_word' id='word_1_221' title='bbox 288 3031 488 3074; x_wconf 88' lang='lat' dir='ltr'><strong>ravianus</strong></span> <span class='ocrx_word' id='word_1_222' title='bbox 509 3037 553 3071; x_wconf 90' lang='lat' dir='ltr'><strong>et</strong></span> <span class='ocrx_word' id='word_1_223' title='bbox 570 3044 682 3070; x_wconf 90' lang='lat' dir='ltr'><strong>unus</strong></span> <span class='ocrx_word' id='word_1_224' title='bbox 701 3027 946 3071; x_wconf 88' lang='lat' dir='ltr'><strong>Patavinus.</strong></span> <span class='ocrx_word' id='word_1_225' title='bbox 966 3027 1133 3069; x_wconf 75' lang='lat' dir='ltr'><strong>HEINS.</strong></span> 
     </span>
     <span class='ocr_line' id='line_1_40' title="bbox 289 3090 1135 3148; baseline -0.007 -11"><span class='ocrx_word' id='word_1_226' title='bbox 289 3118 344 3128; x_wconf 89' lang='lat'><strong>--</strong></span> <span class='ocrx_word' id='word_1_227' title='bbox 357 3096 511 3148; x_wconf 81' lang='lat' dir='ltr'><strong>Aptius</strong></span> <span class='ocrx_word' id='word_1_228' title='bbox 524 3109 554 3133; x_wconf 90' lang='lat' dir='ltr'><strong>a</strong></span> <span class='ocrx_word' id='word_1_229' title='bbox 572 3108 732 3133; x_wconf 84' lang='lat' dir='ltr'><strong>summa</strong></span> <span class='ocrx_word' id='word_1_230' title='bbox 750 3099 830 3133; x_wconf 89' lang='lat' dir='ltr'><strong>etc.</strong></span> <span class='ocrx_word' id='word_1_231' title='bbox 841 3090 997 3144; x_wconf 77' lang='lat' dir='ltr'><strong>Aptius</strong></span> <span class='ocrx_word' id='word_1_232' title='bbox 1008 3123 1018 3140; x_wconf 91' lang='lat'>,</span> <span class='ocrx_word' id='word_1_233' title='bbox 1038 3106 1135 3132; x_wconf 91' lang='lat' dir='ltr'><strong>me-</strong></span> 
     </span>
     <span class='ocr_line' id='line_1_41' title="bbox 288 3156 1134 3212; baseline -0.007 -9"><span class='ocrx_word' id='word_1_234' title='bbox 288 3159 438 3203; x_wconf 43' lang='lat' dir='ltr'><strong>lius‘ab</strong></span> <span class='ocrx_word' id='word_1_235' title='bbox 453 3165 626 3199; x_wconf 88' lang='lat' dir='ltr'><strong>amante</strong></span> <span class='ocrx_word' id='word_1_236' title='bbox 643 3156 916 3212; x_wconf 89' lang='lat' dir='ltr'><strong>conspicieris</strong></span> <span class='ocrx_word' id='word_1_237' title='bbox 931 3189 942 3210; x_wconf 93' lang='lat'>,</span> <span class='ocrx_word' id='word_1_238' title='bbox 956 3156 1030 3198; x_wconf 88' lang='lat' dir='ltr'><strong>ubi</strong></span> <span class='ocrx_word' id='word_1_239' title='bbox 1046 3172 1134 3197; x_wconf 91' lang='lat' dir='ltr'><strong>ma-</strong></span> 
     </span>
     <span class='ocr_line' id='line_1_42' title="bbox 290 3221 1133 3272; baseline -0.005 -5"><span class='ocrx_word' id='word_1_240' title='bbox 290 3240 372 3267; x_wconf 90' lang='lat' dir='ltr'><strong>nus</strong></span> <span class='ocrx_word' id='word_1_241' title='bbox 406 3237 577 3265; x_wconf 85' lang='lat' dir='ltr'><strong>summa</strong></span> <span class='ocrx_word' id='word_1_242' title='bbox 608 3221 742 3264; x_wconf 80' lang='lat' dir='ltr'><strong>cultui</strong></span> <span class='ocrx_word' id='word_1_243' title='bbox 779 3221 1002 3264; x_wconf 86' lang='lat' dir='ltr'><strong>accesserit</strong></span> <span class='ocrx_word' id='word_1_244' title='bbox 1018 3239 1028 3272; x_wconf 89' lang='lat'>;</span> <span class='ocrx_word' id='word_1_245' title='bbox 1051 3237 1133 3263; x_wconf 90' lang='lat' dir='ltr'><strong>nec</strong></span> 
     </span>
     <span class='ocr_line' id='line_1_43' title="bbox 290 3286 1135 3343; baseline -0.005 -11"><span class='ocrx_word' id='word_1_246' title='bbox 290 3292 406 3339; x_wconf 85' lang='lat' dir='ltr'><strong>rude,</strong></span> <span class='ocrx_word' id='word_1_247' title='bbox 430 3287 733 3343; x_wconf 87' lang='lat' dir='ltr'><strong>imperfectum</strong></span> <span class='ocrx_word' id='word_1_248' title='bbox 748 3286 887 3329; x_wconf 89' lang='lat' dir='ltr'><strong>adhuc</strong></span> <span class='ocrx_word' id='word_1_249' title='bbox 899 3319 910 3340; x_wconf 92' lang='lat'>,</span> <span class='ocrx_word' id='word_1_250' title='bbox 922 3303 1024 3341; x_wconf 82' lang='lat' dir='ltr'><strong>opas</strong></span> <span class='ocrx_word' id='word_1_251' title='bbox 1038 3302 1135 3342; x_wconf 88' lang='lat' dir='ltr'><strong>pro-</strong></span> 
     </span>
    </p>
   </div>
   <div class='ocr_carea' id='block_1_13' title="bbox 294 3354 1134 3482">
    <p class='ocr_par' dir='ltr' id='par_1_15' title="bbox 294 3354 1134 3482">
     <span class='ocr_line' id='line_1_44' title="bbox 325 3354 464 3396; baseline 0.007 -1"><span class='ocrx_word' id='word_1_252' title='bbox 325 3354 464 3396; x_wconf 71' lang='grc' dir='ltr'><strong>’ἀει-ῖς.</strong></span> 
     </span>
     <span class='ocr_line' id='line_1_45' title="bbox 294 3355 1134 3482; baseline 0 -23"><span class='ocrx_word' id='word_1_253' title='bbox 294 3355 336 3397; x_wconf 66' lang='grc' dir='ltr'>ὼ</span> <span class='ocrx_word' id='word_1_254' title='bbox 354 3435 445 3482; x_wconf 20' lang='lat'><strong>2⁴27.</strong></span> <span class='ocrx_word' id='word_1_255' title='bbox 480 3420 619 3460; x_wconf 82' lang='lat' dir='ltr'><strong>Causa</strong></span> <span class='ocrx_word' id='word_1_256' title='bbox 634 3423 700 3460; x_wconf 80' lang='lat' dir='ltr'><strong>est</strong></span> <span class='ocrx_word' id='word_1_257' title='bbox 714 3418 920 3459; x_wconf 72' lang='lat' dir='ltr'><strong>candoris.</strong></span> <span class='ocrx_word' id='word_1_258' title='bbox 942 3407 1134 3470; x_wconf 75' lang='lat' dir='ltr'><strong>Splendo-</strong></span> 
     </span>
    </p>
   </div>
   <div class='ocr_carea' id='block_1_14' title="bbox 1207 1730 2069 3457">
    <p class='ocr_par' dir='ltr' id='par_1_16' title="bbox 1211 1730 2069 1984">
     <span class='ocr_line' id='line_1_46' title="bbox 1211 1730 2056 1788; baseline -0.001 -14"><span class='ocrx_word' id='word_1_259' title='bbox 1211 1736 1270 1774; x_wconf 74' lang='grc' dir='ltr'><strong>νιίς</strong></span> <span class='ocrx_word' id='word_1_260' title='bbox 1294 1731 1435 1788; x_wconf 88' lang='lat' dir='ltr'><strong>prima</strong></span> <span class='ocrx_word' id='word_1_261' title='bbox 1460 1731 1617 1785; x_wconf 82' lang='lat' dir='ltr'><strong>editio,</strong></span> <span class='ocrx_word' id='word_1_262' title='bbox 1637 1731 1812 1774; x_wconf 86' lang='lat' dir='ltr'><strong>Veneta</strong></span> <span class='ocrx_word' id='word_1_263' title='bbox 1832 1745 1943 1785; x_wconf 90' lang='lat' dir='ltr'><strong>una,</strong></span> <span class='ocrx_word' id='word_1_264' title='bbox 1966 1730 2056 1774; x_wconf 82' lang='lat' dir='ltr'><strong>Al-</strong></span> 
     </span>
     <span class='ocr_line' id='line_1_47' title="bbox 1213 1790 2069 1857; baseline 0.001 -18"><span class='ocrx_word' id='word_1_265' title='bbox 1213 1796 1316 1840; x_wconf 89' lang='lat' dir='ltr'><strong>dina</strong></span> <span class='ocrx_word' id='word_1_266' title='bbox 1339 1798 1459 1854; x_wconf 91' lang='lat' dir='ltr'><strong>prior</strong></span> <span class='ocrx_word' id='word_1_267' title='bbox 1479 1806 1523 1841; x_wconf 88' lang='lat' dir='ltr'><strong>et</strong></span> <span class='ocrx_word' id='word_1_268' title='bbox 1543 1796 1709 1856; x_wconf 87' lang='lat' dir='ltr'><strong>Micylli</strong></span> <span class='ocrx_word' id='word_1_269' title='bbox 1727 1831 1739 1857; x_wconf 60' lang='lat'><em>2</em></span> <span class='ocrx_word' id='word_1_270' title='bbox 1765 1805 1809 1840; x_wconf 94' lang='lat' dir='ltr'><strong>et</strong></span> <span class='ocrx_word' id='word_1_271' title='bbox 1830 1790 2069 1841; x_wconf 80' lang='lat' dir='ltr'><strong>Mediceus&#39;</strong></span> 
     </span>
     <span class='ocr_line' id='line_1_48' title="bbox 1211 1861 2054 1919; baseline -0.002 -13"><span class='ocrx_word' id='word_1_272' title='bbox 1211 1861 1358 1906; x_wconf 85' lang='lat' dir='ltr'><strong>codex.</strong></span> <span class='ocrx_word' id='word_1_273' title='bbox 1377 1863 1467 1906; x_wconf 87' lang='lat' dir='ltr'><strong>Sed</strong></span> <span class='ocrx_word' id='word_1_274' title='bbox 1482 1862 1591 1906; x_wconf 89' lang='lat' dir='ltr'><strong>nihil</strong></span> <span class='ocrx_word' id='word_1_275' title='bbox 1609 1871 1744 1906; x_wconf 85' lang='lat' dir='ltr'><strong>muta.</strong></span> <span class='ocrx_word' id='word_1_276' title='bbox 1761 1862 1958 1919; x_wconf 91' lang='lat' dir='ltr'><strong>Propert.</strong></span> <span class='ocrx_word' id='word_1_277' title='bbox 1970 1862 2054 1916; x_wconf 87' lang='grc' dir='ltr'><strong>ΙΙΙ,</strong></span> 
     </span>
     <span class='ocr_line' id='line_1_49' title="bbox 1214 1927 1595 1984; baseline 0.003 -14"><span class='ocrx_word' id='word_1_278' title='bbox 1214 1927 1335 1984; x_wconf 84' lang='lat' dir='ltr'><strong>Eleg.</strong></span> <span class='ocrx_word' id='word_1_279' title='bbox 1366 1942 1485 1971; x_wconf 86' lang='lat' dir='ltr'><strong>xxm</strong></span> <span class='ocrx_word' id='word_1_280' title='bbox 1504 1961 1516 1982; x_wconf 95' lang='lat'>,</span> <span class='ocrx_word' id='word_1_281' title='bbox 1540 1929 1595 1971; x_wconf 92' lang='lat'><strong>8:</strong></span> 
     </span>
    </p>

    <p class='ocr_par' dir='ltr' id='par_1_17' title="bbox 1213 1994 2059 2178">
     <span class='ocr_line' id='line_1_50' title="bbox 1253 1994 1974 2037; baseline 0 -12"><span class='ocrx_word' id='word_1_282' title='bbox 1253 1997 1365 2036; x_wconf 84' lang='lat' dir='ltr'><strong>Quum</strong></span> <span class='ocrx_word' id='word_1_283' title='bbox 1379 1995 1438 2026; x_wconf 83' lang='lat' dir='ltr'><strong>tibi</strong></span> <span class='ocrx_word' id='word_1_284' title='bbox 1452 1995 1606 2037; x_wconf 79' lang='lat' dir='ltr'><strong>quaesitus</strong></span> <span class='ocrx_word' id='word_1_285' title='bbox 1620 1996 1749 2027; x_wconf 83' lang='lat' dir='ltr'><strong>candor</strong></span> <span class='ocrx_word' id='word_1_286' title='bbox 1761 1995 1796 2026; x_wconf 84' lang='lat' dir='ltr'><strong>in</strong></span> <span class='ocrx_word' id='word_1_287' title='bbox 1812 2006 1868 2026; x_wconf 83' lang='lat' dir='ltr'><strong>ore</strong></span> <span class='ocrx_word' id='word_1_288' title='bbox 1880 1994 1974 2026; x_wconf 84' lang='lat' dir='ltr'><strong>foret.</strong></span> 
     </span>
     <span class='ocr_line' id='line_1_51' title="bbox 1216 2054 2059 2112; baseline 0 -14"><span class='ocrx_word' id='word_1_289' title='bbox 1216 2055 1367 2112; x_wconf 85' lang='lat' dir='ltr'><strong>Quem</strong></span> <span class='ocrx_word' id='word_1_290' title='bbox 1387 2055 1533 2100; x_wconf 88' lang='lat' dir='ltr'><strong>locum</strong></span> <span class='ocrx_word' id='word_1_291' title='bbox 1553 2055 1686 2099; x_wconf 87' lang='lat' dir='ltr'><strong>etiam</strong></span> <span class='ocrx_word' id='word_1_292' title='bbox 1709 2055 1862 2099; x_wconf 90' lang='lat' dir='ltr'><strong>Douza</strong></span> <span class='ocrx_word' id='word_1_293' title='bbox 1881 2055 1952 2100; x_wconf 88' lang='lat' dir='ltr'><strong>hic</strong></span> <span class='ocrx_word' id='word_1_294' title='bbox 1979 2054 2059 2099; x_wconf 87' lang='lat' dir='ltr'><strong>ad-</strong></span> 
     </span>
     <span class='ocr_line' id='line_1_52' title="bbox 1213 2121 1452 2178; baseline 0 -14"><span class='ocrx_word' id='word_1_295' title='bbox 1213 2121 1452 2178; x_wconf 88' lang='lat' dir='ltr'><strong>scripserat.</strong></span> 
     </span>
    </p>

    <p class='ocr_par' dir='ltr' id='par_1_18' title="bbox 1212 2186 2059 2432">
     <span class='ocr_line' id='line_1_53' title="bbox 1266 2186 2059 2245; baseline -0.003 -16"><span class='ocrx_word' id='word_1_296' title='bbox 1266 2202 1361 2245; x_wconf 83' lang='lat'><strong>229.</strong></span> <span class='ocrx_word' id='word_1_297' title='bbox 1402 2187 1543 2228; x_wconf 79' lang='lat' dir='ltr'><strong>Multa</strong></span> <span class='ocrx_word' id='word_1_298' title='bbox 1584 2189 1700 2228; x_wconf 82' lang='lat' dir='ltr'><strong>viros</strong></span> <span class='ocrx_word' id='word_1_299' title='bbox 1735 2189 1894 2228; x_wconf 77' lang='lat' dir='ltr'><strong>nescire</strong></span> <span class='ocrx_word' id='word_1_300' title='bbox 1929 2186 2059 2228; x_wconf 76' lang='lat' dir='ltr'><strong>decet.</strong></span> 
     </span>
     <span class='ocr_line' id='line_1_54' title="bbox 1217 2249 2059 2307; baseline -0.005 -13"><span class='ocrx_word' id='word_1_301' title='bbox 1217 2251 1332 2307; x_wconf 83' lang='lat' dir='ltr'><strong>Quae</strong></span> <span class='ocrx_word' id='word_1_302' title='bbox 1351 2250 1386 2294; x_wconf 92' lang='lat' dir='ltr'><strong>si</strong></span> <span class='ocrx_word' id='word_1_303' title='bbox 1418 2249 1643 2293; x_wconf 88' lang='lat' dir='ltr'><strong>rescierint</strong></span> <span class='ocrx_word' id='word_1_304' title='bbox 1663 2249 1783 2292; x_wconf 90' lang='lat' dir='ltr'><strong>enim</strong></span> <span class='ocrx_word' id='word_1_305' title='bbox 1797 2282 1808 2304; x_wconf 93' lang='lat'>,</span> <span class='ocrx_word' id='word_1_306' title='bbox 1845 2249 2059 2291; x_wconf 85' lang='lat' dir='ltr'><strong>damnum</strong></span> 
     </span>
     <span class='ocr_line' id='line_1_55' title="bbox 1213 2315 2056 2373; baseline -0.005 -12"><span class='ocrx_word' id='word_1_307' title='bbox 1213 2318 1316 2361; x_wconf 90' lang='lat' dir='ltr'><strong>hinc</strong></span> <span class='ocrx_word' id='word_1_308' title='bbox 1348 2333 1405 2360; x_wconf 90' lang='lat' dir='ltr'><strong>ne</strong></span> <span class='ocrx_word' id='word_1_309' title='bbox 1435 2316 1607 2373; x_wconf 88' lang='lat' dir='ltr'><strong>capiant</strong></span> <span class='ocrx_word' id='word_1_310' title='bbox 1626 2331 1718 2359; x_wconf 91' lang='lat' dir='ltr'><strong>non</strong></span> <span class='ocrx_word' id='word_1_311' title='bbox 1744 2316 1838 2359; x_wconf 88' lang='lat' dir='ltr'><strong>leve</strong></span> <span class='ocrx_word' id='word_1_312' title='bbox 1869 2315 2022 2372; x_wconf 83' lang='lat' dir='ltr'><strong>puellae</strong></span> <span class='ocrx_word' id='word_1_313' title='bbox 2044 2347 2056 2368; x_wconf 87' lang='lat'>,</span> 
     </span>
     <span class='ocr_line' id='line_1_56' title="bbox 1212 2381 1959 2432; baseline -0.003 -8"><span class='ocrx_word' id='word_1_314' title='bbox 1212 2381 1459 2424; x_wconf 86' lang='lat' dir='ltr'><strong>verendum</strong></span> <span class='ocrx_word' id='word_1_315' title='bbox 1495 2388 1575 2424; x_wconf 75' lang='lat' dir='ltr'><strong>est.</strong></span> <span class='ocrx_word' id='word_1_316' title='bbox 1955 2426 1959 2432; x_wconf 48' lang='grc'><strong>,</strong></span> 
     </span>
    </p>

    <p class='ocr_par' dir='ltr' id='par_1_19' title="bbox 1210 2446 2061 3198">
     <span class='ocr_line' id='line_1_57' title="bbox 1268 2446 2061 2500; baseline -0.004 -12"><span class='ocrx_word' id='word_1_317' title='bbox 1268 2446 1362 2488; x_wconf 80' lang='lat'><strong>232.</strong></span> <span class='ocrx_word' id='word_1_318' title='bbox 1382 2448 1516 2500; x_wconf 83' lang='lat' dir='ltr'><strong>Quam</strong></span> <span class='ocrx_word' id='word_1_319' title='bbox 1529 2447 1663 2488; x_wconf 78' lang='lat' dir='ltr'><strong>tenuis</strong></span> <span class='ocrx_word' id='word_1_320' title='bbox 1680 2447 1849 2487; x_wconf 83' lang='lat' dir='ltr'><strong>bractea</strong></span> <span class='ocrx_word' id='word_1_321' title='bbox 1865 2446 1983 2499; x_wconf 74' lang='lat' dir='ltr'><strong>ligna</strong></span> <span class='ocrx_word' id='word_1_322' title='bbox 2001 2448 2061 2486; x_wconf 82' lang='lat' dir='ltr'><strong>le-</strong></span> 
     </span>
     <span class='ocr_line' id='line_1_58' title="bbox 1210 2506 2061 2565; baseline -0.005 -13"><span class='ocrx_word' id='word_1_323' title='bbox 1210 2517 1298 2565; x_wconf 71' lang='lat' dir='ltr'><strong>gat.</strong></span> <span class='ocrx_word' id='word_1_324' title='bbox 1334 2511 1470 2565; x_wconf 78' lang='lat' dir='ltr'><strong>Tegat</strong></span> <span class='ocrx_word' id='word_1_325' title='bbox 1494 2509 1584 2565; x_wconf 79' lang='lat' dir='ltr'><strong>jam</strong></span> <span class='ocrx_word' id='word_1_326' title='bbox 1611 2508 1826 2565; x_wconf 83' lang='lat' dir='ltr'><strong>praecessit</strong></span> <span class='ocrx_word' id='word_1_327' title='bbox 1849 2506 2061 2564; x_wconf 83' lang='lat' dir='ltr'><strong>superiori</strong></span> 
     </span>
     <span class='ocr_line' id='line_1_59' title="bbox 1214 2570 2059 2630; baseline -0.007 -13"><span class='ocrx_word' id='word_1_328' title='bbox 1214 2582 1491 2630; x_wconf 87' lang='lat' dir='ltr'><strong>pentametro</strong></span> <span class='ocrx_word' id='word_1_329' title='bbox 1511 2586 1522 2613; x_wconf 72' lang='grc' dir='ltr'><strong><em>ε</em></strong></span> <span class='ocrx_word' id='word_1_330' title='bbox 1542 2577 1651 2628; x_wconf 72' lang='lat' dir='ltr'><strong>ligat</strong></span> <span class='ocrx_word' id='word_1_331' title='bbox 1667 2571 1916 2615; x_wconf 83' lang='lat' dir='ltr'><strong>Farnesian.</strong></span> <span class='ocrx_word' id='word_1_332' title='bbox 1939 2570 2059 2613; x_wconf 85' lang='lat' dir='ltr'><strong>Scri-</strong></span> 
     </span>
     <span class='ocr_line' id='line_1_60' title="bbox 1214 2635 2058 2694; baseline -0.007 -12"><span class='ocrx_word' id='word_1_333' title='bbox 1214 2640 1295 2694; x_wconf 89' lang='lat' dir='ltr'><strong>bo,</strong></span> <span class='ocrx_word' id='word_1_334' title='bbox 1318 2642 1431 2682; x_wconf 77' lang='lat' dir='ltr'><strong>linat</strong></span> <span class='ocrx_word' id='word_1_335' title='bbox 1447 2651 1460 2678; x_wconf 82' lang='lat'><em>:</em></span> <span class='ocrx_word' id='word_1_336' title='bbox 1488 2646 1539 2680; x_wconf 88' lang='lat' dir='ltr'><strong>ut</strong></span> <span class='ocrx_word' id='word_1_337' title='bbox 1558 2636 1788 2680; x_wconf 83' lang='lat' dir='ltr'><strong>adludatur</strong></span> <span class='ocrx_word' id='word_1_338' title='bbox 1807 2635 1860 2678; x_wconf 91' lang='lat' dir='ltr'><strong>ad</strong></span> <span class='ocrx_word' id='word_1_339' title='bbox 1879 2635 2058 2677; x_wconf 85' lang='lat' dir='ltr'><strong>deriva-</strong></span> 
     </span>
     <span class='ocr_line' id='line_1_61' title="bbox 1216 2700 2060 2753; baseline -0.006 -7"><span class='ocrx_word' id='word_1_340' title='bbox 1216 2704 1383 2746; x_wconf 86' lang='lat' dir='ltr'><strong>tionem</strong></span> <span class='ocrx_word' id='word_1_341' title='bbox 1413 2702 1529 2746; x_wconf 82' lang='lat' dir='ltr'><strong>vocis</strong></span> <span class='ocrx_word' id='word_1_342' title='bbox 1557 2718 1568 2753; x_wconf 92' lang='grc'><strong>;</strong></span> <span class='ocrx_word' id='word_1_343' title='bbox 1621 2704 1787 2743; x_wconf 80' lang='lat' dir='ltr'><strong>bractea</strong></span> <span class='ocrx_word' id='word_1_344' title='bbox 1824 2700 1944 2742; x_wconf 90' lang='lat' dir='ltr'><strong>enim</strong></span> <span class='ocrx_word' id='word_1_345' title='bbox 1981 2714 2060 2742; x_wconf 91' lang='lat' dir='ltr'><strong>seu</strong></span> 
     </span>
     <span class='ocr_line' id='line_1_62' title="bbox 1215 2762 2060 2828; baseline -0.004 -19"><span class='ocrx_word' id='word_1_346' title='bbox 1215 2771 1372 2828; x_wconf 67' lang='lat' dir='ltr'><strong>sspe&#39;nrtoe</strong></span> <span class='ocrx_word' id='word_1_347' title='bbox 1394 2767 1466 2808; x_wconf 75' lang='grc' dir='ltr'><strong>ἆπᾶ</strong></span> <span class='ocrx_word' id='word_1_348' title='bbox 1488 2773 1554 2809; x_wconf 77' lang='grc' dir='ltr'><strong>τοῦ</strong></span> <span class='ocrx_word' id='word_1_349' title='bbox 1572 2767 1725 2827; x_wconf 65' lang='grc' dir='ltr'><strong><em>βρέχειν</em></strong></span> <span class='ocrx_word' id='word_1_350' title='bbox 1745 2762 1974 2805; x_wconf 80' lang='lat' dir='ltr'><strong>deducitur</strong></span> <span class='ocrx_word' id='word_1_351' title='bbox 1988 2795 2000 2816; x_wconf 83' lang='lat'>‚</span> <span class='ocrx_word' id='word_1_352' title='bbox 2035 2779 2060 2806; x_wconf 84' lang='lat' dir='ltr'><strong>a</strong></span> 
     </span>
     <span class='ocr_line' id='line_1_63' title="bbox 1214 2828 2055 2885; baseline -0.004 -11"><span class='ocrx_word' id='word_1_353' title='bbox 1214 2831 1408 2874; x_wconf 89' lang='lat' dir='ltr'><strong>linendo.</strong></span> <span class='ocrx_word' id='word_1_354' title='bbox 1451 2831 1571 2874; x_wconf 85' lang='lat' dir='ltr'><strong>Hinc</strong></span> <span class='ocrx_word' id='word_1_355' title='bbox 1599 2828 1812 2873; x_wconf 86' lang='lat' dir='ltr'><strong>Martialis</strong></span> <span class='ocrx_word' id='word_1_356' title='bbox 1852 2844 2024 2885; x_wconf 89' lang='lat' dir='ltr'><strong>quoque</strong></span> <span class='ocrx_word' id='word_1_357' title='bbox 2042 2860 2055 2882; x_wconf 83' lang='lat'>,</span> 
     </span>
     <span class='ocr_line' id='line_1_64' title="bbox 1214 2894 1704 2951; baseline -0.006 -14"><span class='ocrx_word' id='word_1_358' title='bbox 1214 2895 1285 2937; x_wconf 89' lang='lat' dir='ltr'><strong>lib.</strong></span> <span class='ocrx_word' id='word_1_359' title='bbox 1307 2908 1356 2936; x_wconf 87' lang='lat' dir='ltr'><strong>1x</strong></span> <span class='ocrx_word' id='word_1_360' title='bbox 1371 2928 1383 2948; x_wconf 93' lang='lat'>,</span> <span class='ocrx_word' id='word_1_361' title='bbox 1407 2894 1555 2951; x_wconf 85' lang='lat' dir='ltr'><strong>Epigr.</strong></span> <span class='ocrx_word' id='word_1_362' title='bbox 1578 2907 1672 2938; x_wconf 77' lang='lat' dir='ltr'><strong>Lvu</strong></span> <span class='ocrx_word' id='word_1_363' title='bbox 1694 2906 1704 2934; x_wconf 74' lang='grc' dir='ltr'><strong>ε</strong></span> 
     </span>
     <span class='ocr_line' id='line_1_65' title="bbox 1214 2963 1920 3004; baseline -0.003 -10"><span class='ocrx_word' id='word_1_364' title='bbox 1214 2965 1257 2994; x_wconf 81' lang='lat' dir='ltr'><strong>Et</strong></span> <span class='ocrx_word' id='word_1_365' title='bbox 1269 2963 1343 2994; x_wconf 77' lang='lat' dir='ltr'><strong>linit</strong></span> <span class='ocrx_word' id='word_1_366' title='bbox 1354 2964 1550 3004; x_wconf 77' lang='lat' dir='ltr'><strong>Hesperium</strong></span> <span class='ocrx_word' id='word_1_367' title='bbox 1570 2963 1708 2994; x_wconf 79' lang='lat' dir='ltr'><strong>bractea</strong></span> <span class='ocrx_word' id='word_1_368' title='bbox 1720 2963 1797 2994; x_wconf 82' lang='lat' dir='ltr'><strong>viva</strong></span> <span class='ocrx_word' id='word_1_369' title='bbox 1810 2973 1920 3002; x_wconf 76' lang='lat' dir='ltr'><strong>pecus·</strong></span> 
     </span>
     <span class='ocr_line' id='line_1_66' title="bbox 1214 3022 2058 3078; baseline -0.004 -12"><span class='ocrx_word' id='word_1_370' title='bbox 1214 3027 1438 3068; x_wconf 76' lang='lat' dir='ltr'><strong>Bracteam</strong></span> <span class='ocrx_word' id='word_1_371' title='bbox 1452 3057 1463 3075; x_wconf 85' lang='lat'><em>‚</em></span> <span class='ocrx_word' id='word_1_372' title='bbox 1496 3029 1659 3078; x_wconf 76' lang='lat' dir='ltr'><strong>sputum</strong></span> <span class='ocrx_word' id='word_1_373' title='bbox 1692 3022 1811 3065; x_wconf 87' lang='lat' dir='ltr'><strong>idem</strong></span> <span class='ocrx_word' id='word_1_374' title='bbox 1837 3031 1962 3066; x_wconf 82' lang='lat' dir='ltr'><strong>vocat</strong></span> <span class='ocrx_word' id='word_1_375' title='bbox 1986 3022 2058 3073; x_wconf 79' lang='lat' dir='ltr'><strong>lib.</strong></span> 
     </span>
     <span class='ocr_line' id='line_1_67' title="bbox 1215 3088 1694 3144; baseline -0.002 -13"><span class='ocrx_word' id='word_1_376' title='bbox 1215 3101 1303 3131; x_wconf 83' lang='lat' dir='ltr'><strong>vm</strong></span> <span class='ocrx_word' id='word_1_377' title='bbox 1322 3120 1333 3141; x_wconf 95' lang='lat'>,</span> <span class='ocrx_word' id='word_1_378' title='bbox 1357 3088 1490 3144; x_wconf 86' lang='lat' dir='ltr'><strong>Epist.</strong></span> <span class='ocrx_word' id='word_1_379' title='bbox 1513 3100 1664 3130; x_wconf 85' lang='lat' dir='ltr'>xxx111</span> <span class='ocrx_word' id='word_1_380' title='bbox 1684 3103 1694 3130; x_wconf 74' lang='grc' dir='ltr'>ε</span> 
     </span>
     <span class='ocr_line' id='line_1_68' title="bbox 1214 3155 1998 3198; baseline 0 -12"><span class='ocrx_word' id='word_1_381' title='bbox 1214 3157 1285 3187; x_wconf 85' lang='lat' dir='ltr'><strong>Hoc</strong></span> <span class='ocrx_word' id='word_1_382' title='bbox 1300 3157 1414 3187; x_wconf 84' lang='lat' dir='ltr'><strong>linitur</strong></span> <span class='ocrx_word' id='word_1_383' title='bbox 1430 3162 1524 3197; x_wconf 82' lang='lat' dir='ltr'><strong>sputo</strong></span> <span class='ocrx_word' id='word_1_384' title='bbox 1536 3156 1611 3186; x_wconf 86' lang='lat' dir='ltr'><strong>Jani</strong></span> <span class='ocrx_word' id='word_1_385' title='bbox 1624 3157 1761 3198; x_wconf 78' lang='lat' dir='ltr'><strong>Caryota</strong></span> <span class='ocrx_word' id='word_1_386' title='bbox 1774 3155 1925 3186; x_wconf 80' lang='lat' dir='ltr'><strong>calendis.</strong></span> <span class='ocrx_word' id='word_1_387' title='bbox 1950 3156 1998 3186; x_wconf 86' lang='lat' dir='ltr'><strong>H.</strong></span> 
     </span>
    </p>

    <p class='ocr_par' dir='ltr' id='par_1_20' title="bbox 1207 3215 2057 3457">
     <span class='ocr_line' id='line_1_69' title="bbox 1272 3215 2057 3272; baseline -0.003 -13"><span class='ocrx_word' id='word_1_388' title='bbox 1272 3218 1364 3272; x_wconf 77' lang='lat'><strong>234.</strong></span> <span class='ocrx_word' id='word_1_389' title='bbox 1392 3221 1545 3260; x_wconf 80' lang='lat' dir='ltr'><strong>Forma</strong></span> <span class='ocrx_word' id='word_1_390' title='bbox 1553 3219 1762 3271; x_wconf 80' lang='lat' dir='ltr'><strong>paranda.</strong></span> <span class='ocrx_word' id='word_1_391' title='bbox 1783 3215 2032 3258; x_wconf 85' lang='lat' dir='ltr'><strong>Hasniensis</strong></span> <span class='ocrx_word' id='word_1_392' title='bbox 2046 3248 2057 3268; x_wconf 89' lang='lat'>‚</span> 
     </span>
     <span class='ocr_line' id='line_1_70' title="bbox 1207 3279 2057 3339; baseline -0.005 -14"><span class='ocrx_word' id='word_1_393' title='bbox 1207 3287 1382 3338; x_wconf 78' lang='lat' dir='ltr'><strong>pianda.</strong></span> <span class='ocrx_word' id='word_1_394' title='bbox 1406 3283 1590 3339; x_wconf 84' lang='lat' dir='ltr'><strong>Egregie</strong></span> <span class='ocrx_word' id='word_1_395' title='bbox 1604 3286 1755 3337; x_wconf 77' lang='lat' dir='ltr'><strong>parari</strong></span> <span class='ocrx_word' id='word_1_396' title='bbox 1774 3282 1960 3323; x_wconf 88' lang='lat' dir='ltr'><strong>formam</strong></span> <span class='ocrx_word' id='word_1_397' title='bbox 1981 3279 2057 3321; x_wconf 77' lang='lat' dir='ltr'><strong>di-</strong></span> 
     </span>
     <span class='ocr_line' id='line_1_71' title="bbox 1214 3345 2057 3404; baseline -0.007 -13"><span class='ocrx_word' id='word_1_398' title='bbox 1214 3349 1293 3401; x_wconf 85' lang='lat' dir='ltr'><strong>cit,</strong></span> <span class='ocrx_word' id='word_1_399' title='bbox 1318 3364 1412 3404; x_wconf 86' lang='lat' dir='ltr'><strong>quae</strong></span> <span class='ocrx_word' id='word_1_400' title='bbox 1435 3355 1602 3392; x_wconf 87' lang='lat' dir='ltr'><strong>constet</strong></span> <span class='ocrx_word' id='word_1_401' title='bbox 1623 3346 1765 3390; x_wconf 87' lang='lat' dir='ltr'><strong>omnis</strong></span> <span class='ocrx_word' id='word_1_402' title='bbox 1783 3362 1805 3389; x_wconf 91' lang='lat' dir='ltr'><strong>e</strong></span> <span class='ocrx_word' id='word_1_403' title='bbox 1827 3345 1954 3388; x_wconf 85' lang='lat' dir='ltr'><strong>rebus</strong></span> <span class='ocrx_word' id='word_1_404' title='bbox 1975 3360 2057 3385; x_wconf 55' lang='lat' dir='ltr'><strong>eii-1</strong></span> 
     </span>
     <span class='ocr_line' id='line_1_72' title="bbox 1214 3414 1560 3457; baseline -0.006 0"><span class='ocrx_word' id='word_1_405' title='bbox 1214 3414 1359 3457; x_wconf 82' lang='lat' dir='ltr'><strong>ternis.</strong></span> <span class='ocrx_word' id='word_1_406' title='bbox 1558 3423 1560 3425; x_wconf 83' lang='lat'>&#39;</span> 
     </span>
    </p>
   </div>
  </div>
 </body>
</html>
