2268 3776
309 342 336 370 ’,ὲ
348 340 416 371 UO

775 322 838 373 P.
891 321 1183 380 OVIDII
1229 323 1616 380 NASONIS

306 427 458 506 Quid
481 443 636 509 pater
665 429 930 500 Ismario,
958 431 1092 512 quid
1120 446 1294 493 mater
1315 434 1529 516 profuit
1553 435 1783 518 Orpheo
1804 438 1828 495 Ρ

386 524 637 583 Carmine
674 525 808 606 quid
835 526 1005 586 victas
1038 528 1398 610 obstupuisse
1425 529 1567 590 feras
1590 532 1613 589 Ρ

299 619 530 680 AElinon
557 621 614 679 in
645 620 795 681 silvis
823 621 966 683 idem
996 638 1176 705 pater,
1202 623 1435 684 AElinon
1452 673 1467 697 ,
1493 625 1619 686 altis

380 718 599 776 Dicitur
630 717 798 777 invita
829 719 1174 779 concinuisse
1203 718 1335 801 lyra.

297 812 488 892 Adjice
519 813 868 886 Maeoniden,
899 839 931 875 a
960 840 1071 896 quo
1094 861 1108 886 ,
1142 839 1241 875 ceu
1271 814 1426 875 fonte
1458 817 1720 897 perenni,
2030 837 2085 877 25

383 911 583 968 Vatum
611 909 807 970 Pieriis
840 935 936 971 ora
963 912 1216 989 rigantur
1244 911 1434 994 aquisg

302 1006 467 1064 Hunc
499 1030 721 1088 quoque
752 1030 962 1068 summa
994 1008 1110 1069 dies
1138 1009 1300 1087 nigro
1331 1008 1632 1069 submersit
1653 1009 1907 1081 Avern03

382 1101 705 1180 Diffugiunt
732 1104 922 1164 avidos
953 1085 1194 1166 carmina
1223 1103 1343 1165 sola
1370 1128 1556 1182 rogos.

300 1244 550 1300 conjecerat
570 1246 697 1300 olim,
717 1250 933 1290 obsce-nas
947 1262 961 1301 ,·
977 1248 1013 1291 si
1032 1247 1154 1290 addi-

304 1321 457 1354 cerent
479 1313 614 1356 MSS.
637 1313 862 1357 laudarem
881 1330 891 1357 :
909 1315 985 1358 sed
1006 1324 1154 1371 postea

300 1393 402 1419 cum
423 1378 568 1420 RIario
590 1383 735 1432 nigras
756 1379 1026 1435 explicandas
1047 1397 1153 1422 cen—

299 1442 408 1493 suit;
427 1451 470 1485 et
491 1452 607 1486 recte
625 1460 633 1485 :
649 1460 754 1485 nam
775 1444 923 1486 onmia
940 1445 1092 1491 ¹inseris
1110 1452 1153 1486 et

299 1508 431 1550 morti
461 1508 672 1565 adscripta
700 1513 822 1564 nigra
845 1509 1051 1552 dicuntur
1073 1525 1084 1552 :
1104 1518 1154 1551 ut

302 1588 404 1615 mox
417 1590 528 1616 vers.
546 1590 618 1630 27:
633 1579 751 1628 niger
761 1576 965 1617 Avernus.
975 1575 1137 1634 BURM.

355 1656 421 1680 21.
457 1641 573 1692 Quid
581 1646 707 1693 pater
723 1642 902 1682 Ismario
922 1649 1001 1683 etc.
1029 1641 1154 1695 Quid

302 1702 487 1758 Orpheo
518 1704 682 1760 profuit
710 1721 845 1761 genus
876 1705 927 1747 ab
952 1706 1155 1761 Apolline

279 1775 284 1783 ‘
301 1778 345 1811 ct
364 1767 558 1825 Calliope
575 1770 703 1812 Musa
723 1769 890 1826 duxisse
907 1770 926 1812 ἲ
951 1771 1010 1813 Et
1025 1771 1153 1824 infra,

301 1851 338 1875 v.
362 1834 426 1875 23.
446 1836 560 1875 Idem
575 1840 717 1888 pater,
745 1834 865 1876 idem
885 1835 1043 1891 Apollo
1058 1868 1069 1889 ,
1087 1836 1156 1878 in-

302 1899 439 1952 vitus,
464 1900 570 1941 Lini
586 1899 659 1941 filii
677 1915 808 1954 quem
831 1916 854 1942 e
874 1900 1155 1943 Psammethe

300 1972 574 2019 susceperat,
598 1965 737 2006 fatum
757 1964 851 2021 lyra
870 1965 1107 2008 concinuit.

354 2044 420 2069 22.
457 2028 744 2082 Obstupuzkse.
775 2027 1000 2071 Palatinus
1031 2030 1161 2085 opti—·

300 2112 398 2138 mus
416 2128 428 2149 ,
459 2099 692 2151 obrinuisse
711 2113 724 2138 :
758 2098 871 2139 sorte
903 2114 1006 2154 pro,
1032 2102 1154 2142 obri-

297 2165 452 2217 guisse.
476 2161 644 2204 Hnms.
1016 2168 1026 2179 ”

355 2227 419 2268 23.
450 2229 625 2269 AElinon
644 2231 690 2269 in
713 2230 834 2271 silvis
853 2236 934 2270 etc.
952 2230 1150 2280 AEHnon,

301 2292 507 2350 hymnus,
534 2309 683 2349 quem,
706 2293 916 2336 exstincto
937 2294 1064 2347 Lino,
1084 2312 1153 2337 ce-

298 2357 403 2399 cinit
426 2358 595 2413 Apollo.
634 2358 804 2401 Notum
824 2358 931 2400 illud
956 2360 1152 2414 Moschi,

301 2425 436 2466 Αἴλινά
456 2438 523 2477 μοὶ
552 2433 755 2478 ςσναχεῒτε
785 2426 914 2467 νάπαι.
938 2423 1153 2468 Ceterum

301 2498 350 2530 ut
381 2505 403 2530 a
438 2489 551 2530 Lino
583 2495 732 2539 Α’ἱλινος
759 2497 885 2552 Θρῖἱνος
904 2490 1152 2546 derivatur,

302 2554 361 2596 sic
391 2569 414 2596 a
444 2553 611 2596 Ialemo
642 2553 860 2611 Calliopes
888 2554 1006 2610 filio,
1031 2564 1155 2618 θρῆνος

300 2612 468 2673 ἰάλεμος.
498 2617 723 2660 Scholiast.
748 2619 891 2675 Apoll.
914 2619 1083 2663 Rhodis
1098 2621 1152 2663 'ad

300 2682 425 2725 illum
445 2698 621 2725 versum
642 2683 712 2724 lib.
731 2695 782 2725 1v
795 2715 807 2736 ,
840 2684 971 2738 1304:

358 2752 572 2804 Παννύχιαι
593 2752 743 2793 ε’λεεινὲν
759 2743 915 2804 ἰήλεμον
931 2752 1125 2811 ὠιΝροντσ.

298 2809 457 2868 ἱάλεμον
475 2846 487 2867 ‚
525 2814 611 2857 ἀντὶ
644 2821 710 2857 τοῦ
736 2823 875 2875 θρῆνον.
910 2820 1056 2875 εἴρηται
1084 2815 1155 2857 ἀνι-ὖ

300 2874 459 2932 Ῑαλέμου
480 2911 492 2933 ,
525 2887 592 2923 τοῦ
619 2882 774 2930 Μούσης
814 2883 960 2927 παιδός.
998 2879 1154 2922 Suidas

306 2943 524 3000 Calliopes
543 2943 686 2986 filium
710 2943 823 2986 sacit.

355 3012 422 3050 25.
453 3009 624 3063 Adjice.
646 3008 699 3050 In
721 3006 980 3064 quibusdam
997 3011 1153 3062 aspice.

304 3075 521 3117 NAUGER.
560 3074 738 3117 Rectius
769 3075 816 3117 in
851 3074 1154 3130 manuscriptis

302 3142 614 3197 exemplaribus
629 3142 802 3199 legitur,
815 3142 974 3197 Adjice
988 3157 1000 3184 .·
1015 3141 1057 3184 id
1071 3151 1151 3196 est,

302 3207 412 3250 adde
435 3208 728 3264 superioribus
750 3209 889 3265 poetis
909 3208 1042 3251 etiam
1058 3209 1156 3250 Ho-

303 3288 500 3326 merum,
538 3272 639 3328 qui,
673 3272 773 3316 licet
803 3274 992 3330 optimus
1022 3274 1155 3316 fuerit

304 3347 431 3393 poeta
447 3371 459 3391 ,
494 3339 622 3395 periit
650 3347 812 3382 tamen.
842 3340 973 3382 MAR.
992 3362 1048 3371 -
1070 3341 1155 3382 Ceu

293 3402 419 3456 sonte
431 3407 616 3456 perenni.
643 3404 709 3446 Ita
738 3404 896 3460 passim
930 3405 1153 3447 Homerus

303 3467 571 3523 praedicatur.
610 3471 723 3513 Plin.
744 3471 814 3514 lib.
837 3485 961 3524 xvn,
986 3487 1074 3527 cap.
1095 3470 1119 3512 3
1138 3485 1147 3512 :

1234 1265 1256 1285 α
1275 1248 1415 1290 Terra
1447 1255 1545 1305 post
1580 1262 1808 1291 vomerem
1838 1249 2053 1292 nitescens
2072 1281 2084 1303 ,

1233 1312 1407 1369 qualem
1436 1313 1545 1368 fons
1583 1318 1840 1369 ingeniorum
1881 1317 2088 1357 Homerus

1233 1379 1279 1420 in
1301 1378 1432 1420 armis
1454 1394 1477 1420 a
1492 1378 1592 1421 Deo
1609 1379 1805 1423 caelatam
1833 1379 1938 1421 dixit
1954 1411 1965 1432 ,
2000 1377 2087 1420 ad-

1235 1441 1432 1498 diditque
1467 1443 1730 1487 miraculum
1766 1442 2050 1501 nigrescentis
2073 1474 2085 1495 ,

1235 1507 1429 1562 quamvis
1446 1507 1573 1552 fieret
1593 1508 1640 1551 in
1657 1525 1777 1551 auro.
1791 1527 1812 1546 »
1836 1509 1896 1551 Et
1911 1509 2088 1565 elegan—

1233 1580 1302 1614 ter
1328 1571 1415 1615 huc
1440 1573 1541 1616 facit
1570 1573 1688 1629 quod
1719 1583 1868 1616 narrat
1888 1573 2086 1615 AElianus

1234 1636 1305 1679 lib.
1321 1644 1422 1680 x111.
1434 1637 1539 1679 Var.
1554 1637 1668 1681 Hist.
1686 1656 1752 1692 22,
1772 1638 1824 1681 de
1840 1637 2084 1682 Galathone

1236 1702 1400 1758 pictore
1417 1734 1430 1756 ,
1452 1702 1527 1759 qui
1545 1702 1704 1746 dicitur
1725 1704 1978 1747 Homerum
1997 1718 2085 1745 vo—

1233 1777 1432 1811 mentem
1445 1769 1687 1826 depinxisse
1705 1803 1716 1826 ,
1731 1771 1855 1827 cujus
1868 1770 2087 1813 vomitum

1234 1832 1303 1874 alii
1333 1843 1476 1889 poetae
1496 1834 1714 1878 adstantes
1739 1837 1985 1879 absorbent.
2020 1836 2088 1878 Ut

1235 1905 1384 1940 autem
1397 1898 1467 1941 hic
1473 1914 1697 1953 perennem
1710 1902 1880 1944 sontem
1894 1901 2017 1954 dicit,
2027 1901 2085 1942 ita

1238 1961 1461 2005 Ammian.
1480 1977 1626 2018 xxvn,
1640 1966 1680 2018 4,
1687 1982 1906 2019 perennem
1917 1968 2094 2008 Homeri

1232 2031 1524 2069 auctoritatem
1562 2028 1667 2071 dixit
1688 2042 1702 2081 ;*
1734 2039 1778 2072 et
1810 2030 1914 2073 hinc
1944 2031 2086 2072 Μωσ-

1232 2094 1514 2149 m'umsontem
1531 2095 1714 2138 Petron.
1728 2111 1770 2139 v.
1789 2096 1999 2139 Francius
2014 2096 2087 2138 hie

1233 2159 1442 2211 malebat,
1465 2175 1488 2201 e
1507 2176 1588 2215 quo
1601 2193 1611 2210 ,
1639 2164 1714 2203 ceu'
1723 2162 1852 2217 fonte
1860 2165 2044 2216 perenni.

1288 2241 1355 2279 27.
1382 2225 1611 2267 Demersit.
1628 2226 1904 2269 Francosurt.
1922 2234 1967 2269 et
1984 2226 2089 2269 alius

1235 2287 1408 2330 Heinsii
1419 2319 1431 2340 ,
1444 2291 1609 2331 dimisit
1617 2305 1630 2332 ,⁹
1642 2291 1765 2346 cujus
1779 2293 1974 2333 demersit
1984 2290 2089 2348 glos-

1232 2367 1352 2396 sema
1374 2368 1466 2396 esse
1488 2354 1708 2410 putozsed
1728 2355 1967 2413 legendum
1983 2389 1996 2411 ,
2014 2360 2086 2399 de·-

1233 2423 1360 2462 misit.
1382 2421 1540 2463 Horat.
1558 2435 1578 2463 1
1592 2453 1605 2475 ,
1621 2420 1711 2465 Od.
1730 2423 1781 2465 28
1794 2438 1804 2465 ε
1819 2425 2088 2466 Panthoiden

1232 2490 1378 2528 iterum
1397 2486 1508 2528 Orco
1524 2489 1762 2529 dammum.
1790 2487 1857 2530 Ita
1875 2490 2087 2531 demittere

1232 2553 1317 2593 leto
1334 2584 1346 2601 ,
1379 2555 1500 2603 neci,
1524 2560 1569 2595 et
1595 2552 1751 2595 similia
1766 2585 1778 2606 ,
1808 2568 1902 2595 non
1933 2555 2087 2596 dimit-

1233 2622 1345 2669 tere,·
1369 2615 1485 2672 quod
1507 2616 1652 2673 plures
1672 2617 1842 2661 codices
1863 2618 2086 2674 occupavit

1235 2681 1349 2737 apud
1383 2690 1546 2738 poetas.
1571 2683 1801 2725 Submersit
1826 2683 2015 2725 Sarravii
2042 2692 2086 2725 et

1234 2754 1322 2789 tres
1335 2746 1417 2788 alii.
1430 2746 1505 2790 Sic
1517 2746 1692 2804 Lampr.
1704 2747 1931 2803 Heliogab.
1943 2749 1995 2790 33
2008 2764 2018 2791 ε
2034 2750 2086 2791 In

1241 2814 1399 2854 Tibrim
1418 2815 1672 2863 submersas,
1687 2813 1761 2855 ubi
1776 2808 1950 2855 mallem
1966 2846 1977 2868 ,
1993 2818 2087 2856 sub-

1232 2892 1390 2919 mersus
1409 2893 1422 2919 .’
1439 2885 1482 2920 et
1498 2868 1655 2934 passim
1669 2884 1827 2922 mittere
1839 2889 1883 2922 et
1896 2896 2082 2935 mergere,

1234 2952 1278 2986 et
1298 2959 1454 2986 eorum
1473 2945 1710 3002 composita
1731 2963 1754 2988 a
1774 2946 1958 2990 librariis
1975 2963 2085 3004 per—

1234 3016 1403 3051 mutata
1429 3007 1713 3065 deprehendi.
1733 3009 1896 3053 BURM.

1287 3079 1355 3121 28.
1384 3077 1615 3133 Effugiant
1625 3081 1775 3123 aus'dos
1791 3083 1981 3122 carmina
1992 3082 2088 3122 sola

1232 3157 1368 3198 rogos.
1389 3142 1534 3199 Supra
1545 3143 1621 3192 «lib.
1642 3158 1659 3186 1
1677 3175 1689 3197 ,
1715 3144 1836 3202 Eleg.
1859 3158 1919 3188 xv
1937 3160 1947 3187 τ
1972 3146 2085 3187 Car-

1234 3213 1350 3251 mina
1374 3215 1503 3251 morte
1523 3214 1678 3251 carent.
1701 3209 1973 3265 Diffugiunt,
1999 3225 2085 3251 ve—

1234 3274 1436 3317 tustiores
1454 3307 1466 3328 ,
1490 3290 1592 3317 cum
1610 3264 1752 3331 prima
1781 3273 1986 3318 editione.
2022 3274 2082 3315 H.

1233 3340 1491 3396 Defugiunt,
1512 3355 1627 3383 unus
1647 3339 1836 3392 Moreti;
1853 3338 1970 3395 quod
1990 3354 2083 3380 non

1235 3404 1441 3462 displicet.
1468 3405 1545 3448 Sil.
1569 3418 1618 3447 lx
1634 3437 1646 3460 ,
1669 3407 1748 3462 427
1769 3420 1780 3447 :
1807 3405 1934 3458 Quod
1951 3405 2081 3446 Sido-

1234 3475 1347 3512 nium
1366 3469 1576 3525 defugeris·
1606 3485 1754 3512 ensem.
1783 3469 1945 3512 BURM.
2079 3494 2082 3495 ν
