2268 3776
612 317 1006 374 AMORUM
1062 317 1147 371 ΙΙ.
1198 315 1441 371 ELEG.
1496 314 1607 370 IV.
1928 320 1998 393 87

222 437 346 500 Sive
376 425 578 523 procax
608 436 792 520 aliqua
818 449 926 505 est;
961 435 1182 519 capior,
1213 433 1343 517 quia
1371 433 1575 494 rustica
1607 456 1723 494 non
1756 447 1839 494 cst
1860 480 1874 506 ,

303 536 578 619 Spemque
608 532 702 593 dat
726 532 783 592 in
812 530 967 592 molli
996 530 1221 592 mobilis
1244 554 1361 591 esse
1390 545 1532 591 toro.

223 631 436 715 Aspera
463 631 510 691 si
540 630 655 691 visa
684 645 794 701 est,
826 629 1145 713 rigidasque
1174 627 1384 689 imitata
1414 627 1680 700 Sabinas;
1956 647 2005 689 μ’,

306 726 486 801 Velle,
517 727 614 789 sed
642 751 707 788 ex
733 726 846 788 alto
878 726 1250 799 dissimulare,
1282 740 1442 810 puto.

222 823 349 886 Sive
380 848 437 886 es
472 825 661 898 docta3
693 825 876 910 places
906 849 1054 886 raras
1084 826 1271 886 dotata
1302 847 1403 907 per
1428 837 1605 883 artes:

305 922 430 983 Sive
459 923 644 996 rudis;
676 924 878 1008 placita
910 947 969 985 es
999 921 1350 1008 simplicitate
1382 936 1492 982 tua.

226 1019 355 1091 Est,
387 1043 507 1103 quae
536 1020 855 1082 Callimachi
883 1045 996 1107 prae
1026 1021 1236 1082 nostris
1268 1019 1472 1082 rustica
1503 1017 1649 1078 dicat

307 1116 563 1179 Carmina
589 1143 601 1179 :
631 1119 721 1180 cui
750 1118 941 1203 placeo
959 1166 974 1192 ‚
1007 1118 1267 1203 protinus
1297 1117 1419 1202 ipsa
1448 1114 1645 1200 placet.
1954 1142 2006 1171 20

224 1215 327 1275 Est
355 1216 544 1289 etiam,
579 1240 699 1301 quae
724 1241 810 1278 me
841 1230 1044 1290 vatem,
1078 1232 1133 1279 et
1162 1239 1282 1278 mea
1311 1213 1551 1276 carmina
1582 1210 1803 1296 culpet:

309 1311 600 1397 Culpantis
630 1314 848 1399 cupiam
878 1314 1206 1377 sustinuisse
1234 1313 1430 1375 femur.

223 1405 474 1471 Molliter
501 1411 732 1484 incedit3
764 1429 922 1473 motu
952 1413 1100 1496 capit
1126 1437 1138 1472 :
1164 1412 1332 1473 altera
1362 1410 1500 1471 dura
1523 1422 1635 1479 est3

306 1507 385 1567 At
414 1509 622 1591 poterit
651 1523 796 1570 tacto
827 1509 1050 1570 mollior
1079 1533 1195 1570 esse
1225 1508 1363 1569 viro.

229 1602 360 1664 Haec
390 1604 519 1687 quia
545 1604 703 1666 dulce
737 1606 910 1679 canit,
942 1606 1222 1690 flectitque
1252 1602 1512 1666 facillima
1540 1624 1756 1673 vocem,
1956 1619 2009 1660 25·

284 1771 347 1812 15.
383 1772 642 1828 Rigidasque
672 1775 842 1816 imitata
877 1774 1071 1816 Sabinas.

226 1832 386 1878 Juven.
408 1835 498 1879 Sat.
520 1849 548 1877 x
563 1869 575 1891 ,
600 1837 679 1896 298
703 1853 713 1880 :

506 1912 638 1942 sanctos
650 1912 725 1943 licet
736 1911 868 1944 horrida
882 1923 988 1945 more»

224 1969 408 2001 'randiderit
419 1969 535 2002 domus
544 1995 555 2011 ‚
576 1984 613 2003 nc
627 1980 750 2003 veteres
765 1974 890 2005 imitata
901 1974 1048 2006 Sabinas.

224 2030 290 2074 Ita
302 2030 438 2075 s‘cribe
454 2048 504 2076 ex
517 2033 753 2078 veterrimo
773 2029 935 2079 codice.
957 2036 1071 2079 Vul-

223 2095 332 2155 gati,
356 2098 545 2141 Sabinos.
568 2098 698 2156 Apud
729 2101 927 2158 Propert.
950 2117 1071 2158 quo-

223 2175 308 2218 que
322 2174 376 2217 11,
389 2161 454 2206 El.
471 2175 605 2218 xxm,
629 2165 722 2219 103,
740 2165 852 2209 male
879 2166 1039 2224 legitur
1060 2180 1071 2206 t

223 2230 291 2270 Qui
303 2232 421 2273 querit
432 2230 544 2263 'ratim
558 2239 682 2264 veteres
697 2234 863 2276 durosque
875 2235 1027 2265 Sabinos.

225 2291 314 2334 Pro
343 2293 547 2349 durusque
573 2293 756 2337 Sabinas
789 2310 802 2337 .·
835 2293 921 2352 agit
950 2295 1071 2338 enim

224 2355 279 2399 de
298 2356 540 2413 puellarum
553 2358 748 2403 moribus
763 2377 774 2412 3
797 2367 841 2403 et
857 2374 958 2403 mox
972 2360 1071 2403 sub-

223 2420 368 2479 iungit
386 2421 475 2480 ipse
496 2435 507 2463 ι

225 2491 324 2530 Quod
336 2501 395 2522 seu
405 2498 444 2522 tu
455 2491 569 2535 Graias
578 2516 590 2532 ,
603 2503 662 2524 teu
673 2493 718 2524 sis
728 2492 854 2525 imitata
866 2494 1020 2526 Sabinas.

226 2552 299 2596 Sic
319 2554 501 2610 Noster,
522 2558 707 2599 incultas
730 2557 857 2599 Tatio
876 2561 1076 2612 regnante

226 2620 419 2663 Sabinas.
437 2620 601 2664 BURM.

284 2685 346 2728 16.
370 2687 488 2729 Velle
499 2719 509 2736 ‚
525 2688 608 2728 sed
613 2702 670 2728 et
676 2689 766 2730 allo
779 2689 1047 2731 «insimulare
1059 2721 1071 2740 ,

215 2755 333 2806 pulo.
354 2751 427 2793 Ea:
447 2753 538 2793 allo
556 2750 759 2811 Micyllus
779 2750 848 2795 hic
862 2751 1073 2810 interpre-

223 2823 342 2859 tatur
358 2846 380 2871 ,·
381 2816 618 2872 fastidiose
628 2850 639 2866 ‚
655 2820 850 2873 superbe,
875 2818 995 2874 quasi
1010 2822 1074 2861 al-

222 2886 281 2926 tis
309 2882 572 2940 superciliis;
609 2891 654 2927 et
673 2888 854 2939 procaci
878 2884 1074 2929 consulte

223 2946 474 3003 opponitur.
485 2946 729 2991 Burmann.
739 2964 844 2992 vero
858 2981 871 3003 ,
892 2950 962 2993 cui
975 2952 1076 2993 raro

225 3012 466 3058 admodum
480 3014 641 3072 placet,
659 3015 777 3072 quod
792 3031 885 3059 non
903 3033 954 3060 ex
971 3033 1072 3069 suo,

222 3079 405 3137 intelligi
425 3078 528 3124 velit
539 3080 750 3136 profunde
768 3084 1000 3136 simulans5
1021 3099 1077 3125 ex

223 3148 314 3187 alto
327 3144 485 3189 scilicet
497 3151 667 3201 pectore
682 3161 698 3201 ,·
723 3147 956 3204 firmatque
974 3165 1077 3192 sen-

225 3209 411 3253 tentiam
433 3211 675 3268 virgiliano
693 3211 804 3256 hoe:
824 3217 969 3255 manet
984 3215 1078 3255 alta

225 3281 365 3319 mente
408 3281 626 3332 repostum.
668 3275 935 3334 Congruum
969 3278 1077 3335 qui-

228 3342 333 3386 dem
354 3357 458 3386 cum
479 3346 521 3387 τὲ
539 3345 816 3387 dissimulare.

285 3423 353 3451 20.
380 3410 483 3463 Ipsa
503 3411 661 3463 placet.
702 3408 884 3466 Legitur
917 3408 1075 3467 etiam,

230 3475 318 3515 illa.
340 3473 470 3518 Man.
492 3475 594 3531 Ipsa
613 3473 771 3532 scripti.
803 3475 969 3520 Hssms.

1210 1771 1276 1816 23.
1304 1772 1500 1816 Molliter
1511 1770 1701 1821 1‘ncede'l,·
1726 1772 1842 1811 mola
1861 1770 1979 1823 capi!
1997 1784 2008 1809 .-

1151 1839 1289 1880 altem
1306 1839 1413 1880 dum
1430 1840 1507 1879 est.
1531 1837 1735 1885 Incessit,
1761 1834 2011 1877 Puteaneus

1152 1902 1281 1947 etalii
1302 1902 1448 1961 plures
1470 1918 1481 1946 :
1502 1900 1662 1945 deinde
1680 1900 1821 1945 scribo
1838 1933 1850 1955 ,
1870 1903 2011 1943 altem

1149 1970 1282 2024 dure,
1315 1968 1479 2013 scilicet
1506 1966 1699 2018 incedit;
1736 1974 1781 2010 et
1809 1965 2013 2023 sequenti

1150 2050 1278 2079 versu
1305 2067 1316 2087 ,
1353 2038 1528 2090 poterat
1557 2035 1726 2077 mollius
1761 2036 1849 2075 isse
1869 2066 1881 2082 ‚
1930 2047 2010 2089 pro

1152 2102 1321 2143 mollior
1334 2114 1442 2141 esse.
1466 2097 1634 2141 Hzms.
1655 2121 1712 2130 —-
1731 2100 1886 2140 Altera
1905 2099 2011 2140 dura

1151 2170 1230 2209 est.
1253 2163 1483 2221 Ingeniose
1505 2162 1685 2220 quidem
1707 2162 1862 2206 Heius.
1882 2165 1984 2206 dure
1998 2198 2009 2213 ‚

1153 2245 1234 2287 pro
1253 2231 1359 2272 dura
1384 2234 1474 2280 est,
1505 2227 1742 2285 legendum
1771 2227 2011 2285 proposuit.

1156 2294 1410 2339 Praesumsit
1444 2292 1565 2336 enim
1594 2292 1912 2349 exquisitissimi
1946 2294 2013 2336 vir

1152 2358 1304 2417 judicii
1319 2367 1460 2416 poetae
1477 2367 1677 2402 mentem
1697 2375 1787 2401 esse
1803 2391 1815 2413 ,
1848 2359 2012 2415 puellas

1156 2442 1310 2470 omues
1330 2425 1409 2470 sibi
1429 2424 1597 2484 placere
1613 2457 1625 2478 ,
1648 2439 1726 2468 seu
1745 2426 1934 2467 molliter
1948 2424 2013 2467 in-

1157 2491 1338 2544 cedant,
1361 2490 1449 2534 sive
1470 2492 1603 2542 dun-5
1628 2497 1674 2533 et
1695 2504 1838 2532 unum
1858 2490 1917 2532 sic
1940 2489 2012 2532 al-

1156 2557 1239 2604 teri
1256 2555 1586 2615 opponendum.
1608 2554 1698 2600 Sed
1719 2554 1824 2612 quid
1848 2563 1943 2598 tum
1959 2554 2013 2597 de

1155 2622 1358 2680 sequenti
1376 2638 1503 2666 versu
1521 2636 1532 2665 :

1341 2691 1465 2723 Poterit
1483 2697 1567 2722 tacto
1584 2689 1715 2721 mollior
1724 2699 1796 2720 esse
1813 2690 1884 2721 viro
1898 2690 1917 2719 7

1158 2752 1294 2799 Unde
1315 2761 1458 2811 patet,
1477 2768 1572 2795 non
1589 2750 1659 2795 hic
1681 2750 1749 2808 agi
1769 2750 1823 2795 de
1846 2751 2015 2794 incessu

1157 2824 1272 2871 dum,
1289 2819 1364 2864 sed
1379 2819 1432 2863 de
1445 2827 1652 2862 motuum
1666 2817 1861 2874 corporis
1873 2817 2016 2874 rigidi-

1158 2896 1259 2931 tate.
1283 2885 1398 2943 Quis
1416 2884 1483 2929 sui
1504 2899 1597 2927 non
1614 2915 1624 2936 ,
1646 2882 1693 2925 in
1712 2881 1990 2938 conjiciendo
2005 2917 2017 2936 ‚

1159 2952 1332 2996 diffidat
1346 2985 1357 3005 ,
1389 2965 1525 3007 quum
1561 2963 1698 3004 usque
1732 2946 1842 2990 adeo
1871 2963 2019 2991 errare

1158 3021 1302 3078 ipsum
1324 3017 1562 3062 Heinsium
1583 3013 1925 3072 deprehenderit
1943 3013 1963 3057 ?

1215 3086 1282 3139 24.
1303 3084 1369 3126 At
1379 3084 1540 3137 polerit
1558 3084 1675 3122 tacto
1694 3087 1774 3123 etc..
1797 3079 1901 3122 Non
1922 3095 2020 3122 rec-

1159 3149 1267 3203 tius,
1285 3147 1383 3204 qui,
1401 3155 1450 3189 ut
1465 3161 1600 3202 quem
1615 3144 1828 3187 volebant
1843 3159 2022 3187 sensum

1161 3215 1382 3262 elicerent,
1400 3216 1506 3266 tls-se,
1522 3226 1723 3268 preesse,
1741 3209 2023 3266 scripserunt.

1216 3281 1284 3322 25.
1303 3280 1408 3320 Hoec
1427 3282 1525 3334 quia
1545 3280 1671 3320 dulce
1690 3281 1821 3319 canit.
1842 3275 1994 3321 Scribe
2008 3308 2021 3328 ,

1160 3347 1276 3388 Huic
1288 3360 1301 3386 .·
1322 3360 1401 3401 pro
1409 3343 1860 3400 fleclt’tquesacillima
1877 3357 2023 3384 vocem

1161 3421 1275 3453 unus
1301 3408 1528 3453 Mediceus
1543 3441 1555 3463 ,
1576 3411 1781 3466 flectique
1797 3440 1809 3463 ,
1835 3406 2025 3465 eleganti

1164 3474 1399 3532 graecismo.
1422 3475 1591 3520 Hnms.
