2268 3776
650 304 1038 361 AMORUM
1089 306 1136 359 1.
1177 304 1415 359 ELEG.
1475 305 1587 361 1V.
1937 308 1996 362 13

319 425 626 506 Junctaque
657 444 870 505 semper
899 427 1070 487 erunt’
1088 419 1315 480 nomina
1344 433 1533 480 nostra
1564 419 1689 479 tuis.

281 587 344 632 25.
355 566 762 644 Junctaqberemper
774 584 1098 629 erunletc.1m-·
1162 582 1236 627 sed
1256 582 1341 626 vati
1364 582 1498 627 amica
1513 599 1754 641 perennem
1769 584 1929 628 samam
1948 587 2007 628 vi·

242 651 510 696 mortalitatis
527 667 600 708 spe
616 650 810 694 animum
828 649 964 707 tangit
981 665 1083 692 mu-
1163 647 1318 692 deatur
1339 658 1563 693 assertura.
1587 648 1755 693 Laudes
1775 650 1996 708 intelligit,

243 716 419 760 liebrem
433 733 444 770 ;
465 714 539 760 sed
553 716 611 760 ita
621 724 767 760 utnon
780 723 895 759 vates
907 715 1055 759 amicae
1067 746 1079 769 ,
1163 729 1260 771 que
1273 722 1414 758 totum
1425 713 1576 758 orbem
1587 714 1690 758 olim
1702 715 2008 772 personabunt.

837 949 1226 1021 ELEGIA
1278 949 1406 1019 IV.

241 1221 341 1254 CUM
378 1220 527 1254 Amch
561 1218 879 1266 COENATur-us,
910 1222 1073 1254 monn·
1107 1219 1202 1264 QUA
1242 1219 1366 1252 ARTE
1397 1220 1482 1252 vn.
1524 1221 1816 1253 Pnaesmrrnx
1851 1222 2008 1255 vtum«

528 1302 719 1336 consen
743 1302 919 1336 amotus
942 1303 1102 1336 murm
1124 1302 1262 1335 Statu
1283 1303 1468 1335 Possmr
1492 1302 1708 1334 rantzau.

241 1393 392 1481 Vm
423 1433 550 1481 tuus
580 1435 663 1481 est
692 1420 882 1506 epulas
901 1421 1077 1499 ,nobis
1106 1420 1355 1482 aditurus
1385 1420 1633 1483 easdem:

322 1516 531 1578 Ultima
557 1541 709 1580 coena
737 1534 834 1580 tuo
866 1519 965 1591 sit,
997 1542 1226 1602 precor,
1251 1517 1345 1579 illa
1373 1518 1527 1579 viro!

243 1613 394 1691 Ergo
425 1636 527 1692 ego
558 1613 808 1676 dilectam
839 1630 1053 1676 tantum
1083 1615 1307 1676 conviva
1334 1614 1574 1699 puellam

322 1702 678 1794 Adspiciam?
709 1711 859 1789 tangi
890 1735 1053 1794 quem
1082 1711 1258 1792 juvet,
1289 1709 1427 1772 alter
1454 1712 1597 1772 erit?

242 1804 594 1890 Alteriusque
625 1807 778 1867 sinus
807 1820 932 1890 apte
958 1807 1205 1888 subjecta
1234 1807 1493 1869 fovebis?
1989 1830 2014 1870 5

323 1901 539 1983 Injiciet
567 1901 738 1976 collo,
774 1926 945 1986 quum
973 1901 1154 1977 volet,
1187 1902 1278 1964 ille
1309 1905 1574 1966 manum?

208 2071 209 2075 ἵ
241 1997 445 2059 Desine
472 1998 686 2071 mirari,
717 1999 905 2083 posito
932 1999 1083 2083 quod
1113 2000 1341 2062 candida
1371 2002 1502 2062 vino

320 2096 537 2159 Atracis
567 2096 857 2176 ambiguos
888 2097 1049 2157 traxit
1077 2097 1134 2157 in
1156 2122 1304 2159 arma
1331 2098 1497 2159 viros.

240 2194 356 2255 Nec
376 2193 514 2255 mihi
541 2193 675 2256 silva
704 2194 901 2255 domus
919 2240 933 2269 ,
965 2218 1065 2256 nec
1088 2218 1231 2278 equo
1254 2218 1375 2255 mea
1396 2193 1641 2255 membra
1664 2193 1975 2254 cohaerent:

302 2368 337 2395 1.
363 2351 528 2407 Epulas
545 2353 666 2395 nobis
691 2353 886 2395 aditurus
904 2352 1086 2394 casdem.

244 2413 336 2458 Pro
355 2417 548 2464 easdem,
573 2431 678 2472 quas
702 2431 782 2459 nos
797 2448 808 2470 ,
831 2415 1000 2459 adituri.
1023 2416 1087 2459 Si-

245 2478 338 2523 mili
347 2479 568 2538 graecismo
586 2479 813 2523 Lucretius
826 2513 838 2535 ‚
856 2493 938 2534 111,
963 2482 1062 2524 1051
1078 2495 1088 2523 :

443 2558 447 2562 “
521 2576 559 2586 ...
579 2555 727 2596 Quorum
742 2565 827 2586 unus
843 2555 1007 2587 Homerus

245 2615 376 2656 Sceptra
388 2615 510 2656 potitus
527 2616 646 2646 eadem
658 2607 734 2646 aliis
751 2615 871 2656 sopitu’
886 2615 994 2657 quiete
1005 2621 1066 2646 est.

247 2674 300 2719 ld
315 2683 403 2730 est,
419 2677 566 2719 eadem
584 2709 593 2724 ‚
611 2691 694 2732 qua
714 2675 783 2718 alii
797 2684 876 2719 etc„
894 2692 904 2727 ;
927 2684 971 2719 et
985 2691 1089 2720 nos-

246 2747 315 2784 ter
334 2740 630 2798 Metamorph.
659 2740 769 2784 libro
790 2753 876 2784 x111
891 2774 903 2796 ,
928 2743 1007 2784 50:

246 2809 290 2841 Et
303 2820 390 2842 nunc
407 2810 462 2841 ille
475 2832 486 2849 ‚
498 2810 617 2841 eadem
630 2809 722 2841 nobis
734 2810 862 2851 juratus
880 2810 913 2840 'm
927 2821 1027 2841 arma.

301 2869 340 2913 3.
378 2872 557 2914 Tantum
571 2874 742 2914 conviva
752 2903 764 2925 ‚
778 2873 965 2926 puellam
977 2874 1090 2914 ads-

242 2936 421 2989 piciam!
445 2935 619 2991 Quibus
629 2952 726 2979 eam
737 2937 839 2979 velit
854 2937 984 2981 oculis
996 2939 1091 2988 ads-

242 3002 384 3054 picem
403 3000 501 3044 satis
520 3000 709 3055 indicat,·
737 3010 782 3045 et
803 3017 855 3045 eo
873 3001 967 3059 plus
987 3002 1091 3045 dicit

250 3069 411 3108 lantum
429 3070 600 3109 conviva
611 3099 623 3121 ,
646 3082 732 3124 quo
751 3067 875 3125 plura
891 3069 1056 3111 reticet.

305 3131 344 3172 5.
371 3130 485 3185 Apte
501 3132 692 3187 subjecta
691 3132 872 3188 fovebis.
891 3133 1092 3188 Subjecla

250 3201 315 3238 est
344 3195 458 3250 infra
482 3199 640 3239 cubans
660 3213 672 3239 .·
706 3205 754 3240 ut
783 3196 978 3256 Caligula
1009 3213 1090 3241 so—

249 3274 370 3304 rores
390 3276 485 3303 suas
503 3261 615 3304 infra
633 3277 677 3304 se
693 3261 947 3316 collocabat,
968 3262 1088 3306 Suet.

250 3339 286 3367 c.
301 3325 366 3380 24.
387 3325 505 3368 Hinc
520 3325 588 3368 ille
605 3326 726 3382 jocus
740 3326 851 3383 apud
866 3327 1088 3383 eumdem,

251 3403 340 3445 cap.
355 3406 442 3446 seq.
464 3393 738 3435 Noliuxorem
747 3408 1064 3447 meampmmere
1075 3427 1086 3445 ,

253 3454 352 3510 quia
365 3456 494 3501 nimis
513 3472 647 3514 prope
668 3474 712 3501 se
733 3458 774 3501 ei
794 3457 1061 3503 admovebat.

1226 2369 1261 2408 7.
1283 2352 1458 2394 Desine.
1480 2349 1634 2392 Douza
1654 2348 1809 2392 edebat
1825 2382 1837 2404 ,
1858 2352 2018 2395 desino.

1222 2416 1260 2458 8.
1288 2416 1521 2471 Ambiguos
1542 2419 1667 2457 viros.
1689 2413 1935 2459 Centauros
1953 2416 2016 2459 in·

1170 2479 1346 2538 telligit,
1370 2481 1443 2536 qui
1469 2482 1662 2534 ambtkui
1682 2478 1782 2523 ideo
1803 2479 2017 2525 diceban—

1170 2554 1270 2599 tur,
1317 2544 1431 2602 quod
1478 2545 1695 2588 incertum
1726 2552 1818 2587 erat
1846 2555 2022 2602 aspectu

1169 2610 1335 2667 primo,
1356 2618 1400 2653 et
1420 2613 1668 2666 ambzgvuum,
1688 2609 1946 2655 hominesne
1962 2629 2018 2655 an

1169 2678 1526 2720 sert—Atracis.
1552 2674 1829 2732 Hippodame
1851 2675 2020 2721 Atracis

1170 2741 1289 2785 fluvii
1299 2741 1399 2797 filia,
1413 2757 1562 2799 quam,
1573 2757 1710 2797 quum
1722 2741 1919 2785 Pirithoo
1929 2744 2019 2799 jam

1169 2807 1407 2865 nupsisset,
1431 2807 1573 2864 rapuit
1599 2804 1926 2850 Centaurorum
1946 2825 2020 2853 sae-

1168 2873 1365 2917 vissimus
1376 2873 1569 2931 Eurytus
1583 2890 1592 2922 ;
1607 2879 1774 2928 raptam
1787 2888 1892 2914 vero
1903 2873 2019 2917 The-

1169 2954 1266 2982 seus
1278 2938 1447 2982 sustulit
1461 2936 1716 2980 furentibus.
1733 2936 1841 2980 Inde
1855 2953 2016 2996 pugna,

1173 3019 1304 3060 quam
1325 3002 1410 3045 vid.
1432 3001 1546 3059 apud
1566 3002 1802 3057 Nostrum,
1831 3002 2018 3047 Metam.

1170 3068 1280 3112 libro
1302 3082 1393 3121 ΧΠ,
1415 3084 1525 3110 vers.
1548 3067 1625 3109 235
1643 3099 1654 3120 ,
1675 3084 1766 3124 sqq.

1225 3151 1263 3194 9.
1293 3136 1384 3176 Nec
1403 3135 1511 3175 mihi
1523 3136 1632 3176 silva
1646 3135 1792 3177 domus
1811 3143 1891 3177 etc.
1912 3135 2016 3178 Non

1171 3215 1252 3256 ego
1287 3196 1535 3241 Centaurus
1550 3231 1562 3252 ,
1601 3198 1804 3242 silvarum
1846 3199 1987 3243 incola
2004 3218 2015 3253 ς

1171 3281 1253 3307 nec
1268 3279 1363 3320 quae
1384 3263 1612 3307 hominem
1629 3266 1715 3307 mei
1737 3281 1833 3322 pars
1854 3269 1988 3308 refert
2001 3298 2014 3320 ,

1170 3330 1216 3372 in
1247 3345 1409 3385 equum
1439 3329 1596 3372 desinit
1617 3345 1628 3371 ε
1646 3346 1746 3372 cave
1774 3338 1919 3373 tamen
1953 3347 2011 3373 ne

1170 3394 1362 3438 ferinum
1382 3393 1485 3450 quid
1503 3395 1666 3447 ausim;
1699 3400 1773 3438 υιίτ
1799 3400 1909 3438 enim
1924 3412 1953 3437 a
1974 3401 2015 3437 le

1171 3475 1319 3503 manus
1335 3474 1510 3515 possum
1531 3465 1680 3502 tenere.
