2268 3776
262 307 372 376 204
435 310 497 361 P.
525 309 777 363 OVIDII
800 306 1122 363 NASONIS
1151 308 1496 364 AMORUM
1525 312 1633 364 III.
1664 313 1775 365 EL.
1809 314 1913 366 IX.

334 423 629 502 Sanguinis
659 438 822 506 atque
853 423 1045 485 animae
1069 425 1330 507 prodige,
1365 424 1544 498 Galle,
1578 441 1699 486 tuae.

252 519 355 579 His
368 545 550 580 comes
561 520 758 581 umbra
770 536 863 581 tua
875 535 983 593 est;
998 522 1046 581 si
1060 522 1192 604 quid
1205 518 1370 580 modo
1386 523 1636 605 corporis
1649 523 1847 585 umbra
1858 539 1955 584 est.
1970 543 2027 585 65

329 618 550 677 Auxisti
577 643 869 692 numerm,
895 618 1039 679 culte
1066 617 1317 691 Tibulle,
1348 619 1490 702 pios.

254 714 398 774 Ossa
429 714 613 795 quieta
632 761 646 787 ,
672 738 893 797 precor,
925 730 1043 775 tuta
1071 715 1394 797 requiescite
1423 716 1482 774 in
1507 739 1677 775 urna:
1732 736 1738 787 ξ

331 813 407 870 Et
434 811 508 870 sit
533 811 735 872 humus
767 813 936 873 cineri
965 835 1081 871 non
1107 835 1341 872 onerosa
1369 825 1484 871 tuo,

251 988 498 1032 discernere
518 989 703 1033 videtur.
720 990 795 1033 Ille
817 1007 920 1033 vero
933 989 1100 1045 Gallus,

253 1055 482 1111 Propertio
501 1070 612 1111 saepe
633 1065 900 1099 memoratus
916 1089 926 1110 ,
944 1057 1100 1100 nobilis

250 1120 333 1162 suit
344 1154 355 1175 ,
371 1129 421 1163 ut
433 1130 609 1177 apparet
623 1138 674 1163 ex
686 1122 757 1164 lib.
772 1135 789 1164 1
801 1155 812 1176 ‚
828 1122 949 1180 Eleg.
965 1137 995 1165 v
1008 1157 1019 1177 ,
1033 1124 1101 1165 23.

253 1183 400 1228 Gallus
426 1202 530 1228 vero
553 1187 787 1230 Praesectus
809 1188 986 1247 AEgypti
1003 1220 1015 1242 ,
1048 1205 1101 1232 ex

251 1249 407 1294 humili
431 1251 528 1294 loco
547 1251 599 1295 ab
620 1252 817 1310 Augusto
838 1253 892 1296 ad
911 1254 1099 1299 honores

250 1324 315 1357 est
333 1324 576 1371 provectus,
595 1326 700 1360 teste
725 1318 964 1372 Suetonio,
988 1320 1097 1378 Aug.

251 1381 317 1423 66.
330 1382 465 1424 Hunc
482 1398 654 1439 quoque
668 1384 720 1426 ab
734 1383 887 1427 Asinio
900 1384 1096 1429 Pollione

250 1447 487 1488 memorari
517 1448 630 1504 apud
655 1446 918 1491 Ciceronem
943 1449 1012 1492 lib.
1037 1465 1064 1493 x
1082 1484 1094 1505 ‚

249 1512 316 1554 ad·
334 1512 456 1554 Fam.
484 1514 534 1556 32
549 1547 560 1567 ,
582 1523 705 1571 putat
732 1515 959 1558 RIanutius
983 1533 992 1566 ;
1021 1516 1097 1559 sed

250 1576 431 1621 dubium
472 1580 572 1622 sarit
597 1614 607 1635 ,
643 1579 760 1637 quod
801 1581 994 1638 Epistola
1029 1582 1099 1625 illa

248 1644 405 1701 scripta
416 1645 469 1688 sit
481 1662 598 1688 anno
614 1659 731 1689 Dccx
743 1680 755 1701 ,
770 1663 856 1704 quo
872 1664 988 1691 anno
1001 1648 1099 1692 Gal-

248 1707 314 1751 lus
343 1718 515 1752 tantum
544 1725 642 1753 xxu
664 1727 801 1755 annos
828 1713 909 1756 suit
939 1722 1067 1756 natus
1084 1746 1096 1767 ,

248 1773 281 1815 si
300 1773 628 1832 quadragesimo
639 1777 773 1819 aetatis
786 1793 904 1820 anno
916 1778 970 1821 sit
979 1794 1100 1821 mor-

249 1846 376 1889 tuus3
399 1855 504 1883 nam
526 1840 654 1896 periit
683 1857 801 1883 anno
830 1854 1097 1895 nccxxv1113

249 1911 293 1946 et
325 1919 381 1946 an
420 1905 679 1948 familiarem
710 1922 839 1948 suum
858 1906 1097 1963 juvenem,

251 1978 374 2013 aetate
394 1987 486 2013 non
510 1971 748 2014 admodum
766 1971 906 2015 adhuc
922 1989 1100 2029 provec-

247 2043 289 2077 ta
307 2068 318 2089 ‚
342 2034 543 2079 habuerit
563 2036 703 2079 Pollio
729 2036 937 2080 dubitem.
961 2037 1099 2094 Quod

248 2117 352 2143 vero
384 2102 475 2152 haec
507 2111 646 2159 poetae
679 2104 812 2147 verba
842 2104 1011 2160 capiant
1043 2103 1096 2147 de

249 2167 448 2225 Augusto
462 2202 473 2223 ,
487 2185 619 2225 quem
633 2169 954 2213 amz'cinomine
968 2179 1099 2227 poeta

245 2234 588 2292 lemeralidesign
596 2245 804 2291 aret,non
817 2236 1096 2292 persuadent:

245 2316 387 2356 neque
399 2308 489 2343 tam
502 2302 701 2345 familiari
715 2301 1002 2359 adpellatione
1013 2303 1099 2347 Na-

246 2382 400 2408 sonem
422 2365 710 2424 designavisse
732 2367 982 2424 Augustum
1002 2384 1099 2411 cre-

248 2431 375 2474 dibile
398 2441 462 2475 est
480 2450 489 2483 ;
511 2432 586 2476 sed
608 2442 724 2476 recte
756 2432 917 2488 aliquid
939 2432 1098 2475 inimi—-

246 2497 447 2539 citiarum
477 2498 593 2540 inter
613 2497 789 2540 Gallum
807 2506 852 2541 et
873 2496 1099 2540 Tibullum

247 2556 534 2606 intercessisse
553 2564 793 2620 suspicatur
814 2562 1021 2620 Scaliger,
1044 2561 1097 2604 ad

250 2628 424 2672 Eusebii
443 2628 610 2673 Chron.
625 2641 941 2672 n.MDccccxc.
960 2627 1097 2683 Quod

1732 794 1742 839 ὶ

1180 989 1214 1032 si
1227 989 1394 1032 crimen
1394 987 1562 1043 salsum
1572 995 1648 1041 est,
1671 998 1782 1044 tum,
1794 990 1911 1034 Naso
1927 991 2031 1034 dicit

1181 1070 1286 1096 eum
1312 1054 1429 1096 inter
1455 1063 1684 1110 poetarum
1704 1056 1878 1098 umbras
1897 1056 2029 1099 etiam

1162 1149 1166 1152 »
1183 1119 1357 1162 Tibullo
1372 1118 1656 1163 occursurum
1671 1137 1682 1173 ς
1695 1121 1729 1164 si
1751 1137 1856 1164 vero
1874 1138 2029 1164 verum

1180 1187 1234 1231 sit
1247 1188 1415 1231 crimen
1427 1220 1438 1241 ,
1455 1203 1560 1230 eum
1574 1188 1793 1230 rem0veri
1806 1188 1899 1231 vult
1913 1204 1938 1231 a
1954 1188 2029 1231 Ti-

1182 1253 1286 1296 bulli
1308 1253 1526 1311 adspectu.
1545 1253 1708 1298 BURM.
1721 1278 1776 1286 —
1791 1253 1907 1310 Quae
1926 1270 2030 1297 vero

1180 1319 1260 1361 sub
1281 1318 1392 1362 Galli
1424 1319 1605 1362 nomine
1631 1319 2000 1362 circumferuntur
2014 1351 2026 1373 ,

1182 1383 1358 1440 Elegia,
1382 1393 1426 1426 et
1448 1383 1775 1440 Epigrammata
1795 1384 1878 1427 tria
1898 1417 1909 1435 ‚
1941 1384 2028 1426 fide

1180 1463 1326 1489 carere
1336 1447 1432 1503 jure.
1443 1457 1591 1491 censet
1601 1450 1775 1491 Vavass.
1785 1448 1839 1491 de
1855 1448 2028 1492 Ludicr.

1180 1510 1295 1555 Dict.
1314 1529 1354 1568 p.
1376 1513 1448 1569 187
1469 1528 1516 1554 z«
1534 1512 1662 1566 Galli,
1679 1513 1836 1570 inquit,
1857 1512 1931 1569 qui
1945 1511 2030 1554 du-

1179 1577 1364 1620 riuscule
1377 1586 1557 1634 putatur
1570 1578 1801 1635 scripsisse,
1815 1578 1922 1621 nihil
1934 1595 2028 1634 per-

1179 1643 1301 1686 venit
1328 1644 1380 1687 ad
1410 1661 1514 1699 nos,
1549 1645 1710 1700 injuria
1737 1654 1781 1687 et
1796 1644 2028 1702 {niquitate

1181 1718 1446 1767 temporum.
1469 1729 1491 1749 »
1514 1709 1617 1754 Vid.
1644 1709 1711 1754 CI.
1732 1709 2027 1755 Wernsdors.

1180 1775 1231 1817 Ρ.
1253 1775 1302 1817 L.
1323 1776 1388 1818 M.
1409 1783 1516 1818 tom.
1536 1789 1616 1828 111,
1639 1792 1681 1832 p.
1706 1777 1781 1818 125
1798 1808 1810 1830 ,
1832 1791 1924 1831 sqq.
1957 1774 2027 1817 De

1183 1839 1320 1883 Calvo
1358 1850 1535 1896 autem,
1574 1841 1750 1886 vidend.
1793 1843 1950 1886 Horat.
1973 1842 1992 1884 I
2013 1873 2025 1894 ,

1181 1907 1272 1950 Sat.
1289 1922 1334 1963 x,
1361 1924 1411 1967 ¹9
1424 1941 1435 1963 ,
1451 1908 1662 1966 Doe’ring.
1677 1942 1689 1964 ,
1712 1908 1766 1952 ad
1784 1908 2024 1959 Catullum,

1180 1990 1312 2017 carm.
1345 1989 1446 2030 xlv,
1478 1984 1526 2020 et
1542 1976 1668 2019 Voss.
1707 1975 1762 2018 de
1786 1975 1934 2018 Poetis
1954 1974 2026 2017 la-

1186 2039 1301 2083 tinis.

1235 2104 1302 2159 64.
1330 2105 1553 2160 Sangm‘mlr
1570 2111 1694 2160 alque
1702 2108 1852 2147 anima·
1855 2107 2030 2159 prodige

1184 2171 1337 2220 Galle,
1367 2174 1463 2216 tuae.
1485 2169 1697 2213 Horatius
1715 2169 1787 2212 lib.
1818 2183 1863 2224 1,
1896 2187 2026 2213 carm.

1182 2233 1271 2277 Od.
1298 2247 1366 2276 ΧΠ
1384 2267 1396 2288 ,
1428 2250 1467 2277 v.
1490 2234 1541 2290 37
1568 2250 1578 2277 ε
1602 2234 1844 2291 Anima-que
1869 2252 2028 2290 magnoe

1180 2302 1404 2355 Prodigum
1425 2301 1632 2343 Paullum.

1235 2364 1301 2407 65.
1331 2366 1383 2407 Si
1400 2381 1484 2421 qua
1508 2371 1576 2408 est
1590 2368 1711 2408 modo
1729 2369 1910 2421 corporis·
1926 2382 2026 2408 um—

1180 2434 1266 2473 bra.
1280 2431 1425 2486 St'quoe
1440 2433 1560 2473 modo
1579 2431 1826 2475 Puteaneus
1848 2447 1871 2473 a
1890 2447 2026 2473 manu

1180 2494 1489 2539 emendatrice.
1505 2495 1717 2553 Excerpta
1725 2497 1755 2540 J
1759 2513 1833 2539 ure
1839 2496 1869 2539 ti
1883 2504 1927 2539 et
1941 2504 2026 2538 tres

1180 2560 1251 2603 alii
1262 2560 1445 2616 codices,
1455 2563 1730 2616 siqut'dmodo
1743 2565 1923 2616 corporllr
1937 2578 2024 2605 um-

1179 2631 1254 2669 bra
1271 2632 1365 2671 est.-
1385 2637 1517 2672 recte.
1541 2627 1704 2675 Hiems.
