<?xml version="1.0" encoding="UTF-8"?>
<!DOCTYPE html PUBLIC "-//W3C//DTD XHTML 1.0 Transitional//EN"
    "http://www.w3.org/TR/xhtml1/DTD/xhtml1-transitional.dtd">
<html xmlns="http://www.w3.org/1999/xhtml" xml:lang="en" lang="en">
 <head>
  <title>
</title>
<meta http-equiv="Content-Type" content="text/html;charset=utf-8" />
  <meta name='ocr-system' content='tesseract 3.04.00' />
  <meta name='ocr-capabilities' content='ocr_page ocr_carea ocr_par ocr_line ocrx_word'/>
</head>
<body>
  <div class='ocr_page' id='page_1' title='image "./quaeextantomniao02oviduoft_0463.png"; bbox 0 0 2268 3776; ppageno 0'>
   <div class='ocr_carea' id='block_1_1' title="bbox 635 291 1583 387">
    <p class='ocr_par' dir='ltr' id='par_1_1' title="bbox 635 291 1583 387">
     <span class='ocr_line' id='line_1_1' title="bbox 635 291 1583 387; baseline 0 0"><span class='ocrx_word' id='word_1_1' title='bbox 635 291 1228 387; x_wconf 74' lang='lat' dir='ltr'>MEDICAMINA</span> <span class='ocrx_word' id='word_1_2' title='bbox 1267 328 1583 387; x_wconf 80' lang='lat' dir='ltr'>FAc1E1.</span> 
     </span>
    </p>
   </div>
   <div class='ocr_carea' id='block_1_2' title="bbox 1905 332 2017 411">
    <p class='ocr_par' dir='ltr' id='par_1_2' title="bbox 1905 332 2017 411">
     <span class='ocr_line' id='line_1_2' title="bbox 1905 332 2017 411; baseline 0.071 -9"><span class='ocrx_word' id='word_1_3' title='bbox 1905 332 2017 411; x_wconf 73' lang='lat'>449</span> 
     </span>
    </p>
   </div>
   <div class='ocr_carea' id='block_1_3' title="bbox 218 443 2010 734">
    <p class='ocr_par' dir='ltr' id='par_1_3' title="bbox 218 443 2010 734">
     <span class='ocr_line' id='line_1_3' title="bbox 301 443 1314 530; baseline -0.003 -21"><span class='ocrx_word' id='word_1_4' title='bbox 301 445 561 527; x_wconf 83' lang='lat' dir='ltr'><strong>Fulgebit</strong></span> <span class='ocrx_word' id='word_1_5' title='bbox 591 444 816 530; x_wconf 88' lang='lat' dir='ltr'>speculo</span> <span class='ocrx_word' id='word_1_6' title='bbox 845 443 1020 506; x_wconf 86' lang='lat' dir='ltr'>levior</span> <span class='ocrx_word' id='word_1_7' title='bbox 1046 446 1166 528; x_wconf 87' lang='lat' dir='ltr'>ipsa</span> <span class='ocrx_word' id='word_1_8' title='bbox 1195 468 1314 506; x_wconf 77' lang='lat' dir='ltr'>suo,</span> 
     </span>
     <span class='ocr_line' id='line_1_4' title="bbox 218 547 1482 634; baseline -0.004 -21"><span class='ocrx_word' id='word_1_9' title='bbox 218 550 336 613; x_wconf 85' lang='lat' dir='ltr'>Nec</span> <span class='ocrx_word' id='word_1_10' title='bbox 366 563 428 611; x_wconf 89' lang='lat' dir='ltr'>tu</span> <span class='ocrx_word' id='word_1_11' title='bbox 457 547 725 634; x_wconf 87' lang='lat' dir='ltr'>pallentes</span> <span class='ocrx_word' id='word_1_12' title='bbox 754 547 951 608; x_wconf 87' lang='lat' dir='ltr'>dubita</span> <span class='ocrx_word' id='word_1_13' title='bbox 983 561 1188 608; x_wconf 89' lang='lat' dir='ltr'>torrere</span> <span class='ocrx_word' id='word_1_14' title='bbox 1220 547 1447 630; x_wconf 85' lang='lat' dir='ltr'>lupinos</span> <span class='ocrx_word' id='word_1_15' title='bbox 1466 595 1482 621; x_wconf 88' lang='lat'>‚</span> 
     </span>
     <span class='ocr_line' id='line_1_5' title="bbox 303 648 2010 734; baseline -0.002 -20"><span class='ocrx_word' id='word_1_16' title='bbox 303 654 380 714; x_wconf 87' lang='lat' dir='ltr'>Et</span> <span class='ocrx_word' id='word_1_17' title='bbox 407 651 572 714; x_wconf 88' lang='lat' dir='ltr'>simul</span> <span class='ocrx_word' id='word_1_18' title='bbox 597 649 852 711; x_wconf 89' lang='lat' dir='ltr'>inflantes</span> <span class='ocrx_word' id='word_1_19' title='bbox 882 673 1118 734; x_wconf 87' lang='lat' dir='ltr'>corpora</span> <span class='ocrx_word' id='word_1_20' title='bbox 1147 648 1285 728; x_wconf 83' lang='lat' dir='ltr'>frige</span> <span class='ocrx_word' id='word_1_21' title='bbox 1315 649 1489 710; x_wconf 68' lang='lat' dir='ltr'>fabas».</span> <span class='ocrx_word' id='word_1_22' title='bbox 1957 685 2010 728; x_wconf 81' lang='lat'>7⁰</span> 
     </span>
    </p>
   </div>
   <div class='ocr_carea' id='block_1_4' title="bbox 222 751 1688 839">
    <p class='ocr_par' dir='ltr' id='par_1_4' title="bbox 222 751 1688 839">
     <span class='ocr_line' id='line_1_6' title="bbox 222 751 1688 839; baseline -0.002 -21"><span class='ocrx_word' id='word_1_23' title='bbox 222 758 471 839; x_wconf 88' lang='lat' dir='ltr'>Utraque</span> <span class='ocrx_word' id='word_1_24' title='bbox 500 777 595 815; x_wconf 84' lang='lat' dir='ltr'>sex</span> <span class='ocrx_word' id='word_1_25' title='bbox 623 753 892 827; x_wconf 85' lang='lat' dir='ltr'>habeant,</span> <span class='ocrx_word' id='word_1_26' title='bbox 919 777 1077 837; x_wconf 85' lang='lat' dir='ltr'>aequo</span> <span class='ocrx_word' id='word_1_27' title='bbox 1106 751 1420 813; x_wconf 82' lang='lat' dir='ltr'>discrimine</span> <span class='ocrx_word' id='word_1_28' title='bbox 1439 800 1454 826; x_wconf 91' lang='lat'>‚</span> <span class='ocrx_word' id='word_1_29' title='bbox 1483 751 1688 815; x_wconf 87' lang='lat' dir='ltr'>libras:</span> 
     </span>
    </p>
   </div>
   <div class='ocr_carea' id='block_1_5' title="bbox 305 854 1519 952">
    <p class='ocr_par' dir='ltr' id='par_1_5' title="bbox 305 854 1519 952">
     <span class='ocr_line' id='line_1_7' title="bbox 305 854 1519 952; baseline -0.004 -32"><span class='ocrx_word' id='word_1_30' title='bbox 305 860 555 942; x_wconf 88' lang='lat' dir='ltr'>Utraque</span> <span class='ocrx_word' id='word_1_31' title='bbox 585 857 654 919; x_wconf 87' lang='lat' dir='ltr'>da</span> <span class='ocrx_word' id='word_1_32' title='bbox 683 857 861 952; x_wconf 70' lang='lat' dir='ltr'>nigris</span> <span class='ocrx_word' id='word_1_33' title='bbox 888 855 1312 919; x_wconf 84' lang='lat' dir='ltr'>comminuenda</span> <span class='ocrx_word' id='word_1_34' title='bbox 1339 854 1519 917; x_wconf 86' lang='lat' dir='ltr'>molis.</span> 
     </span>
    </p>
   </div>
   <div class='ocr_carea' id='block_1_6' title="bbox 170 1046 1089 3176">
    <p class='ocr_par' dir='ltr' id='par_1_6' title="bbox 222 1046 1078 1300">
     <span class='ocr_line' id='line_1_8' title="bbox 277 1046 1077 1108; baseline -0.003 -16"><span class='ocrx_word' id='word_1_35' title='bbox 277 1047 346 1108; x_wconf 77' lang='grc'>69.</span> <span class='ocrx_word' id='word_1_36' title='bbox 366 1049 545 1092; x_wconf 78' lang='lat' dir='ltr'>Torrere.</span> <span class='ocrx_word' id='word_1_37' title='bbox 553 1046 734 1091; x_wconf 84' lang='lat' dir='ltr'>Rectius</span> <span class='ocrx_word' id='word_1_38' title='bbox 744 1046 790 1090; x_wconf 89' lang='lat' dir='ltr'>in</span> <span class='ocrx_word' id='word_1_39' title='bbox 807 1046 1077 1104; x_wconf 84' lang='lat' dir='ltr'>manuscrip-</span> 
     </span>
     <span class='ocr_line' id='line_1_9' title="bbox 222 1111 1078 1171; baseline -0.005 -12"><span class='ocrx_word' id='word_1_40' title='bbox 222 1114 278 1159; x_wconf 89' lang='lat' dir='ltr'>tis</span> <span class='ocrx_word' id='word_1_41' title='bbox 311 1112 626 1171; x_wconf 80' lang='lat' dir='ltr'>exemplaribus</span> <span class='ocrx_word' id='word_1_42' title='bbox 657 1111 845 1169; x_wconf 83' lang='lat' dir='ltr'>legitur,</span> <span class='ocrx_word' id='word_1_43' title='bbox 874 1113 1047 1155; x_wconf 81' lang='lat' dir='ltr'>Nudarc</span> <span class='ocrx_word' id='word_1_44' title='bbox 1064 1128 1078 1155; x_wconf 90' lang='grc'>.·</span> 
     </span>
     <span class='ocr_line' id='line_1_10' title="bbox 223 1175 1076 1235; baseline -0.006 -11"><span class='ocrx_word' id='word_1_45' title='bbox 223 1179 309 1224; x_wconf 89' lang='lat' dir='ltr'>hoc</span> <span class='ocrx_word' id='word_1_46' title='bbox 327 1187 408 1234; x_wconf 90' lang='lat' dir='ltr'>est,</span> <span class='ocrx_word' id='word_1_47' title='bbox 431 1177 547 1235; x_wconf 90' lang='lat' dir='ltr'>quod</span> <span class='ocrx_word' id='word_1_48' title='bbox 565 1193 694 1235; x_wconf 87' lang='lat' dir='ltr'>supra</span> <span class='ocrx_word' id='word_1_49' title='bbox 709 1176 829 1230; x_wconf 87' lang='lat' dir='ltr'>dixit,</span> <span class='ocrx_word' id='word_1_50' title='bbox 846 1192 1002 1220; x_wconf 88' lang='lat' dir='ltr'>exuere</span> <span class='ocrx_word' id='word_1_51' title='bbox 1022 1175 1076 1220; x_wconf 91' lang='lat' dir='ltr'>de</span> 
     </span>
     <span class='ocr_line' id='line_1_11' title="bbox 223 1241 766 1300; baseline -0.011 -11"><span class='ocrx_word' id='word_1_52' title='bbox 223 1244 312 1289; x_wconf 83' lang='lat' dir='ltr'>suis</span> <span class='ocrx_word' id='word_1_53' title='bbox 332 1242 611 1300; x_wconf 80' lang='lat' dir='ltr'>tegminibus.</span> <span class='ocrx_word' id='word_1_54' title='bbox 634 1241 766 1285; x_wconf 72' lang='lat' dir='ltr'>MAR.</span> 
     </span>
    </p>

    <p class='ocr_par' dir='ltr' id='par_1_7' title="bbox 170 1308 1087 2677">
     <span class='ocr_line' id='line_1_12' title="bbox 285 1308 1080 1367; baseline -0.003 -15"><span class='ocrx_word' id='word_1_55' title='bbox 285 1325 351 1367; x_wconf 91' lang='lat'>7⁰·</span> <span class='ocrx_word' id='word_1_56' title='bbox 359 1310 422 1352; x_wconf 88' lang='lat' dir='ltr'>Et</span> <span class='ocrx_word' id='word_1_57' title='bbox 429 1311 561 1352; x_wconf 81' lang='lat' dir='ltr'>simul</span> <span class='ocrx_word' id='word_1_58' title='bbox 573 1312 776 1351; x_wconf 78' lang='lat' dir='ltr'>instantis</span> <span class='ocrx_word' id='word_1_59' title='bbox 789 1322 960 1363; x_wconf 82' lang='lat' dir='ltr'>corpora</span> <span class='ocrx_word' id='word_1_60' title='bbox 956 1308 1080 1364; x_wconf 68' lang='lat' dir='ltr'>finge</span> 
     </span>
     <span class='ocr_line' id='line_1_13' title="bbox 225 1371 1077 1430; baseline -0.006 -11"><span class='ocrx_word' id='word_1_61' title='bbox 225 1390 328 1419; x_wconf 73' lang='lat' dir='ltr'>sera</span> <span class='ocrx_word' id='word_1_62' title='bbox 342 1407 352 1425; x_wconf 95' lang='lat'>,</span> <span class='ocrx_word' id='word_1_63' title='bbox 376 1373 424 1417; x_wconf 86' lang='lat' dir='ltr'>in</span> <span class='ocrx_word' id='word_1_64' title='bbox 446 1373 650 1417; x_wconf 87' lang='lat' dir='ltr'>omnibus</span> <span class='ocrx_word' id='word_1_65' title='bbox 664 1405 676 1429; x_wconf 92' lang='lat'>,</span> <span class='ocrx_word' id='word_1_66' title='bbox 701 1389 809 1430; x_wconf 87' lang='lat' dir='ltr'>quos</span> <span class='ocrx_word' id='word_1_67' title='bbox 827 1371 941 1427; x_wconf 82' lang='lat' dir='ltr'>vidi,</span> <span class='ocrx_word' id='word_1_68' title='bbox 960 1371 1077 1415; x_wconf 81' lang='lat' dir='ltr'>libris</span> 
     </span>
     <span class='ocr_line' id='line_1_14' title="bbox 223 1436 1079 1497; baseline -0.006 -14"><span class='ocrx_word' id='word_1_69' title='bbox 223 1438 443 1497; x_wconf 74' lang='lat' dir='ltr'>impressis</span> <span class='ocrx_word' id='word_1_70' title='bbox 465 1454 476 1482; x_wconf 72' lang='grc' dir='ltr'><strong><em>ι</em></strong></span> <span class='ocrx_word' id='word_1_71' title='bbox 499 1437 695 1496; x_wconf 87' lang='lat' dir='ltr'>pessime.</span> <span class='ocrx_word' id='word_1_72' title='bbox 730 1438 784 1481; x_wconf 87' lang='lat' dir='ltr'>ln</span> <span class='ocrx_word' id='word_1_73' title='bbox 808 1452 899 1480; x_wconf 90' lang='lat' dir='ltr'>uno</span> <span class='ocrx_word' id='word_1_74' title='bbox 929 1436 1079 1479; x_wconf 66' lang='lat' dir='ltr'>Mam:</span> 
     </span>
     <span class='ocr_line' id='line_1_15' title="bbox 225 1502 1078 1561; baseline -0.006 -11"><span class='ocrx_word' id='word_1_75' title='bbox 225 1507 438 1550; x_wconf 79' lang='lat' dir='ltr'>Instantis</span> <span class='ocrx_word' id='word_1_76' title='bbox 448 1518 622 1561; x_wconf 81' lang='lat' dir='ltr'>corpora</span> <span class='ocrx_word' id='word_1_77' title='bbox 619 1506 713 1561; x_wconf 74' lang='lat' dir='ltr'>fige</span> <span class='ocrx_word' id='word_1_78' title='bbox 717 1504 830 1559; x_wconf 86' lang='lat' dir='ltr'>fece.</span> <span class='ocrx_word' id='word_1_79' title='bbox 853 1503 905 1546; x_wconf 87' lang='lat' dir='ltr'>In</span> <span class='ocrx_word' id='word_1_80' title='bbox 925 1502 1078 1556; x_wconf 88' lang='lat' dir='ltr'>altero,</span> 
     </span>
     <span class='ocr_line' id='line_1_16' title="bbox 227 1569 1083 1628; baseline -0.005 -14"><span class='ocrx_word' id='word_1_81' title='bbox 227 1579 274 1616; x_wconf 86' lang='lat' dir='ltr'>et</span> <span class='ocrx_word' id='word_1_82' title='bbox 298 1578 487 1628; x_wconf 89' lang='lat' dir='ltr'>utroque</span> <span class='ocrx_word' id='word_1_83' title='bbox 509 1569 745 1613; x_wconf 85' lang='lat' dir='ltr'>Vaticano:</span> <span class='ocrx_word' id='word_1_84' title='bbox 759 1570 970 1611; x_wconf 78' lang='lat' dir='ltr'>Instantis</span> <span class='ocrx_word' id='word_1_85' title='bbox 987 1583 1083 1610; x_wconf 74' lang='lat' dir='ltr'>cor-</span> 
     </span>
     <span class='ocr_line' id='line_1_17' title="bbox 221 1634 1081 1695; baseline -0.007 -13"><span class='ocrx_word' id='word_1_86' title='bbox 221 1636 570 1695; x_wconf 65' lang='lat' dir='ltr'>porafmgefiroe.</span> <span class='ocrx_word' id='word_1_87' title='bbox 594 1635 748 1681; x_wconf 89' lang='lat' dir='ltr'>Nullus</span> <span class='ocrx_word' id='word_1_88' title='bbox 765 1652 815 1679; x_wconf 85' lang='lat' dir='ltr'>ex</span> <span class='ocrx_word' id='word_1_89' title='bbox 834 1634 899 1678; x_wconf 82' lang='lat' dir='ltr'>bis</span> <span class='ocrx_word' id='word_1_90' title='bbox 920 1634 1081 1678; x_wconf 84' lang='lat' dir='ltr'>lectio-</span> 
     </span>
     <span class='ocr_line' id='line_1_18' title="bbox 228 1698 1080 1755; baseline -0.005 -10"><span class='ocrx_word' id='word_1_91' title='bbox 228 1701 359 1745; x_wconf 89' lang='lat' dir='ltr'>nibus</span> <span class='ocrx_word' id='word_1_92' title='bbox 378 1701 549 1745; x_wconf 80' lang='lat' dir='ltr'>elicitur</span> <span class='ocrx_word' id='word_1_93' title='bbox 578 1716 742 1745; x_wconf 77' lang='lat' dir='ltr'>sensus.</span> <span class='ocrx_word' id='word_1_94' title='bbox 766 1700 915 1743; x_wconf 90' lang='lat' dir='ltr'>Placet</span> <span class='ocrx_word' id='word_1_95' title='bbox 934 1698 1080 1755; x_wconf 86' lang='lat' dir='ltr'>itaque</span> 
     </span>
     <span class='ocr_line' id='line_1_19' title="bbox 229 1764 1082 1825; baseline -0.004 -15"><span class='ocrx_word' id='word_1_96' title='bbox 229 1766 376 1825; x_wconf 82' lang='lat' dir='ltr'>legere</span> <span class='ocrx_word' id='word_1_97' title='bbox 397 1781 500 1811; x_wconf 91' lang='lat' dir='ltr'>cum</span> <span class='ocrx_word' id='word_1_98' title='bbox 527 1766 667 1825; x_wconf 87' lang='lat' dir='ltr'>Nigro</span> <span class='ocrx_word' id='word_1_99' title='bbox 684 1799 695 1821; x_wconf 91' lang='lat'>,</span> <span class='ocrx_word' id='word_1_100' title='bbox 719 1765 792 1822; x_wconf 89' lang='lat' dir='ltr'>qui</span> <span class='ocrx_word' id='word_1_101' title='bbox 813 1764 1082 1823; x_wconf 86' lang='lat' dir='ltr'>ingeniosis-</span> 
     </span>
     <span class='ocr_line' id='line_1_20' title="bbox 170 1830 1084 1889; baseline -0.004 -13"><span class='ocrx_word' id='word_1_102' title='bbox 170 1879 172 1881; x_wconf 56' lang='lat'>,</span> <span class='ocrx_word' id='word_1_103' title='bbox 228 1832 338 1876; x_wconf 77' lang='lat' dir='ltr'>sime</span> <span class='ocrx_word' id='word_1_104' title='bbox 349 1831 509 1877; x_wconf 88' lang='lat' dir='ltr'>emend</span> <span class='ocrx_word' id='word_1_105' title='bbox 515 1840 558 1875; x_wconf 91' lang='lat' dir='ltr'>at</span> <span class='ocrx_word' id='word_1_106' title='bbox 567 1848 577 1876; x_wconf 89' lang='lat'><strong>:</strong></span> <span class='ocrx_word' id='word_1_107' title='bbox 587 1833 782 1889; x_wconf 82' lang='lat' dir='ltr'>Instantis</span> <span class='ocrx_word' id='word_1_108' title='bbox 789 1846 962 1885; x_wconf 79' lang='lat' dir='ltr'>corpora</span> <span class='ocrx_word' id='word_1_109' title='bbox 961 1830 1084 1886; x_wconf 85' lang='lat' dir='ltr'>fran-</span> 
     </span>
     <span class='ocr_line' id='line_1_21' title="bbox 225 1895 1080 1955; baseline -0.004 -14"><span class='ocrx_word' id='word_1_110' title='bbox 225 1897 423 1955; x_wconf 54' lang='lat' dir='ltr'>‘efabm</span> <span class='ocrx_word' id='word_1_111' title='bbox 453 1896 582 1941; x_wconf 88' lang='lat' dir='ltr'>Fabis</span> <span class='ocrx_word' id='word_1_112' title='bbox 600 1896 722 1940; x_wconf 90' lang='lat' dir='ltr'>enim</span> <span class='ocrx_word' id='word_1_113' title='bbox 751 1896 797 1939; x_wconf 89' lang='lat' dir='ltr'>in</span> <span class='ocrx_word' id='word_1_114' title='bbox 830 1895 895 1939; x_wconf 89' lang='lat' dir='ltr'>his</span> <span class='ocrx_word' id='word_1_115' title='bbox 922 1895 1052 1939; x_wconf 86' lang='lat' dir='ltr'>rebus</span> <span class='ocrx_word' id='word_1_116' title='bbox 1068 1926 1080 1949; x_wconf 95' lang='lat'>,</span> 
     </span>
     <span class='ocr_line' id='line_1_22' title="bbox 230 1960 1082 2020; baseline -0.007 -13"><span class='ocrx_word' id='word_1_117' title='bbox 230 1977 330 2020; x_wconf 76' lang='lat' dir='ltr'>quae</span> <span class='ocrx_word' id='word_1_118' title='bbox 343 1977 367 2006; x_wconf 84' lang='lat' dir='ltr'>a</span> <span class='ocrx_word' id='word_1_119' title='bbox 380 1969 509 2020; x_wconf 87' lang='lat' dir='ltr'>poeta</span> <span class='ocrx_word' id='word_1_120' title='bbox 521 1960 592 2006; x_wconf 84' lang='lat' dir='ltr'>hic</span> <span class='ocrx_word' id='word_1_121' title='bbox 611 1960 933 2014; x_wconf 88' lang='lat' dir='ltr'>describuntur,</span> <span class='ocrx_word' id='word_1_122' title='bbox 944 1967 1082 2002; x_wconf 85' lang='lat' dir='ltr'>utun-</span> 
     </span>
     <span class='ocr_line' id='line_1_23' title="bbox 225 2023 1084 2082; baseline -0.005 -12"><span class='ocrx_word' id='word_1_123' title='bbox 225 2035 301 2071; x_wconf 85' lang='lat' dir='ltr'>tur</span> <span class='ocrx_word' id='word_1_124' title='bbox 321 2026 543 2070; x_wconf 85' lang='lat' dir='ltr'>mulieres.</span> <span class='ocrx_word' id='word_1_125' title='bbox 562 2023 759 2082; x_wconf 53' lang='lat' dir='ltr'>Inflant&amp;</span> <span class='ocrx_word' id='word_1_126' title='bbox 775 2024 908 2068; x_wconf 90' lang='lat' dir='ltr'>etiam</span> <span class='ocrx_word' id='word_1_127' title='bbox 929 2023 1084 2080; x_wconf 85' lang='lat' dir='ltr'>legen-</span> 
     </span>
     <span class='ocr_line' id='line_1_24' title="bbox 228 2091 1083 2147; baseline -0.008 -8"><span class='ocrx_word' id='word_1_128' title='bbox 228 2093 339 2139; x_wconf 87' lang='lat' dir='ltr'>dum</span> <span class='ocrx_word' id='word_1_129' title='bbox 369 2092 541 2138; x_wconf 81' lang='lat' dir='ltr'>viderat</span> <span class='ocrx_word' id='word_1_130' title='bbox 574 2091 782 2135; x_wconf 87' lang='lat' dir='ltr'>Muretus</span> <span class='ocrx_word' id='word_1_131' title='bbox 798 2123 810 2146; x_wconf 86' lang='lat'>,</span> <span class='ocrx_word' id='word_1_132' title='bbox 844 2100 1083 2147; x_wconf 81' lang='lat' dir='ltr'>antequam</span> 
     </span>
     <span class='ocr_line' id='line_1_25' title="bbox 228 2154 1084 2216; baseline -0.007 -14"><span class='ocrx_word' id='word_1_133' title='bbox 228 2173 312 2216; x_wconf 75' lang='lat' dir='ltr'>ego</span> <span class='ocrx_word' id='word_1_134' title='bbox 343 2157 470 2215; x_wconf 81' lang='lat' dir='ltr'>Nigri</span> <span class='ocrx_word' id='word_1_135' title='bbox 495 2155 838 2200; x_wconf 80' lang='lat' dir='ltr'>commentarios</span> <span class='ocrx_word' id='word_1_136' title='bbox 865 2154 1084 2211; x_wconf 83' lang='lat' dir='ltr'>inspexis-</span> 
     </span>
     <span class='ocr_line' id='line_1_26' title="bbox 228 2219 1085 2275; baseline -0.005 -9"><span class='ocrx_word' id='word_1_137' title='bbox 228 2237 338 2266; x_wconf 83' lang='lat' dir='ltr'>sem.</span> <span class='ocrx_word' id='word_1_138' title='bbox 357 2221 482 2265; x_wconf 69' lang='lat' dir='ltr'>DAN.</span> <span class='ocrx_word' id='word_1_139' title='bbox 506 2220 675 2263; x_wconf 73' lang='lat' dir='ltr'>Hnms.</span> <span class='ocrx_word' id='word_1_140' title='bbox 697 2219 922 2274; x_wconf 69' lang='lat' dir='ltr'>Frugifi’roe</span> <span class='ocrx_word' id='word_1_141' title='bbox 937 2219 1085 2275; x_wconf 81' lang='lat' dir='ltr'>scripti</span> 
     </span>
     <span class='ocr_line' id='line_1_27' title="bbox 230 2281 1084 2345; baseline -0.006 -15"><span class='ocrx_word' id='word_1_142' title='bbox 230 2286 451 2345; x_wconf 83' lang='lat' dir='ltr'>potiores;</span> <span class='ocrx_word' id='word_1_143' title='bbox 474 2283 699 2342; x_wconf 87' lang='lat' dir='ltr'>quomodo</span> <span class='ocrx_word' id='word_1_144' title='bbox 721 2292 765 2326; x_wconf 91' lang='lat' dir='ltr'>et</span> <span class='ocrx_word' id='word_1_145' title='bbox 785 2300 837 2326; x_wconf 87' lang='lat' dir='ltr'>ex</span> <span class='ocrx_word' id='word_1_146' title='bbox 854 2283 942 2326; x_wconf 80' lang='lat' dir='ltr'>suis</span> <span class='ocrx_word' id='word_1_147' title='bbox 966 2281 1084 2326; x_wconf 91' lang='lat' dir='ltr'>Cio-</span> 
     </span>
     <span class='ocr_line' id='line_1_28' title="bbox 228 2349 1086 2405; baseline -0.007 -7"><span class='ocrx_word' id='word_1_148' title='bbox 228 2354 358 2398; x_wconf 83' lang='lat' dir='ltr'>fanus</span> <span class='ocrx_word' id='word_1_149' title='bbox 378 2360 525 2396; x_wconf 86' lang='lat' dir='ltr'>notat:</span> <span class='ocrx_word' id='word_1_150' title='bbox 545 2367 660 2395; x_wconf 90' lang='lat' dir='ltr'>unus</span> <span class='ocrx_word' id='word_1_151' title='bbox 681 2367 732 2394; x_wconf 89' lang='lat' dir='ltr'>ex</span> <span class='ocrx_word' id='word_1_152' title='bbox 753 2351 911 2393; x_wconf 85' lang='lat' dir='ltr'>nostris</span> <span class='ocrx_word' id='word_1_153' title='bbox 927 2383 938 2404; x_wconf 92' lang='lat'>,</span> <span class='ocrx_word' id='word_1_154' title='bbox 949 2349 1086 2405; x_wconf 72' lang='lat' dir='ltr'>frige-</span> 
     </span>
     <span class='ocr_line' id='line_1_29' title="bbox 218 2414 1087 2474; baseline -0.006 -12"><span class='ocrx_word' id='word_1_155' title='bbox 218 2417 333 2474; x_wconf 82' lang='lat' dir='ltr'>sere.</span> <span class='ocrx_word' id='word_1_156' title='bbox 350 2417 593 2461; x_wconf 88' lang='lat' dir='ltr'>Helmaest.</span> <span class='ocrx_word' id='word_1_157' title='bbox 599 2415 760 2471; x_wconf 76' lang='lat' dir='ltr'>frange</span> <span class='ocrx_word' id='word_1_158' title='bbox 767 2414 886 2469; x_wconf 78' lang='lat' dir='ltr'>seroe.</span> <span class='ocrx_word' id='word_1_159' title='bbox 909 2414 1087 2458; x_wconf 85' lang='lat' dir='ltr'>Ciofani</span> 
     </span>
     <span class='ocr_line' id='line_1_30' title="bbox 231 2478 1087 2540; baseline -0.007 -13"><span class='ocrx_word' id='word_1_160' title='bbox 231 2499 348 2527; x_wconf 88' lang='lat' dir='ltr'>unus</span> <span class='ocrx_word' id='word_1_161' title='bbox 363 2485 475 2540; x_wconf 72' lang='lat' dir='ltr'>,fige</span> <span class='ocrx_word' id='word_1_162' title='bbox 488 2481 601 2538; x_wconf 69' lang='lat' dir='ltr'>fiee.</span> <span class='ocrx_word' id='word_1_163' title='bbox 628 2481 724 2537; x_wconf 87' lang='lat' dir='ltr'>Ego</span> <span class='ocrx_word' id='word_1_164' title='bbox 740 2513 752 2534; x_wconf 93' lang='lat'>,</span> <span class='ocrx_word' id='word_1_165' title='bbox 782 2480 858 2522; x_wconf 89' lang='lat' dir='ltr'>diu</span> <span class='ocrx_word' id='word_1_166' title='bbox 881 2489 944 2524; x_wconf 88' lang='lat' dir='ltr'>est</span> <span class='ocrx_word' id='word_1_167' title='bbox 967 2478 1087 2536; x_wconf 88' lang='lat' dir='ltr'>quod</span> 
     </span>
     <span class='ocr_line' id='line_1_31' title="bbox 230 2543 1086 2604; baseline -0.005 -13"><span class='ocrx_word' id='word_1_168' title='bbox 230 2547 435 2593; x_wconf 81' lang='lat' dir='ltr'>insistens</span> <span class='ocrx_word' id='word_1_169' title='bbox 446 2545 632 2604; x_wconf 90' lang='lat' dir='ltr'>propriis</span> <span class='ocrx_word' id='word_1_170' title='bbox 644 2544 832 2602; x_wconf 83' lang='lat' dir='ltr'>vestigiis</span> <span class='ocrx_word' id='word_1_171' title='bbox 841 2543 1086 2601; x_wconf 81' lang='lat' dir='ltr'>depravatae</span> 
     </span>
     <span class='ocr_line' id='line_1_32' title="bbox 231 2611 847 2677; baseline -0.006 -21"><span class='ocrx_word' id='word_1_172' title='bbox 231 2611 433 2657; x_wconf 87' lang='lat' dir='ltr'>lectionis</span> <span class='ocrx_word' id='word_1_173' title='bbox 453 2611 773 2658; x_wconf 81' lang='lat' dir='ltr'>emendabam:</span> <span class='ocrx_word' id='word_1_174' title='bbox 839 2668 847 2677; x_wconf 32' lang='grc' dir='ltr'>ι</span> 
     </span>
    </p>

    <p class='ocr_par' dir='ltr' id='par_1_8' title="bbox 273 2678 947 2721">
     <span class='ocr_line' id='line_1_33' title="bbox 273 2678 947 2721; baseline -0.004 -7"><span class='ocrx_word' id='word_1_175' title='bbox 273 2683 318 2714; x_wconf 79' lang='lat' dir='ltr'>Et</span> <span class='ocrx_word' id='word_1_176' title='bbox 330 2681 430 2714; x_wconf 77' lang='lat' dir='ltr'>simul</span> <span class='ocrx_word' id='word_1_177' title='bbox 442 2680 590 2714; x_wconf 69' lang='lat' dir='ltr'>inflantes</span> <span class='ocrx_word' id='word_1_178' title='bbox 601 2690 737 2721; x_wconf 67' lang='lat' dir='ltr'>corpora</span> <span class='ocrx_word' id='word_1_179' title='bbox 749 2679 832 2720; x_wconf 79' lang='lat' dir='ltr'>frige</span> <span class='ocrx_word' id='word_1_180' title='bbox 843 2678 947 2711; x_wconf 73' lang='lat' dir='ltr'>sabas.</span> 
     </span>
    </p>

    <p class='ocr_par' dir='ltr' id='par_1_9' title="bbox 221 2739 1089 3176">
     <span class='ocr_line' id='line_1_34' title="bbox 235 2739 1087 2788; baseline -0.006 0"><span class='ocrx_word' id='word_1_181' title='bbox 235 2743 354 2788; x_wconf 85' lang='lat' dir='ltr'>Nam</span> <span class='ocrx_word' id='word_1_182' title='bbox 371 2747 580 2786; x_wconf 78' lang='lat' dir='ltr'>instantes</span> <span class='ocrx_word' id='word_1_183' title='bbox 607 2740 794 2783; x_wconf 87' lang='lat' dir='ltr'>habebat</span> <span class='ocrx_word' id='word_1_184' title='bbox 814 2739 951 2784; x_wconf 87' lang='lat' dir='ltr'>codex</span> <span class='ocrx_word' id='word_1_185' title='bbox 973 2755 1087 2783; x_wconf 89' lang='lat' dir='ltr'>unus</span> 
     </span>
     <span class='ocr_line' id='line_1_35' title="bbox 233 2806 1087 2862; baseline -0.004 -11"><span class='ocrx_word' id='word_1_186' title='bbox 233 2806 473 2851; x_wconf 75' lang='lat' dir='ltr'>patavinus</span> <span class='ocrx_word' id='word_1_187' title='bbox 495 2822 508 2851; x_wconf 72' lang='grc' dir='ltr'><strong><em>ι</em></strong></span> <span class='ocrx_word' id='word_1_188' title='bbox 532 2808 729 2862; x_wconf 68' lang='grc' dir='ltr'><em>ιἰιβαηίω·</em></span> <span class='ocrx_word' id='word_1_189' title='bbox 766 2821 937 2860; x_wconf 79' lang='lat' dir='ltr'>corpora</span> <span class='ocrx_word' id='word_1_190' title='bbox 969 2813 1087 2848; x_wconf 88' lang='lat' dir='ltr'>recte</span> 
     </span>
     <span class='ocr_line' id='line_1_36' title="bbox 221 2867 1087 2927; baseline -0.002 -14"><span class='ocrx_word' id='word_1_191' title='bbox 221 2869 362 2926; x_wconf 84' lang='lat' dir='ltr'>fabas</span> <span class='ocrx_word' id='word_1_192' title='bbox 379 2870 513 2924; x_wconf 87' lang='lat' dir='ltr'>dixit,</span> <span class='ocrx_word' id='word_1_193' title='bbox 534 2868 651 2927; x_wconf 92' lang='lat' dir='ltr'>quod</span> <span class='ocrx_word' id='word_1_194' title='bbox 674 2868 785 2912; x_wconf 89' lang='lat' dir='ltr'>nibil</span> <span class='ocrx_word' id='word_1_195' title='bbox 805 2869 861 2912; x_wconf 89' lang='lat' dir='ltr'>sit</span> <span class='ocrx_word' id='word_1_196' title='bbox 880 2867 1087 2911; x_wconf 86' lang='lat' dir='ltr'>flatnlen-</span> 
     </span>
     <span class='ocr_line' id='line_1_37' title="bbox 233 2933 1089 2990; baseline -0.004 -11"><span class='ocrx_word' id='word_1_197' title='bbox 233 2935 320 2979; x_wconf 82' lang='lat' dir='ltr'>tius</span> <span class='ocrx_word' id='word_1_198' title='bbox 347 2934 411 2979; x_wconf 82' lang='lat' dir='ltr'>iis.</span> <span class='ocrx_word' id='word_1_199' title='bbox 443 2933 517 2978; x_wconf 89' lang='lat' dir='ltr'>Sic</span> <span class='ocrx_word' id='word_1_200' title='bbox 547 2937 744 2990; x_wconf 79' lang='lat' dir='ltr'>inflantes</span> <span class='ocrx_word' id='word_1_201' title='bbox 770 2949 945 2990; x_wconf 80' lang='lat' dir='ltr'>corpora</span> <span class='ocrx_word' id='word_1_202' title='bbox 968 2936 1089 2976; x_wconf 85' lang='lat' dir='ltr'>Deos</span> 
     </span>
     <span class='ocr_line' id='line_1_38' title="bbox 234 2999 1085 3058; baseline -0.001 -15"><span class='ocrx_word' id='word_1_203' title='bbox 234 2999 351 3058; x_wconf 87' lang='lat' dir='ltr'>apud</span> <span class='ocrx_word' id='word_1_204' title='bbox 367 2999 573 3044; x_wconf 88' lang='lat' dir='ltr'>Persium</span> <span class='ocrx_word' id='word_1_205' title='bbox 594 3000 785 3056; x_wconf 85' lang='lat' dir='ltr'>reperies</span> <span class='ocrx_word' id='word_1_206' title='bbox 801 3000 891 3044; x_wconf 88' lang='lat' dir='ltr'>Sat.</span> <span class='ocrx_word' id='word_1_207' title='bbox 904 3007 959 3055; x_wconf 82' lang='lat' dir='ltr'>&#39;v,</span> <span class='ocrx_word' id='word_1_208' title='bbox 986 3001 1085 3058; x_wconf 85' lang='lat'>187:</span> 
     </span>
     <span class='ocr_line' id='line_1_39' title="bbox 235 3063 1088 3122; baseline -0.002 -15"><span class='ocrx_word' id='word_1_209' title='bbox 235 3079 326 3121; x_wconf 88' lang='lat' dir='ltr'>quo</span> <span class='ocrx_word' id='word_1_210' title='bbox 341 3073 385 3109; x_wconf 92' lang='lat' dir='ltr'>et</span> <span class='ocrx_word' id='word_1_211' title='bbox 404 3064 435 3107; x_wconf 89' lang='lat' dir='ltr'>J</span> <span class='ocrx_word' id='word_1_212' title='bbox 438 3064 632 3108; x_wconf 83' lang='lat' dir='ltr'>uvenalis</span> <span class='ocrx_word' id='word_1_213' title='bbox 646 3063 717 3107; x_wconf 87' lang='lat' dir='ltr'>illa</span> <span class='ocrx_word' id='word_1_214' title='bbox 735 3063 865 3107; x_wconf 85' lang='lat' dir='ltr'>Satir.</span> <span class='ocrx_word' id='word_1_215' title='bbox 890 3077 974 3118; x_wconf 89' lang='lat'>111,</span> <span class='ocrx_word' id='word_1_216' title='bbox 1006 3063 1088 3122; x_wconf 82' lang='lat'>293</span> 
     </span>
     <span class='ocr_line' id='line_1_40' title="bbox 236 3130 500 3176; baseline -0.004 0"><span class='ocrx_word' id='word_1_217' title='bbox 236 3130 472 3176; x_wconf 82' lang='lat' dir='ltr'>reserenda</span> <span class='ocrx_word' id='word_1_218' title='bbox 489 3147 500 3175; x_wconf 88' lang='lat'>:</span> 
     </span>
    </p>
   </div>
   <div class='ocr_carea' id='block_1_7' title="bbox 230 3205 1089 3308">
    <p class='ocr_par' dir='ltr' id='par_1_10' title="bbox 230 3205 1089 3308">
     <span class='ocr_line' id='line_1_41' title="bbox 232 3205 1089 3250; baseline -0.002 -11"><span class='ocrx_word' id='word_1_219' title='bbox 232 3208 338 3250; x_wconf 69' lang='lat' dir='ltr'>Cujus</span> <span class='ocrx_word' id='word_1_220' title='bbox 349 3206 470 3239; x_wconf 76' lang='lat' dir='ltr'>conche</span> <span class='ocrx_word' id='word_1_221' title='bbox 482 3205 612 3237; x_wconf 83' lang='lat' dir='ltr'>tumes?</span> <span class='ocrx_word' id='word_1_222' title='bbox 624 3206 699 3248; x_wconf 82' lang='lat' dir='ltr'>quis</span> <span class='ocrx_word' id='word_1_223' title='bbox 711 3212 821 3236; x_wconf 80' lang='lat' dir='ltr'>tecum</span> <span class='ocrx_word' id='word_1_224' title='bbox 833 3205 943 3236; x_wconf 84' lang='lat' dir='ltr'>sectile</span> <span class='ocrx_word' id='word_1_225' title='bbox 957 3215 1089 3246; x_wconf 74' lang='lat' dir='ltr'>pon-um</span> 
     </span>
     <span class='ocr_line' id='line_1_42' title="bbox 230 3265 935 3308; baseline -0.009 -7"><span class='ocrx_word' id='word_1_226' title='bbox 230 3270 329 3301; x_wconf 79' lang='lat' dir='ltr'>Sutor</span> <span class='ocrx_word' id='word_1_227' title='bbox 338 3291 351 3308; x_wconf 87' lang='lat'><em>‚</em></span> <span class='ocrx_word' id='word_1_228' title='bbox 365 3275 399 3299; x_wconf 88' lang='lat' dir='ltr'>et</span> <span class='ocrx_word' id='word_1_229' title='bbox 411 3268 489 3299; x_wconf 77' lang='lat' dir='ltr'>elnxi</span> <span class='ocrx_word' id='word_1_230' title='bbox 503 3267 648 3299; x_wconf 82' lang='lat' dir='ltr'>vervecis</span> <span class='ocrx_word' id='word_1_231' title='bbox 662 3266 750 3298; x_wconf 71' lang='lat' dir='ltr'>labi-a</span> <span class='ocrx_word' id='word_1_232' title='bbox 761 3266 903 3299; x_wconf 71' lang='lat' dir='ltr'>‚comedit</span> <span class='ocrx_word' id='word_1_233' title='bbox 917 3265 935 3296; x_wconf 85' lang='lat'>?</span> 
     </span>
    </p>
   </div>
   <div class='ocr_carea' id='block_1_8' title="bbox 189 3326 1091 3523">
    <p class='ocr_par' dir='ltr' id='par_1_11' title="bbox 189 3326 1091 3523">
     <span class='ocr_line' id='line_1_43' title="bbox 234 3326 1091 3385; baseline -0.007 -10"><span class='ocrx_word' id='word_1_234' title='bbox 234 3330 309 3375; x_wconf 88' lang='lat' dir='ltr'>ubi</span> <span class='ocrx_word' id='word_1_235' title='bbox 321 3329 581 3375; x_wconf 84' lang='lat' dir='ltr'>scholiastes</span> <span class='ocrx_word' id='word_1_236' title='bbox 595 3329 799 3385; x_wconf 86' lang='lat' dir='ltr'>antiquus</span> <span class='ocrx_word' id='word_1_237' title='bbox 811 3361 824 3382; x_wconf 91' lang='lat'>,</span> <span class='ocrx_word' id='word_1_238' title='bbox 847 3326 1091 3382; x_wconf 79' lang='lat' dir='ltr'>cujusfaba</span> 
     </span>
     <span class='ocr_line' id='line_1_44' title="bbox 235 3393 1088 3453; baseline -0.004 -14"><span class='ocrx_word' id='word_1_239' title='bbox 235 3399 408 3453; x_wconf 79' lang='lat' dir='ltr'>inflatus</span> <span class='ocrx_word' id='word_1_240' title='bbox 427 3411 474 3439; x_wconf 84' lang='lat' dir='ltr'>es</span> <span class='ocrx_word' id='word_1_241' title='bbox 485 3400 509 3441; x_wconf 84' lang='lat'><em>?</em></span> <span class='ocrx_word' id='word_1_242' title='bbox 530 3395 609 3438; x_wconf 91' lang='lat' dir='ltr'>Est</span> <span class='ocrx_word' id='word_1_243' title='bbox 623 3393 934 3449; x_wconf 74' lang='lat' dir='ltr'>autemsrz&#39;gere</span> <span class='ocrx_word' id='word_1_244' title='bbox 945 3428 955 3443; x_wconf 93' lang='lat'>‚</span> <span class='ocrx_word' id='word_1_245' title='bbox 971 3393 1088 3437; x_wconf 89' lang='lat' dir='ltr'>idem</span> 
     </span>
     <span class='ocr_line' id='line_1_45' title="bbox 189 3459 1087 3523; baseline -0.004 -18"><span class='ocrx_word' id='word_1_246' title='bbox 189 3514 195 3523; x_wconf 74' lang='lat'><em>.</em></span> <span class='ocrx_word' id='word_1_247' title='bbox 237 3460 356 3517; x_wconf 87' lang='lat' dir='ltr'>quod</span> <span class='ocrx_word' id='word_1_248' title='bbox 374 3466 538 3504; x_wconf 78' lang='lat' dir='ltr'>torrere.</span> <span class='ocrx_word' id='word_1_249' title='bbox 553 3459 670 3504; x_wconf 89' lang='lat' dir='ltr'>Plin.</span> <span class='ocrx_word' id='word_1_250' title='bbox 687 3459 871 3515; x_wconf 83' lang='lat' dir='ltr'>XVIII,</span> <span class='ocrx_word' id='word_1_251' title='bbox 893 3473 1087 3517; x_wconf 76' lang='lat' dir='ltr'>cap.v11:</span> 
     </span>
    </p>
   </div>
   <div class='ocr_carea' id='block_1_9' title="bbox 468 3557 563 3613">
    <p class='ocr_par' dir='ltr' id='par_1_12' title="bbox 468 3557 563 3613">
     <span class='ocr_line' id='line_1_46' title="bbox 468 3557 563 3613; baseline 0 -1"><span class='ocrx_word' id='word_1_252' title='bbox 468 3557 563 3613; x_wconf 91' lang='lat' dir='ltr'>II.</span> 
     </span>
    </p>
   </div>
   <div class='ocr_carea' id='block_1_10' title="bbox 1148 1043 2022 2671">
    <p class='ocr_par' dir='ltr' id='par_1_13' title="bbox 1148 1043 2022 2410">
     <span class='ocr_line' id='line_1_47' title="bbox 1162 1043 2021 1101; baseline 0.001 -11"><span class='ocrx_word' id='word_1_253' title='bbox 1162 1043 1522 1101; x_wconf 76' lang='lat' dir='ltr'>Groect‘perfitsum</span> <span class='ocrx_word' id='word_1_254' title='bbox 1530 1061 1641 1101; x_wconf 83' lang='lat' dir='ltr'>aqua</span> <span class='ocrx_word' id='word_1_255' title='bbox 1649 1046 1844 1089; x_wconf 82' lang='lat' dir='ltr'>hordeum</span> <span class='ocrx_word' id='word_1_256' title='bbox 1852 1050 2021 1091; x_wconf 73' lang='lat' dir='ltr'>siccant</span> 
     </span>
     <span class='ocr_line' id='line_1_48' title="bbox 1158 1114 2014 1172; baseline 0.001 -15"><span class='ocrx_word' id='word_1_257' title='bbox 1158 1119 1281 1157; x_wconf 81' lang='lat' dir='ltr'>nocte</span> <span class='ocrx_word' id='word_1_258' title='bbox 1310 1129 1397 1156; x_wconf 84' lang='lat' dir='ltr'>una</span> <span class='ocrx_word' id='word_1_259' title='bbox 1411 1146 1422 1165; x_wconf 87' lang='lat'><em>‚</em></span> <span class='ocrx_word' id='word_1_260' title='bbox 1446 1129 1501 1156; x_wconf 89' lang='lat' dir='ltr'>ac</span> <span class='ocrx_word' id='word_1_261' title='bbox 1525 1118 1694 1168; x_wconf 78' lang='lat' dir='ltr'>postero</span> <span class='ocrx_word' id='word_1_262' title='bbox 1719 1115 1790 1157; x_wconf 78' lang='lat' dir='ltr'>die</span> <span class='ocrx_word' id='word_1_263' title='bbox 1819 1114 2014 1172; x_wconf 80' lang='lat' dir='ltr'>frigunt,</span> 
     </span>
     <span class='ocr_line' id='line_1_49' title="bbox 1157 1176 2015 1234; baseline 0 -12"><span class='ocrx_word' id='word_1_264' title='bbox 1157 1180 1308 1222; x_wconf 73' lang='lat' dir='ltr'>deinde</span> <span class='ocrx_word' id='word_1_265' title='bbox 1328 1181 1451 1221; x_wconf 61' lang='lat' dir='ltr'>moltis</span> <span class='ocrx_word' id='word_1_266' title='bbox 1460 1176 1682 1234; x_wconf 69' lang='lat' dir='ltr'>frangunt.</span> <span class='ocrx_word' id='word_1_267' title='bbox 1710 1178 2015 1234; x_wconf 79' lang='lat' dir='ltr'>Hincsrt&#39;ctum</span> 
     </span>
     <span class='ocr_line' id='line_1_50' title="bbox 1159 1241 2015 1299; baseline 0 -14"><span class='ocrx_word' id='word_1_268' title='bbox 1159 1245 1272 1285; x_wconf 80' lang='lat' dir='ltr'>cicer</span> <span class='ocrx_word' id='word_1_269' title='bbox 1287 1241 1403 1299; x_wconf 86' lang='lat' dir='ltr'>apud</span> <span class='ocrx_word' id='word_1_270' title='bbox 1431 1241 1668 1290; x_wconf 78' lang='lat' dir='ltr'>Plautum:</span> <span class='ocrx_word' id='word_1_271' title='bbox 1686 1241 1864 1295; x_wconf 67' lang='grc' dir='ltr'>[πίε-[ατη</span> <span class='ocrx_word' id='word_1_272' title='bbox 1893 1246 2015 1285; x_wconf 80' lang='lat' dir='ltr'>triti-</span> 
     </span>
     <span class='ocr_line' id='line_1_51' title="bbox 1158 1307 2015 1367; baseline 0.004 -16"><span class='ocrx_word' id='word_1_273' title='bbox 1158 1324 1264 1361; x_wconf 83' lang='lat' dir='ltr'>cum,</span> <span class='ocrx_word' id='word_1_274' title='bbox 1275 1307 1450 1362; x_wconf 56' lang='lat' dir='ltr'>frah-tum</span> <span class='ocrx_word' id='word_1_275' title='bbox 1460 1313 1542 1351; x_wconf 87' lang='lat' dir='ltr'>sal.</span> <span class='ocrx_word' id='word_1_276' title='bbox 1552 1307 1688 1362; x_wconf 74' lang='lat' dir='ltr'>fricta</span> <span class='ocrx_word' id='word_1_277' title='bbox 1697 1326 1777 1351; x_wconf 73' lang='lat' dir='ltr'>ova</span> <span class='ocrx_word' id='word_1_278' title='bbox 1786 1309 1899 1367; x_wconf 84' lang='lat' dir='ltr'>apud</span> <span class='ocrx_word' id='word_1_279' title='bbox 1911 1310 2015 1354; x_wconf 86' lang='lat' dir='ltr'>alios</span> 
     </span>
     <span class='ocr_line' id='line_1_52' title="bbox 1160 1373 2020 1435; baseline 0.002 -18"><span class='ocrx_word' id='word_1_280' title='bbox 1160 1374 1332 1431; x_wconf 83' lang='lat' dir='ltr'>passim.</span> <span class='ocrx_word' id='word_1_281' title='bbox 1351 1373 1541 1418; x_wconf 81' lang='lat' dir='ltr'>Produci</span> <span class='ocrx_word' id='word_1_282' title='bbox 1562 1383 1709 1418; x_wconf 85' lang='lat' dir='ltr'>autem</span> <span class='ocrx_word' id='word_1_283' title='bbox 1724 1376 1910 1432; x_wconf 83' lang='lat' dir='ltr'>primam</span> <span class='ocrx_word' id='word_1_284' title='bbox 1929 1376 2020 1435; x_wconf 84' lang='lat' dir='ltr'>syl-</span> 
     </span>
     <span class='ocr_line' id='line_1_53' title="bbox 1161 1440 2016 1499; baseline 0.001 -14"><span class='ocrx_word' id='word_1_285' title='bbox 1161 1441 1304 1485; x_wconf 85' lang='lat' dir='ltr'>labam</span> <span class='ocrx_word' id='word_1_286' title='bbox 1339 1440 1442 1485; x_wconf 88' lang='lat' dir='ltr'>inde</span> <span class='ocrx_word' id='word_1_287' title='bbox 1485 1441 1620 1498; x_wconf 83' lang='lat' dir='ltr'>liquet</span> <span class='ocrx_word' id='word_1_288' title='bbox 1647 1474 1659 1496; x_wconf 91' lang='lat'>‚</span> <span class='ocrx_word' id='word_1_289' title='bbox 1690 1441 1808 1499; x_wconf 87' lang='lat' dir='ltr'>quod</span> <span class='ocrx_word' id='word_1_290' title='bbox 1843 1442 2016 1487; x_wconf 76' lang='lat' dir='ltr'>Nonius</span> 
     </span>
     <span class='ocr_line' id='line_1_54' title="bbox 1164 1506 2019 1564; baseline 0.001 -14"><span class='ocrx_word' id='word_1_291' title='bbox 1164 1506 1400 1550; x_wconf 60' lang='lat' dir='ltr'>hlarcellus</span> <span class='ocrx_word' id='word_1_292' title='bbox 1420 1507 1648 1562; x_wconf 83' lang='lat' dir='ltr'>observet,</span> <span class='ocrx_word' id='word_1_293' title='bbox 1671 1509 1827 1563; x_wconf 71' lang='lat' dir='ltr'>Frige‘t,</span> <span class='ocrx_word' id='word_1_294' title='bbox 1850 1511 2019 1564; x_wconf 81' lang='lat' dir='ltr'>quanda</span> 
     </span>
     <span class='ocr_line' id='line_1_55' title="bbox 1160 1573 2022 1630; baseline 0.002 -17"><span class='ocrx_word' id='word_1_295' title='bbox 1160 1573 1374 1629; x_wconf 66' lang='lat' dir='ltr'>sigmficat</span> <span class='ocrx_word' id='word_1_296' title='bbox 1388 1575 1521 1626; x_wconf 68' lang='lat' dir='ltr'>erigit,</span> <span class='ocrx_word' id='word_1_297' title='bbox 1533 1574 1734 1626; x_wconf 78' lang='lat' dir='ltr'>corripere</span> <span class='ocrx_word' id='word_1_298' title='bbox 1738 1575 1921 1626; x_wconf 80' lang='lat' dir='ltr'>primam</span> <span class='ocrx_word' id='word_1_299' title='bbox 1933 1574 2022 1630; x_wconf 74' lang='lat' dir='ltr'>ss!-</span> 
     </span>
     <span class='ocr_line' id='line_1_56' title="bbox 1162 1635 2019 1693; baseline 0.001 -14"><span class='ocrx_word' id='word_1_300' title='bbox 1162 1639 1335 1680; x_wconf 60' lang='lat' dir='ltr'>labam:</span> <span class='ocrx_word' id='word_1_301' title='bbox 1359 1635 1477 1693; x_wconf 84' lang='lat' dir='ltr'>quod</span> <span class='ocrx_word' id='word_1_302' title='bbox 1500 1651 1593 1678; x_wconf 88' lang='lat' dir='ltr'>non</span> <span class='ocrx_word' id='word_1_303' title='bbox 1629 1635 1864 1679; x_wconf 80' lang='lat' dir='ltr'>addidisset</span> <span class='ocrx_word' id='word_1_304' title='bbox 1880 1669 1892 1690; x_wconf 93' lang='lat'>,</span> <span class='ocrx_word' id='word_1_305' title='bbox 1914 1637 1948 1679; x_wconf 89' lang='lat' dir='ltr'>si</span> <span class='ocrx_word' id='word_1_306' title='bbox 1972 1637 2019 1680; x_wconf 89' lang='lat' dir='ltr'>in</span> 
     </span>
     <span class='ocr_line' id='line_1_57' title="bbox 1148 1699 2018 1758; baseline 0.001 -15"><span class='ocrx_word' id='word_1_307' title='bbox 1148 1699 1291 1756; x_wconf 67' lang='lat' dir='ltr'>frigit,</span> <span class='ocrx_word' id='word_1_308' title='bbox 1307 1716 1387 1758; x_wconf 93' lang='lat' dir='ltr'>pro</span> <span class='ocrx_word' id='word_1_309' title='bbox 1411 1706 1546 1751; x_wconf 85' lang='lat' dir='ltr'>torret,</span> <span class='ocrx_word' id='word_1_310' title='bbox 1565 1700 1772 1744; x_wconf 87' lang='lat' dir='ltr'>eumdem</span> <span class='ocrx_word' id='word_1_311' title='bbox 1792 1717 1920 1744; x_wconf 75' lang='lat' dir='ltr'>usum</span> <span class='ocrx_word' id='word_1_312' title='bbox 1935 1701 2018 1744; x_wconf 92' lang='lat' dir='ltr'>ob-</span> 
     </span>
     <span class='ocr_line' id='line_1_58' title="bbox 1163 1766 2018 1824; baseline 0.002 -14"><span class='ocrx_word' id='word_1_313' title='bbox 1163 1767 1305 1810; x_wconf 88' lang='lat' dir='ltr'>tinere</span> <span class='ocrx_word' id='word_1_314' title='bbox 1339 1766 1541 1824; x_wconf 87' lang='lat' dir='ltr'>opinatus</span> <span class='ocrx_word' id='word_1_315' title='bbox 1568 1774 1692 1810; x_wconf 80' lang='lat' dir='ltr'>esset.</span> <span class='ocrx_word' id='word_1_316' title='bbox 1714 1789 1769 1799; x_wconf 93' lang='lat'>—</span> <span class='ocrx_word' id='word_1_317' title='bbox 1788 1767 2018 1824; x_wconf 86' lang='lat' dir='ltr'>Superiori</span> 
     </span>
     <span class='ocr_line' id='line_1_59' title="bbox 1163 1833 2018 1889; baseline 0.002 -16"><span class='ocrx_word' id='word_1_318' title='bbox 1163 1847 1290 1874; x_wconf 83' lang='lat' dir='ltr'>versu</span> <span class='ocrx_word' id='word_1_319' title='bbox 1330 1847 1411 1888; x_wconf 91' lang='lat' dir='ltr'>pro</span> <span class='ocrx_word' id='word_1_320' title='bbox 1428 1864 1441 1885; x_wconf 96' lang='lat'>,</span> <span class='ocrx_word' id='word_1_321' title='bbox 1476 1833 1634 1874; x_wconf 77' lang='lat' dir='ltr'>nudare</span> <span class='ocrx_word' id='word_1_322' title='bbox 1664 1833 1834 1886; x_wconf 78' lang='lat' dir='ltr'>lupinos</span> <span class='ocrx_word' id='word_1_323' title='bbox 1851 1865 1862 1881; x_wconf 84' lang='lat'><strong>‚</strong></span> <span class='ocrx_word' id='word_1_324' title='bbox 1898 1833 2018 1889; x_wconf 88' lang='lat' dir='ltr'>quod</span> 
     </span>
     <span class='ocr_line' id='line_1_60' title="bbox 1164 1899 2018 1955; baseline 0.002 -13"><span class='ocrx_word' id='word_1_325' title='bbox 1164 1899 1298 1942; x_wconf 86' lang='lat' dir='ltr'>Marii</span> <span class='ocrx_word' id='word_1_326' title='bbox 1314 1899 1438 1955; x_wconf 83' lang='lat' dir='ltr'>Nigri</span> <span class='ocrx_word' id='word_1_327' title='bbox 1460 1908 1767 1942; x_wconf 81' lang='lat' dir='ltr'>commentum</span> <span class='ocrx_word' id='word_1_328' title='bbox 1786 1908 1872 1954; x_wconf 85' lang='lat' dir='ltr'>est,</span> <span class='ocrx_word' id='word_1_329' title='bbox 1892 1903 2018 1954; x_wconf 87' lang='lat' dir='ltr'>(nam</span> 
     </span>
     <span class='ocr_line' id='line_1_61' title="bbox 1163 1964 2021 2024; baseline 0.003 -16"><span class='ocrx_word' id='word_1_330' title='bbox 1163 1964 1208 2008; x_wconf 89' lang='lat' dir='ltr'>in</span> <span class='ocrx_word' id='word_1_331' title='bbox 1231 1965 1399 2023; x_wconf 85' lang='lat' dir='ltr'>scriptis</span> <span class='ocrx_word' id='word_1_332' title='bbox 1419 1968 1578 2009; x_wconf 79' lang='lat' dir='ltr'>nudare</span> <span class='ocrx_word' id='word_1_333' title='bbox 1596 1982 1812 2022; x_wconf 72' lang='lat' dir='ltr'>nusquam</span> <span class='ocrx_word' id='word_1_334' title='bbox 1837 1983 2021 2024; x_wconf 87' lang='lat' dir='ltr'>compa-</span> 
     </span>
     <span class='ocr_line' id='line_1_62' title="bbox 1163 2029 2018 2087; baseline 0.004 -14"><span class='ocrx_word' id='word_1_335' title='bbox 1163 2038 1253 2084; x_wconf 88' lang='lat' dir='ltr'>ret,</span> <span class='ocrx_word' id='word_1_336' title='bbox 1277 2029 1481 2086; x_wconf 89' lang='lat' dir='ltr'>quicquid</span> <span class='ocrx_word' id='word_1_337' title='bbox 1503 2029 1572 2073; x_wconf 87' lang='lat' dir='ltr'>ille</span> <span class='ocrx_word' id='word_1_338' title='bbox 1595 2029 1649 2073; x_wconf 88' lang='lat' dir='ltr'>de</span> <span class='ocrx_word' id='word_1_339' title='bbox 1670 2030 1757 2074; x_wconf 83' lang='lat' dir='ltr'>suis</span> <span class='ocrx_word' id='word_1_340' title='bbox 1786 2030 2018 2087; x_wconf 79' lang='lat' dir='ltr'>adfirmet,</span> 
     </span>
     <span class='ocr_line' id='line_1_63' title="bbox 1164 2094 2020 2152; baseline 0.004 -14"><span class='ocrx_word' id='word_1_341' title='bbox 1164 2095 1407 2152; x_wconf 89' lang='lat' dir='ltr'>probetque</span> <span class='ocrx_word' id='word_1_342' title='bbox 1423 2094 1653 2149; x_wconf 74' lang='lat' dir='ltr'>Ciosanus)</span> <span class='ocrx_word' id='word_1_343' title='bbox 1668 2096 1807 2152; x_wconf 88' lang='lat' dir='ltr'>prima</span> <span class='ocrx_word' id='word_1_344' title='bbox 1822 2096 1957 2140; x_wconf 86' lang='lat' dir='ltr'>editio</span> <span class='ocrx_word' id='word_1_345' title='bbox 1973 2107 2020 2141; x_wconf 85' lang='lat' dir='ltr'>et</span> 
     </span>
     <span class='ocr_line' id='line_1_64' title="bbox 1165 2159 2018 2217; baseline 0.004 -14"><span class='ocrx_word' id='word_1_346' title='bbox 1165 2167 1252 2203; x_wconf 84' lang='lat' dir='ltr'>tres</span> <span class='ocrx_word' id='word_1_347' title='bbox 1274 2159 1450 2216; x_wconf 88' lang='lat' dir='ltr'>scripti,</span> <span class='ocrx_word' id='word_1_348' title='bbox 1464 2162 1657 2214; x_wconf 77' lang='lat' dir='ltr'>prebere.</span> <span class='ocrx_word' id='word_1_349' title='bbox 1681 2160 1847 2203; x_wconf 68' lang='lat' dir='ltr'>Mon-eti</span> <span class='ocrx_word' id='word_1_350' title='bbox 1866 2162 2018 2217; x_wconf 83' lang='lat' dir='ltr'>codex,</span> 
     </span>
     <span class='ocr_line' id='line_1_65' title="bbox 1157 2223 2022 2278; baseline 0.005 -13"><span class='ocrx_word' id='word_1_351' title='bbox 1157 2226 1318 2278; x_wconf 84' lang='lat' dir='ltr'>pallere</span> <span class='ocrx_word' id='word_1_352' title='bbox 1348 2232 1394 2266; x_wconf 90' lang='lat' dir='ltr'>et</span> <span class='ocrx_word' id='word_1_353' title='bbox 1414 2239 1487 2266; x_wconf 86' lang='lat' dir='ltr'>sex</span> <span class='ocrx_word' id='word_1_354' title='bbox 1509 2223 1591 2266; x_wconf 86' lang='lat' dir='ltr'>alii.</span> <span class='ocrx_word' id='word_1_355' title='bbox 1627 2223 1944 2268; x_wconf 83' lang='lat' dir='ltr'>Ambrosianus</span> <span class='ocrx_word' id='word_1_356' title='bbox 1976 2235 2022 2269; x_wconf 89' lang='lat' dir='ltr'>et</span> 
     </span>
     <span class='ocr_line' id='line_1_66' title="bbox 1167 2287 2018 2346; baseline 0.004 -16"><span class='ocrx_word' id='word_1_357' title='bbox 1167 2287 1582 2342; x_wconf 79' lang='lat' dir='ltr'>Helmaestadiensis,</span> <span class='ocrx_word' id='word_1_358' title='bbox 1597 2293 1760 2331; x_wconf 77' lang='lat' dir='ltr'>torrere.</span> <span class='ocrx_word' id='word_1_359' title='bbox 1771 2289 2018 2346; x_wconf 87' lang='lat' dir='ltr'>Fuitquum</span> 
     </span>
     <span class='ocr_line' id='line_1_67' title="bbox 1158 2351 2018 2410; baseline 0.005 -16"><span class='ocrx_word' id='word_1_360' title='bbox 1158 2356 1283 2407; x_wconf 79' lang='lat' dir='ltr'>pinse</span> <span class='ocrx_word' id='word_1_361' title='bbox 1289 2353 1429 2408; x_wconf 85' lang='lat' dir='ltr'>fabas</span> <span class='ocrx_word' id='word_1_362' title='bbox 1450 2351 1686 2410; x_wconf 85' lang='lat' dir='ltr'>legendum</span> <span class='ocrx_word' id='word_1_363' title='bbox 1708 2353 2018 2398; x_wconf 83' lang='lat' dir='ltr'>existimarem.</span> 
     </span>
    </p>

    <p class='ocr_par' dir='ltr' id='par_1_14' title="bbox 1165 2418 2021 2526">
     <span class='ocr_line' id='line_1_68' title="bbox 1223 2418 2021 2476; baseline 0.009 -16"><span class='ocrx_word' id='word_1_364' title='bbox 1223 2434 1287 2475; x_wconf 88' lang='lat'>7¹·</span> <span class='ocrx_word' id='word_1_365' title='bbox 1305 2420 1487 2462; x_wconf 84' lang='lat' dir='ltr'>Habeat.</span> <span class='ocrx_word' id='word_1_366' title='bbox 1509 2418 1628 2476; x_wconf 85' lang='lat' dir='ltr'>Lego</span> <span class='ocrx_word' id='word_1_367' title='bbox 1641 2452 1653 2474; x_wconf 91' lang='lat'>,</span> <span class='ocrx_word' id='word_1_368' title='bbox 1668 2421 1873 2472; x_wconf 78' lang='lat' dir='ltr'>habeant,</span> <span class='ocrx_word' id='word_1_369' title='bbox 1892 2431 1941 2465; x_wconf 88' lang='lat' dir='ltr'>ut</span> <span class='ocrx_word' id='word_1_370' title='bbox 1955 2431 2021 2467; x_wconf 86' lang='lat' dir='ltr'>est</span> 
     </span>
     <span class='ocr_line' id='line_1_69' title="bbox 1165 2482 1606 2526; baseline 0.005 -2"><span class='ocrx_word' id='word_1_371' title='bbox 1165 2490 1290 2525; x_wconf 83' lang='lat' dir='ltr'>vetus</span> <span class='ocrx_word' id='word_1_372' title='bbox 1311 2482 1451 2526; x_wconf 87' lang='lat' dir='ltr'>lectio.</span> <span class='ocrx_word' id='word_1_373' title='bbox 1474 2483 1606 2526; x_wconf 64' lang='lat' dir='ltr'>Man.</span> 
     </span>
    </p>

    <p class='ocr_par' dir='ltr' id='par_1_15' title="bbox 1165 2548 2021 2671">
     <span class='ocr_line' id='line_1_70' title="bbox 1223 2548 2021 2605; baseline 0.006 -16"><span class='ocrx_word' id='word_1_374' title='bbox 1223 2564 1244 2604; x_wconf 90' lang='lat'><strong>7</strong></span> <span class='ocrx_word' id='word_1_375' title='bbox 1250 2564 1288 2590; x_wconf 82' lang='lat'>2.</span> <span class='ocrx_word' id='word_1_376' title='bbox 1304 2548 1488 2605; x_wconf 81' lang='lat' dir='ltr'>Utraque</span> <span class='ocrx_word' id='word_1_377' title='bbox 1497 2550 1557 2591; x_wconf 87' lang='lat' dir='ltr'>da</span> <span class='ocrx_word' id='word_1_378' title='bbox 1566 2553 1697 2604; x_wconf 48' lang='lat' dir='ltr'>myris</span> <span class='ocrx_word' id='word_1_379' title='bbox 1705 2553 2021 2594; x_wconf 80' lang='lat' dir='ltr'>comminuenda</span> 
     </span>
     <span class='ocr_line' id='line_1_71' title="bbox 1165 2611 2018 2671; baseline 0.007 -17"><span class='ocrx_word' id='word_1_380' title='bbox 1165 2614 1301 2655; x_wconf 68' lang='lat' dir='ltr'>molis.</span> <span class='ocrx_word' id='word_1_381' title='bbox 1325 2611 1466 2656; x_wconf 86' lang='lat' dir='ltr'>Vetus</span> <span class='ocrx_word' id='word_1_382' title='bbox 1487 2613 1614 2656; x_wconf 88' lang='lat' dir='ltr'>lectio</span> <span class='ocrx_word' id='word_1_383' title='bbox 1634 2623 1722 2669; x_wconf 89' lang='lat' dir='ltr'>est,</span> <span class='ocrx_word' id='word_1_384' title='bbox 1751 2618 1810 2658; x_wconf 77' lang='lat' dir='ltr'>da</span> <span class='ocrx_word' id='word_1_385' title='bbox 1822 2630 1839 2668; x_wconf 89' lang='lat'>‚·</span> <span class='ocrx_word' id='word_1_386' title='bbox 1863 2616 1906 2658; x_wconf 91' lang='lat' dir='ltr'>id</span> <span class='ocrx_word' id='word_1_387' title='bbox 1927 2625 1992 2660; x_wconf 86' lang='lat' dir='ltr'>est</span> <span class='ocrx_word' id='word_1_388' title='bbox 2005 2650 2018 2671; x_wconf 95' lang='lat'>,</span> 
     </span>
    </p>
   </div>
   <div class='ocr_carea' id='block_1_11' title="bbox 1088 2676 2021 2736">
    <p class='ocr_par' dir='ltr' id='par_1_16' title="bbox 1088 2676 2021 2736">
     <span class='ocr_line' id='line_1_72' title="bbox 1088 2676 2021 2736; baseline 0.004 -17"><span class='ocrx_word' id='word_1_389' title='bbox 1088 2687 1094 2693; x_wconf 82' lang='grc'><em>“</em></span> <span class='ocrx_word' id='word_1_390' title='bbox 1168 2676 1470 2734; x_wconf 66' lang='lat' dir='ltr'>praebe-RIAR.</span> <span class='ocrx_word' id='word_1_391' title='bbox 1493 2679 1868 2736; x_wconf 67' lang='lat' dir='ltr'>Aiius,detnigr125.</span> <span class='ocrx_word' id='word_1_392' title='bbox 1888 2682 2021 2736; x_wconf 91' lang='lat' dir='ltr'>Puto,</span> 
     </span>
    </p>
   </div>
   <div class='ocr_carea' id='block_1_12' title="bbox 1165 2745 2025 2867">
    <p class='ocr_par' dir='ltr' id='par_1_17' title="bbox 1165 2745 2025 2867">
     <span class='ocr_line' id='line_1_73' title="bbox 1165 2745 2025 2802; baseline 0.006 -17"><span class='ocrx_word' id='word_1_393' title='bbox 1165 2745 1332 2786; x_wconf 81' lang='lat' dir='ltr'>scabris</span> <span class='ocrx_word' id='word_1_394' title='bbox 1354 2746 1478 2786; x_wconf 77' lang='lat' dir='ltr'>molis</span> <span class='ocrx_word' id='word_1_395' title='bbox 1491 2777 1502 2794; x_wconf 91' lang='lat'>,</span> <span class='ocrx_word' id='word_1_396' title='bbox 1531 2752 1581 2787; x_wconf 92' lang='lat' dir='ltr'>ut</span> <span class='ocrx_word' id='word_1_397' title='bbox 1595 2761 1749 2801; x_wconf 85' lang='lat' dir='ltr'>supra,</span> <span class='ocrx_word' id='word_1_398' title='bbox 1773 2747 2025 2802; x_wconf 80' lang='lat' dir='ltr'>Lentajube</span> 
     </span>
     <span class='ocr_line' id='line_1_74' title="bbox 1165 2811 2023 2867; baseline 0.003 -14"><span class='ocrx_word' id='word_1_399' title='bbox 1165 2814 1321 2853; x_wconf 87' lang='lat' dir='ltr'>scabra</span> <span class='ocrx_word' id='word_1_400' title='bbox 1326 2811 1513 2867; x_wconf 72' lang='lat' dir='ltr'>frangat</span> <span class='ocrx_word' id='word_1_401' title='bbox 1527 2814 1667 2853; x_wconf 87' lang='lat' dir='ltr'>asella</span> <span class='ocrx_word' id='word_1_402' title='bbox 1680 2815 1816 2855; x_wconf 85' lang='lat' dir='ltr'>mola:</span> <span class='ocrx_word' id='word_1_403' title='bbox 1829 2813 1902 2856; x_wconf 88' lang='lat' dir='ltr'>ubi</span> <span class='ocrx_word' id='word_1_404' title='bbox 1915 2813 2023 2856; x_wconf 89' lang='lat' dir='ltr'>Mo-</span> 
     </span>
    </p>
   </div>
   <div class='ocr_carea' id='block_1_13' title="bbox 1166 2877 1993 2995">
    <p class='ocr_par' dir='ltr' id='par_1_18' title="bbox 1166 2877 1993 2995">
     <span class='ocr_line' id='line_1_75' title="bbox 1166 2877 1993 2937; baseline 0.005 -18"><span class='ocrx_word' id='word_1_405' title='bbox 1166 2877 1249 2920; x_wconf 86' lang='lat' dir='ltr'>reti</span> <span class='ocrx_word' id='word_1_406' title='bbox 1275 2877 1434 2932; x_wconf 85' lang='lat' dir='ltr'>codex,</span> <span class='ocrx_word' id='word_1_407' title='bbox 1452 2880 1624 2920; x_wconf 80' lang='lat' dir='ltr'>scribta.</span> <span class='ocrx_word' id='word_1_408' title='bbox 1648 2878 1802 2921; x_wconf 84' lang='lat' dir='ltr'>Posset</span> <span class='ocrx_word' id='word_1_409' title='bbox 1821 2887 1867 2922; x_wconf 88' lang='lat' dir='ltr'>et</span> <span class='ocrx_word' id='word_1_410' title='bbox 1884 2878 1993 2937; x_wconf 83' lang='lat' dir='ltr'>legi:</span> 
     </span>
     <span class='ocr_line' id='line_1_76' title="bbox 1207 2946 1919 2995; baseline 0.003 -19"><span class='ocrx_word' id='word_1_411' title='bbox 1207 2946 1358 2987; x_wconf 71' lang='lat' dir='ltr'>Utraque</span> <span class='ocrx_word' id='word_1_412' title='bbox 1369 2946 1517 2987; x_wconf 74' lang='lat' dir='ltr'>puniceis</span> <span class='ocrx_word' id='word_1_413' title='bbox 1532 2953 1608 2976; x_wconf 82' lang='lat' dir='ltr'>sunt</span> <span class='ocrx_word' id='word_1_414' title='bbox 1621 2947 1799 2995; x_wconf 64' lang='lat' dir='ltr'>minuenda</span> <span class='ocrx_word' id='word_1_415' title='bbox 1811 2948 1919 2978; x_wconf 78' lang='lat' dir='ltr'>molis.</span> 
     </span>
    </p>
   </div>
   <div class='ocr_carea' id='block_1_14' title="bbox 1166 3006 2024 3515">
    <p class='ocr_par' dir='ltr' id='par_1_19' title="bbox 1166 3006 2024 3515">
     <span class='ocr_line' id='line_1_77' title="bbox 1167 3006 2021 3060; baseline 0.007 -12"><span class='ocrx_word' id='word_1_416' title='bbox 1167 3006 1282 3060; x_wconf 89' lang='lat' dir='ltr'>Vel,</span> <span class='ocrx_word' id='word_1_417' title='bbox 1304 3009 1362 3048; x_wconf 85' lang='lat' dir='ltr'>da</span> <span class='ocrx_word' id='word_1_418' title='bbox 1380 3009 1604 3050; x_wconf 84' lang='lat' dir='ltr'>minuenda</span> <span class='ocrx_word' id='word_1_419' title='bbox 1618 3023 1631 3049; x_wconf 85' lang='grc'>.’</span> <span class='ocrx_word' id='word_1_420' title='bbox 1650 3007 1725 3051; x_wconf 81' lang='lat' dir='ltr'>sed</span> <span class='ocrx_word' id='word_1_421' title='bbox 1747 3007 1831 3051; x_wconf 91' lang='lat' dir='ltr'>hoc</span> <span class='ocrx_word' id='word_1_422' title='bbox 1861 3025 1887 3052; x_wconf 85' lang='lat' dir='ltr'>a</span> <span class='ocrx_word' id='word_1_423' title='bbox 1914 3010 2021 3053; x_wconf 88' lang='lat' dir='ltr'>vul—</span> 
     </span>
     <span class='ocr_line' id='line_1_78' title="bbox 1169 3071 2015 3130; baseline 0.006 -17"><span class='ocrx_word' id='word_1_424' title='bbox 1169 3080 1266 3128; x_wconf 86' lang='lat' dir='ltr'>gata</span> <span class='ocrx_word' id='word_1_425' title='bbox 1290 3071 1475 3114; x_wconf 87' lang='lat' dir='ltr'>lectione</span> <span class='ocrx_word' id='word_1_426' title='bbox 1504 3071 1674 3128; x_wconf 87' lang='lat' dir='ltr'>longius</span> <span class='ocrx_word' id='word_1_427' title='bbox 1697 3073 1796 3116; x_wconf 89' lang='lat' dir='ltr'>abit.</span> <span class='ocrx_word' id='word_1_428' title='bbox 1826 3073 2015 3130; x_wconf 79' lang='lat' dir='ltr'>Melius,</span> 
     </span>
     <span class='ocr_line' id='line_1_79' title="bbox 1166 3139 2024 3191; baseline 0.006 -13"><span class='ocrx_word' id='word_1_429' title='bbox 1166 3139 1225 3179; x_wconf 87' lang='lat' dir='ltr'>da</span> <span class='ocrx_word' id='word_1_430' title='bbox 1241 3140 1376 3191; x_wconf 73' lang='lat' dir='ltr'>pigris·</span> <span class='ocrx_word' id='word_1_431' title='bbox 1395 3141 1710 3180; x_wconf 78' lang='lat' dir='ltr'>comminuenda</span> <span class='ocrx_word' id='word_1_432' title='bbox 1723 3142 1859 3181; x_wconf 80' lang='lat' dir='ltr'>molis.</span> <span class='ocrx_word' id='word_1_433' title='bbox 1879 3141 2024 3183; x_wconf 82' lang='lat' dir='ltr'>Libris</span> 
     </span>
     <span class='ocr_line' id='line_1_80' title="bbox 1168 3201 2022 3258; baseline 0.005 -14"><span class='ocrx_word' id='word_1_434' title='bbox 1168 3210 1231 3244; x_wconf 89' lang='lat' dir='ltr'>est</span> <span class='ocrx_word' id='word_1_435' title='bbox 1254 3201 1302 3243; x_wconf 89' lang='lat' dir='ltr'>in</span> <span class='ocrx_word' id='word_1_436' title='bbox 1325 3201 1536 3244; x_wconf 88' lang='lat' dir='ltr'>Patavino</span> <span class='ocrx_word' id='word_1_437' title='bbox 1553 3218 1563 3244; x_wconf 88' lang='lat'>:</span> <span class='ocrx_word' id='word_1_438' title='bbox 1578 3207 1727 3258; x_wconf 64' lang='lat' dir='ltr'>ptgrras</span> <span class='ocrx_word' id='word_1_439' title='bbox 1744 3213 1891 3247; x_wconf 85' lang='lat' dir='ltr'>autem</span> <span class='ocrx_word' id='word_1_440' title='bbox 1911 3221 2022 3248; x_wconf 90' lang='lat' dir='ltr'>mo-</span> 
     </span>
     <span class='ocr_line' id='line_1_81' title="bbox 1168 3265 2024 3325; baseline 0.006 -18"><span class='ocrx_word' id='word_1_441' title='bbox 1168 3266 1228 3308; x_wconf 86' lang='lat' dir='ltr'>las</span> <span class='ocrx_word' id='word_1_442' title='bbox 1243 3275 1423 3322; x_wconf 86' lang='lat' dir='ltr'>propter</span> <span class='ocrx_word' id='word_1_443' title='bbox 1436 3265 1615 3308; x_wconf 84' lang='lat' dir='ltr'>asellum</span> <span class='ocrx_word' id='word_1_444' title='bbox 1630 3283 1639 3310; x_wconf 91' lang='lat'>:</span> <span class='ocrx_word' id='word_1_445' title='bbox 1654 3283 1735 3324; x_wconf 89' lang='lat' dir='ltr'>pro</span> <span class='ocrx_word' id='word_1_446' title='bbox 1747 3274 1933 3325; x_wconf 81' lang='lat' dir='ltr'>utraque,</span> <span class='ocrx_word' id='word_1_447' title='bbox 1950 3286 2024 3313; x_wconf 83' lang='lat' dir='ltr'>ve-</span> 
     </span>
     <span class='ocr_line' id='line_1_82' title="bbox 1169 3330 2022 3389; baseline 0.006 -17"><span class='ocrx_word' id='word_1_448' title='bbox 1169 3339 1293 3373; x_wconf 84' lang='lat' dir='ltr'>tustae</span> <span class='ocrx_word' id='word_1_449' title='bbox 1315 3330 1530 3374; x_wconf 83' lang='lat' dir='ltr'>editiones</span> <span class='ocrx_word' id='word_1_450' title='bbox 1549 3340 1592 3374; x_wconf 86' lang='lat' dir='ltr'>et</span> <span class='ocrx_word' id='word_1_451' title='bbox 1614 3331 1703 3375; x_wconf 91' lang='lat' dir='ltr'>duo</span> <span class='ocrx_word' id='word_1_452' title='bbox 1725 3333 1895 3389; x_wconf 87' lang='lat' dir='ltr'>scripti,</span> <span class='ocrx_word' id='word_1_453' title='bbox 1911 3335 2022 3377; x_wconf 71' lang='lat' dir='ltr'>lec-</span> 
     </span>
     <span class='ocr_line' id='line_1_83' title="bbox 1167 3397 2023 3452; baseline 0.006 -16"><span class='ocrx_word' id='word_1_454' title='bbox 1167 3400 1316 3449; x_wconf 77' lang='lat' dir='ltr'>taque3</span> <span class='ocrx_word' id='word_1_455' title='bbox 1339 3410 1398 3436; x_wconf 92' lang='lat' dir='ltr'>un</span> <span class='ocrx_word' id='word_1_456' title='bbox 1405 3411 1452 3437; x_wconf 92' lang='lat' dir='ltr'>us</span> <span class='ocrx_word' id='word_1_457' title='bbox 1468 3427 1480 3449; x_wconf 92' lang='lat'>,</span> <span class='ocrx_word' id='word_1_458' title='bbox 1505 3397 1699 3452; x_wconf 82' lang='lat' dir='ltr'>Letaque.</span> <span class='ocrx_word' id='word_1_459' title='bbox 1717 3397 1850 3440; x_wconf 85' lang='lat' dir='ltr'>Forte</span> <span class='ocrx_word' id='word_1_460' title='bbox 1865 3431 1877 3450; x_wconf 90' lang='lat'>,</span> <span class='ocrx_word' id='word_1_461' title='bbox 1898 3401 2023 3441; x_wconf 78' lang='lat' dir='ltr'>Fric—</span> 
     </span>
     <span class='ocr_line' id='line_1_84' title="bbox 1170 3459 1500 3515; baseline 0 -14"><span class='ocrx_word' id='word_1_462' title='bbox 1170 3465 1307 3515; x_wconf 76' lang='lat' dir='ltr'>taque.</span> <span class='ocrx_word' id='word_1_463' title='bbox 1329 3459 1500 3504; x_wconf 41' lang='lat' dir='ltr'>Hssmsf</span> 
     </span>
    </p>
   </div>
   <div class='ocr_carea' id='block_1_15' title="bbox 1724 3577 1798 3631">
    <p class='ocr_par' dir='ltr' id='par_1_20' title="bbox 1724 3577 1798 3631">
     <span class='ocr_line' id='line_1_85' title="bbox 1724 3577 1798 3631; baseline 0 0"><span class='ocrx_word' id='word_1_464' title='bbox 1724 3577 1798 3631; x_wconf 79' lang='lat'>29</span> 
     </span>
    </p>
   </div>
  </div>
 </body>
</html>
