2268 3776
258 307 365 376 234

724 311 789 362 P.
833 310 1128 366 ov1D11
1165 275 1538 369 NASONIS

339 426 566 503 Cogeris
595 426 711 485 voti
733 428 949 489 nescius
980 452 1095 490 esse
1127 431 1224 489 tui.

256 523 364 581 Seu
393 538 445 581 te
472 523 612 583 forte
633 524 786 604 juvat
812 549 931 586 sera
958 541 1015 587 et
1040 527 1343 608 sapientior
1363 543 1524 600 aetas;
1967 550 2021 591 65

340 621 462 679 Hoc
490 645 742 703 quoque,
774 623 931 683 crede
959 624 1127 695 mihi,
1159 623 1377 706 plenius
1407 649 1600 704 agmen
1630 627 1747 686 erit.

255 716 341 774 Tu
364 715 532 774 modo
563 716 825 800 Pompeia
854 717 1036 779 lentus
1067 720 1303 801 spatiare
1333 721 1438 780 sub
1466 722 1660 782 umbra
1679 769 1692 793 ‚

338 814 529 891 Quum
559 813 644 873 sol
675 815 934 876 Herculei
961 831 1111 894 terga
1137 815 1313 876 leonis
1340 816 1487 876 adit:

256 913 373 972 Aut
403 915 500 974 ubi
529 916 852 977 muneribus
881 918 997 978 nati
1027 942 1126 978 sua
1152 942 1380 978 munera
1406 933 1580 979 mater

338 1016 597 1091 Addidit,
630 1034 854 1080 externo
884 1044 1153 1081 marmore
1184 1021 1334 1091 dives
1365 1044 1524 1105 opus.
1975 1055 2026 1096 70

256 1119 370 1178 Nec
400 1119 503 1179 tibi
532 1121 761 1196 vitetur,
797 1147 942 1206 quae,
974 1123 1170 1206 priscis
1195 1147 1387 1207 ‘sparsa
1412 1121 1630 1183 tabellis
1648 1124 1690 1195 ‚''

261 1282 640 1330 Commelinianus
675 1288 809 1331 codex
840 1305 931 1332 non
959 1291 1099 1346 male,

247 1351 423 1405 juvenes
448 1356 530 1395 tibi
552 1357 665 1397 mille
688 1360 894 1410 patebunt
911 1359 1101 1414 :patebit

260 1415 336 1458 tibi
357 1416 495 1460 aditus
513 1418 565 1462 ad
586 1419 703 1462 mille
724 1420 918 1476 juvenes.

311 1481 378 1523 66.
424 1484 611 1526 Crebrius
636 1499 782 1540 agmen
810 1491 897 1530 erz'L
931 1490 1102 1531 Plenius

257 1545 439 1589 meliora
452 1549 732 1605 exemplaria:
752 1550 882 1606 idque
898 1561 1102 1594 constan-

259 1619 325 1652 ter
335 1619 378 1652 et
389 1620 518 1655 recte.
531 1612 598 1655 El.
608 1613 654 1656 in
666 1613 863 1658 Drusum
881 1634 896 1658 1
909 1634 924 1659 1
934 1633 953 1672 7
967 1649 978 1670 ‚
986 1620 1109 1670 pleni

258 1679 437 1734 zephyri.
475 1680 646 1721 Plenum
665 1697 811 1735 agmen
840 1682 960 1724 enim
984 1682 1103 1725 idem

259 1751 337 1795 est,
352 1743 466 1799 quod
481 1747 651 1787 densum
661 1745 778 1799 dixit,
795 1748 982 1804 Ep.XVI,
1001 1750 1076 1792 183
1092 1766 1101 1792 :

258 1807 317 1848 ita
329 1810 495 1861 plenum
510 1814 750 1862 convivium,
770 1811 982 1855 Suetonio
995 1812 1105 1857 Caes.

259 1875 338 1931 49,
364 1883 415 1922 ‚et
444 1875 541 1918 alibi
562 1892 571 1918 :
594 1877 709 1932 quod
734 1879 880 1921 nescio
908 1896 959 1921 an
986 1890 1103 1922 recte

259 1944 470 1994 copiosum
485 1950 705 1997 exponant
713 1942 791 1984 viri
808 1943 950 1996 docti,
966 1959 1104 1999 quum

259 2005 415 2048 melius
446 2005 499 2049 de
540 2005 824 2050 convivarum
858 2010 1105 2065 frequentia
1135 2011 1137 2013 ’

260 2071 523 2127 capiendum
550 2072 749 2116 videatur
765 2090 774 2116 :
804 2073 889 2116 vid.
921 2074 974 2116 ad
1009 2075 1105 2117 Pe-

263 2144 378 2180 tron.
399 2153 489 2193 cap.
510 2150 639 2180 xun.
658 2139 822 2182 Bunm.

314 2202 380 2260 67.
408 2205 451 2244 T
444 2220 472 2246 u
493 2207 614 2246 modo
636 2206 835 2260 Pompeia
851 2208 986 2248 lentus
1003 2221 1107 2260 spa·-

260 2272 365 2310 lc'are
373 2272 452 2311 sub
461 2273 618 2312 umbra.
633 2270 950 2327 Pompeianam
959 2271 1083 2314 Porti
1093 2295 1107 2302 -

261 2349 363 2376 cum
371 2332 582 2392 designat,
596 2351 693 2392 quae
700 2335 981 2379 celeberrima
990 2334 1109 2378 inter

262 2400 378 2443 urbis
396 2410 688 2444 monumenta
708 2401 1079 2444 admunerabatur
1093 2434 1105 2455 ‚

262 2479 338 2506 seu
354 2467 495 2520 operis
514 2466 644 2522 ipsius
660 2465 984 2524 magnificentia
1000 2499 1011 2520 ,
1030 2482 1108 2508 seu

264 2530 514 2573 amoenitate
553 2531 635 2574 loci
653 2565 664 2586 ,
708 2541 753 2574 et
785 2531 954 2587 frigoris
989 2528 1107 2587 quod

262 2594 322 2637 ibi
342 2596 592 2651 captabatur
608 2630 619 2651 ,
644 2597 752 2638 dum
772 2606 891 2640 aestas
913 2599 1106 2652 fureret,

265 2661 603 2717 opportunitate.
629 2662 818 2705 Platanis
828 2663 985 2719 quippe
993 2663 1110 2706 cinc-

262 2733 306 2767 ta
319 2735 428 2780 erat,
444 2735 488 2769 et
498 2727 618 2782 aquis
631 2736 843 2784 perpetuo
862 2727 1109 2770 salientibus

265 2800 470 2834 recreata.
488 2791 590 2835 Fuit
603 2802 750 2835 autem
763 2796 898 2850 prope
910 2792 1110 2849 Pompeii

266 2857 536 2911 Theatrum;
563 2859 639 2914 qui
653 2874 753 2902 mos
775 2859 822 2901 in
842 2857 1110 2902 exstruendis

266 2924 500 2980 porticibus
525 2925 655 2981 vulgo
677 2925 927 2968 servabatur
945 2958 956 2979 ,
993 2932 1042 2966 ut
1076 2923 1112 2966 si

264 2990 379 3033 forte
395 3021 405 3043 ‚
418 2989 526 3034 dum
540 2999 741 3047 ageretur
754 2990 896 3032 sabula
911 3022 922 3043 ,
935 2989 1111 3032 nimbus

265 3054 419 3109 fieret,
453 3064 563 3098 esset
582 3055 872 3111 spectantibus
905 3069 992 3110 quo
1020 3069 1112 3096 sese

266 3120 524 3176 reciperent.
565 3119 703 3163 Suam
733 3129 943 3177 praeterea
965 3120 1112 3175 porti-

267 3203 370 3230 cum
383 3186 601 3231 habebant
612 3187 747 3231 AEdes
761 3203 905 3241 sacrae,
916 3187 1113 3228 virorum

266 3250 499 3294 illustrium
521 3251 677 3295 domus
691 3285 702 3307 ,
729 3261 773 3295 et
795 3251 964 3309 publica
985 3266 1113 3307 quae-

272 3333 355 3372 que
379 3317 571 3362 aedificia.

322 3380 389 3439 69.
406 3382 499 3424 Aut
509 3386 825 3426 ubz’munert'bus
840 3387 1018 3426 nall'sua
1030 3398 1114 3424 mu-

271 3459 367 3491 nera
381 3452 513 3489 malet·
524 3448 716 3491 Addidit.
736 3447 980 3490 Theatrum
997 3446 1049 3489 M
1053 3462 1115 3488 ar-

1183 1288 1278 1331 celli
1294 1321 1306 1342 ,
1340 1297 1385 1331 et
1405 1288 1524 1344 juxta
1541 1286 1625 1330 hoc
1642 1286 1860 1343 porticum
1884 1287 2027 1330 Octa-

1182 1355 1261 1397 viae
1277 1387 1288 1409 ,
1328 1363 1401 1397 aut
1424 1363 1540 1398 certe
1564 1353 1879 1398 Bibliothecam
1903 1354 2028 1410 ejus-

1183 1417 1286 1462 dem
1295 1418 1476 1461 nomine
1490 1418 1765 1473 celebratam,
1787 1417 2027 1475 intelligere

1181 1485 1355 1529 videtur
1373 1501 1383 1528 :
1405 1500 1595 1542 quorum
1617 1485 1762 1540 priora
1783 1484 1872 1527 duo
1890 1484 2029 1527 aedifi-

1182 1552 1245 1595 cia
1260 1585 1272 1606 ,
1298 1561 1345 1595 nt
1369 1560 1412 1595 et
1431 1551 1667 1606 Suetonius
1697 1554 1900 1605 testatur,
1924 1549 2029 1592 Au·-

1185 1627 1330 1675 gustus
1342 1619 1421 1661 sub
1439 1618 1612 1660 illorum
1631 1617 1882 1660 nominibus
1896 1615 2030 1659 erexit

1185 1685 1302 1743 (erat
1314 1685 1435 1727 enim
1447 1685 1580 1728 altera
1592 1698 1731 1736 soror,
1752 1684 1859 1726 alter
1871 1682 2029 1725 sororis

1185 1751 1383 1809 ejusdem
1394 1749 1544 1808 filius);
1554 1751 1695 1795 Biblio
1701 1750 1869 1794 thecam
1881 1759 2029 1793 autem

1184 1818 1275 1875 ipsa
1290 1817 1474 1861 Octavia
1490 1817 1676 1861 instituit
1690 1851 1699 1868 ,
1719 1815 1926 1859 defuncto
1940 1815 2029 1857 filio

1186 1882 1409 1925 Marcello.
1430 1882 1602 1924 Mtcn.
1620 1906 1673 1913 —
1692 1882 1787 1923 Aul
1801 1884 1878 1923 ubi
1889 1897 2030 1923 mune-

1184 1949 1299 1988 ribus
1308 1950 1491 1989 ualletc.
1505 1945 1726 1990 «Octaviae
1734 1945 1923 2002 porticus
1934 1943 2030 1987 duae

1187 2009 1460 2067 adpellantur
1480 2043 1492 2064 ,
1526 2010 1669 2066 inquit
1693 2011 1847 2053 Festus
1866 2041 1877 2063 ,
1912 2024 2030 2065 qua—

1187 2090 1288 2116 rum
1304 2074 1485 2118 alteram
1501 2070 1695 2117 Theatro
1714 2074 1912 2117 Marcelli
1931 2088 2031 2130 pro-

1187 2138 1356 2195 piorem
1369 2138 1550 2183 Octavia
1560 2148 1685 2182 soror
1696 2138 1882 2196 Augusti
1892 2137 1970 2181 seci
1978 2146 2030 2179 t.»

1186 2204 1219 2247 J
1220 2221 1296 2247 ure
1321 2220 1425 2262 ergo
1445 2201 1603 2248 dicitur
1618 2221 1697 2247 sua
1714 2221 1883 2247 munera
1895 2237 1904 2253 ‚
1933 2219 2033 2261 por-

1187 2269 1323 2312 ticum
1335 2269 1509 2324 scilicet,
1525 2273 1623 2312 nali
1629 2272 1876 2320 muneribus,
1893 2267 1938 2310 id
1952 2276 2031 2321 est,

1189 2335 1577 2390 theatro,Marcelli
1587 2335 1872 2389 tilii‘nomine‚
1883 2335 1935 2378 ab
1947 2334 2033 2376 Au·

1190 2411 1375 2460 gusto,A.
1387 2417 1431 2447 υ.
1443 2414 1636 2452 nccxnx
1648 2400 2031 2456 dicat0‚addidisse.

1192 2467 1348 2523 Quum
1367 2466 1573 2523 incendio
1602 2466 1944 2524 conflagrasset,
1981 2465 2032 2507 ab

1190 2532 1329 2589 Impp.
1335 2517 1498 2575 Severo
1508 2539 1552 2575 et
1563 2531 1779 2595 Caracalla
1789 2531 2033 2574 restitutam

1190 2605 1372 2640 testatur
1391 2597 1545 2641 adhuc
1553 2606 1651 2675 quae
1672 2596 1810 2639 ruinis
1827 2596 2033 2667 impressa

1189 2662 1348 2720 legitur
1372 2646 1605 2719 inscriptio.

1198 2743 1202 2750 ·
1247 2742 1311 2784 70
1327 2730 1526 2771 Externa.
1544 2717 1766 2771 Palatinus
1780 2732 1823 2767 et
1840 2725 2031 2781 quinque

1192 2791 1281 2842 alii,
1304 2798 1471 2843 oetemo,
1494 2789 1611 2848 quod
1634 2789 1813 2847 quidem
1835 2790 2035 2847 explicari

1190 2866 1356 2914 posset,
1379 2865 1428 2900 ut
1440 2863 1592 2899 oeterna
1611 2859 1747 2906 basis,
1773 2854 1945 2898 Phaedr.
1966 2870 2032 2910 11,

1193 2922 1231 2963 F
1234 2922 1360 2979 pilog
1382 2921 1471 2965 Sed
1493 2922 1677 2978 praesero
1700 2929 1848 2963 tamen
1877 2920 2034 2979 vulga-

1191 2996 1282 3029 tam
1308 3019 1319 3041 ,
1373 2986 1471 3042 quia
1512 2985 1714 3042 intelligit
1751 2996 1948 3027 marmor
1986 3002 2035 3027 ex

1194 3051 1360 3094 Graecia
1377 3084 1388 3105 ,
1413 3050 1479 3093 vel
1498 3049 1635 3110 Libya
1656 3049 1862 3092 adlatum.

1249 3135 1269 3175 7
1280 3134 1294 3159 1
1303 3150 1312 3158 .
1324 3119 1410 3160 Nec
1419 3119 1502 3158 tibi
1507 3120 1755 3171 viletu'rquoe
1760 3118 1915 3171 prtkctlr
1924 3130 2038 3170 spar‘

1192 3198 1245 3224 sa
1263 3185 1433 3225 labellis
1447 3184 1640 3225 Porticus
1660 3189 1741 3223 etc.
1762 3178 1923 3222 Similis
1935 3179 2038 3221 Poe-

1194 3247 1284 3291 cilae
1324 3245 1439 3303 apud
1461 3259 1464 3264 ·
1483 3244 1792 3306 Athenienses
1816 3242 1998 3301 porticui
2023 3260 2033 3294 ;

1195 3321 1322 3355 erant
1331 3313 1388 3354 ibi
1401 3311 1715 3354 ambulationes
1725 3308 2033 3352 amoenissimae.

1196 3378 1297 3420 Vid.
1319 3377 1533 3420 Pancirol.
1555 3376 1706 3419 Descr.
1727 3375 1859 3438 Urbis
1881 3374 2033 3417 Roma:

1194 3443 1372 3500 regione
1404 3455 1494 3498 ΠΙ,
1546 3449 1588 3485 et
1620 3440 1831 3497 praecipue
1868 3437 2032 3482 Meurs.
