2268 3776
531 310 930 368 AMORUM
981 311 1106 366 ΙΙΙ.
1156 310 1401 366 ELEG.
1451 311 1564 368 IV.

1841 308 1943 386 169

763 595 1164 668 ELEGIA
1221 596 1345 666 IV.

277 910 506 944 MAMTUM
537 909 726 942 PUELLA!
755 908 948 951 Momm,
979 908 1041 940 NE
1070 906 1282 940 nxcunm·
1314 905 1484 939 CUSTOS
1516 906 1834 939 muomwlon.

165 1034 391 1121 DURE
420 1057 531 1131 vir,
559 1055 823 1140 imposito
855 1069 1054 1117 tenerae
1080 1054 1311 1116 custode
1338 1052 1562 1138 puellae,

243 1155 339 1220 Nil
368 1156 521 1236 agis:
546 1154 770 1234 ingenio
802 1177 1031 1237 quaeque
1062 1152 1266 1214 tuenda
1294 1175 1412 1213 suo.

164 1254 225 1316 Si
254 1278 389 1339 qua,
419 1267 570 1314 metu
599 1252 817 1324 demto,
849 1265 996 1313 casta
1025 1265 1140 1324 est,
1169 1275 1232 1312 ea
1262 1249 1501 1333 denique
1534 1262 1680 1309 casta
1711 1263 1826 1310 est:

202 1376 211 1384 ·
245 1352 408 1432 Quae,
440 1350 570 1434 quia
597 1373 713 1410 non
739 1348 931 1423 liceat,
963 1373 1082 1410 non
1109 1348 1272 1421 facit,
1300 1346 1393 1408 illa
1415 1347 1562 1407 facit.

163 1450 244 1509 Ut
267 1448 379 1531 jam
409 1447 637 1510 servaris
666 1448 810 1508 bene
841 1470 1043 1530 corpus
1061 1493 1075 1520 ‚
1104 1444 1352 1507 adultera
1381 1469 1538 1506 mens
1561 1459 1676 1516 est3
1927 1461 1951 1500 f·

242 1546 359 1607 Nec
390 1545 692 1618 custodiri,
718 1545 777 1605 ni
806 1543 940 1606 velit
961 1543 1081 1617 illa,
1113 1558 1318 1628 potest.

161 1638 276 1707 Nec
305 1658 544 1704 mentem
576 1667 787 1703 servare
818 1657 1006 1726 potes,
1031 1640 1162 1702 licet
1192 1640 1380 1702 omnia
1409 1639 1646 1702 claudas,

243 1739 524 1803 Omnibus
551 1738 818 1812 occlusiS‚
842 1738 995 1798 intus
1026 1736 1243 1799 adulter
1273 1737 1393 1799 erit.

161 1837 270 1899 Cui
298 1859 523 1922 peccare
549 1834 709 1909 licet,
737 1849 930 1919 peccat
951 1835 1136 1895 minus
1163 1858 1176 1894 x
1205 1834 1325 1918 ipsa
1354 1847 1604 1917 potestas

241 1934 461 1996 Semina
488 1932 748 2016 nequitiae
777 1931 1127 2012 languidiora
1154 1931 1301 1993 facit.
1905 1962 1950 1989 ι..

159 2031 395 2103 Desine,
424 2030 581 2092 crede
610 2030 778 2104 mihi,
808 2030 941 2091 vitia
971 2030 1185 2091 irritare
1214 2029 1452 2091 vetando
1478 2054 1492 2089 ε

241 2126 534 2213 Obsequio
564 2128 750 2190 vincas
779 2128 964 2212 aptius
997 2126 1093 2189 illa
1123 2143 1238 2189 tuo.

219 2328 253 2356 1.
274 2313 476 2368 Imposito
495 2314 677 2356 custode.
698 2312 744 2356 A
745 2314 912 2369 dposilo
930 2328 1012 2356 vo·-

159 2376 275 2420 lebat
296 2377 531 2432 Francius3
552 2377 629 2421 sed
649 2378 748 2421 licet
768 2393 861 2421 non
884 2378 1011 2421 obvia

162 2442 217 2485 sit
228 2441 413 2493 locutio,
436 2457 516 2499 pro
531 2442 761 2499 praeposito
774 2476 785 2494 ‚
807 2444 1011 2499 praesecto

92 2542 96 2546 .
162 2506 367 2564 regendae
387 2507 537 2560 uxori;
567 2507 628 2551 ita
651 2516 801 2550 tamen
824 2508 1012 2551 verbum

160 2571 244 2617 hoc
263 2573 378 2617 sumi
399 2573 527 2618 docet
547 2573 701 2619 Barth.
723 2573 778 2618 ad
802 2573 912 2619 Stat.
932 2589 982 2621 vl
997 2608 1011 2631 ,

161 2636 302 2682 Theb.
322 2639 417 2682 321.
438 2638 604 2684 BURM.

214 2721 253 2747 2.
280 2705 456 2759 Ingenio
474 2721 639 2762 qua-que
658 2707 814 2749 tuenda
834 2720 910 2749 suo
933 2710 1010 2749 est.

158 2764 465 2814 Pei-mittenda
488 2769 648 2814 scilieet
668 2785 852 2828 quaeque
873 2769 1010 2827 inge-

159 2833 235 2876 nio
245 2849 324 2878 suo
337 2867 350 2890 ,
366 2834 485 2891 quod
498 2851 597 2878 eam
610 2868 622 2890 ,
643 2836 679 2879 si
697 2835 871 2879 liberale
887 2843 932 2879 et
946 2835 1010 2878 in·

160 2914 356 2956 genuum
375 2931 387 2954 ,
410 2901 546 2944 tutius
568 2917 591 2944 a
612 2900 832 2958 peccando
851 2917 1009 2945 serva-

158 2963 222 3007 bit
238 2996 250 3019 ,
287 2981 420 3021 quam
448 2966 596 3024 vigiles
622 2968 838 3022 excubiae,
875 2968 1008 3012 turris

159 3027 326 3072 ahenea
345 3038 392 3073 et
413 3029 528 3082 sores
549 3031 873 3076 robustissimae.

217 3094 257 3136 3.
276 3096 329 3138 Si
340 3111 422 3151 qua
434 3129 445 3147 ‚
467 3102 576 3142 melu
593 3099 730 3140 demto
741 3132 751 3149 ,
775 3103 900 3141 casta
917 3105 1008 3151 est,

159 3175 212 3203 ea
239 3163 412 3218 denique
436 3167 560 3204 casta
587 3168 663 3205 est.
694 3163 807 3206 Eam
835 3172 1010 3207 tantum

162 3233 323 3268 castam
356 3235 402 3269 et
431 3226 635 3283 pudicam
672 3228 971 3284 praedicaveris
994 3261 1007 3285 ,

165 3305 261 3346 quae
293 3307 384 3334 non
413 3301 561 3348 peccat
582 3324 594 3346 ‚
627 3292 728 3336 licet
756 3293 886 3350 possit
914 3294 1010 3337 im-

164 3371 280 3411 pune
298 3373 490 3413 peccare.
505 3358 639 3401 Unde
657 3358 816 3402 Tibuu.
832 3359 883 3402 ad
907 3360 1009 3403 ami-

166 3435 286 3475 cam,
311 3435 375 3478 11,
403 3422 524 3480 Eleg.
547 3437 640 3479 vn,
664 3424 711 3467 81
737 3436 747 3463 ε

1092 2322 1164 2355 Neo
1179 2332 1274 2353 servo
1287 2320 1332 2352 sis
1352 2327 1439 2353 cut·
1454 2326 1543 2351 metu
1556 2331 1567 2360 3
1584 2318 1641 2351 sed
1655 2325 1763 2350 mente
1778 2317 1867 2349 fideli

1133 2383 1277 2415 Mutuus
1287 2381 1413 2414 absenti
1425 2387 1457 2412 te
1472 2380 1552 2411 mihi
1570 2386 1676 2412 semet
1685 2391 1788 2411 nmor-

1095 2444 1156 2489 Et
1173 2443 1328 2487 melius
1338 2443 1479 2486 multo
1494 2443 1627 2500 Prop'.
1648 2455 1686 2485 11
1698 2474 1710 2496 ,
1725 2441 1792 2484 ΕΙ.
1806 2455 1860 2496 v,
1875 2441 1925 2485 32
1943 2454 1953 2481 :

1138 2516 1248 2557 Quam
1262 2525 1395 2557 peecare
1411 2514 1525 2556 pudet,
1539 2512 1679 2557 Cynthia
1689 2537 1700 2552 ,
1714 2519 1785 2544 tut·
1797 2520 1846 2544 nt
1858 2520 1921 2545 est.

1151 2577 1190 2621 8.
1218 2578 1424 2620 Omnibus
1435 2578 1635 2619 exclusis.
1653 2575 1805 2619 Prima
1818 2574 1953 2619 editio

1094 2651 1140 2687 et
1172 2641 1262 2686 duo
1294 2641 1441 2699 scripti
1460 2674 1473 2696 ‚
1507 2644 1694 2685 occlusis
1723 2658 1736 2684 .·
1767 2650 1952 2684 venusta

1091 2708 1380 2766 repetitione:
1399 2707 1485 2751 nisi
1500 2706 1725 2763 superiore
1742 2721 1871 2749 versu
1887 2704 1953 2747 le-

1091 2790 1164 2831 gas
1176 2806 1188 2829 ‚
1211 2776 1315 2817 licet
1331 2776 1475 2816 omnia
1493 2787 1631 2815 serves
1650 2788 1662 2813 .·
1686 2770 1805 2827 quod
1825 2770 1952 2813 estin

1091 2839 1287 2896 quinque
1312 2838 1544 2882 codicibus.
1570 2837 1740 2880 Hssms.

1144 2922 1171 2965 9
1184 2938 1196 2960 ,
1222 2920 1285 2948 10.
1306 2907 1412 2960 Ipsa
1418 2908 1624 2959 potestas.
1639 2899 1859 2944 Peccandi
1874 2900 1954 2943 sci-

1089 2969 1202 3019 licet,
1213 2970 1345 3026 facil,
1361 2970 1408 3011 in
1423 2984 1549 3011 causa
1570 2975 1635 3010 est
1653 2982 1731 3010 cur
1743 2966 1950 3024 langueat

1090 3035 1252 3078 sensim
1268 3043 1313 3077 et
1324 3033 1567 3076 emoriatur
1581 3033 1734 3075 innata
1744 3031 1916 3076 lascivia
1932 3065 1944 3086 ,

1092 3100 1212 3156 quasi
1230 3098 1427 3156 germina
1446 3130 1458 3151 ‚
1482 3113 1580 3154 quae
1594 3097 1688 3154 ipso
1706 3097 1752 3140 in
1775 3097 1946 3140 semine

1091 3165 1377 3208 suffocantur.
1395 3162 1560 3206 Sensus
1581 3171 1646 3206 est
1662 3196 1674 3219 ,
1703 3179 1839 3220 quem
1862 3164 1953 3219 jam

1096 3229 1248 3272 extulit
1266 3244 1276 3271 :

1093 3305 1191 3346 Quod
1202 3304 1292 3342 licet,
1303 3304 1466 3344 ingratum
1477 3309 1526 3335 est
1539 3315 1548 3335 τ
1561 3304 1650 3346 quod
1660 3316 1725 3336 non
1738 3305 1829 3343 licet,
1843 3305 1953 3335 acrius.

1174 3372 1279 3407 urget.

1154 3444 1169 3467 1
1179 3443 1214 3468 2.
1235 3428 1440 3483 Obsequio
1455 3430 1605 3471 vincas
1619 3431 1760 3482 aplius
1772 3431 1853 3471 illa
1864 3433 1909 3471 lu
1918 3445 1954 3471 o.
