2268 3776
550 298 822 357 ARTIS
873 297 1353 357 AMATORIAE
1402 301 1569 358 LIB.
1627 304 1756 360 ΙΙΙ.

1304 106 1344 150 s

1917 307 2023 362 385

329 415 642 479 Pallescunt
669 413 920 487 frondes,
952 437 1089 498 quas
1117 438 1259 476 nova
1288 416 1428 479 laesit
1453 419 1647 480 hiems.

249 515 497 598 Quaeque
525 535 658 574 suos
688 525 917 573 curvant
943 526 1158 573 matura
1184 513 1420 597 cydonia
1448 539 1667 589 ramos;
1948 552 2002 595 '5⁰

2007 537 2032 579 vv

330 613 619 695 Cornaque
646 609 825 671 adhuc
854 609 1066 671 nostris
1092 633 1210 671 non
1238 610 1373 671 satis
1404 626 1533 695 apta
1560 614 1716 675 cibis.

248 710 328 770 Ut
352 707 516 770 rediit
545 708 761 769 animus
780 754 795 780 ,
827 722 1020 768 tenues
1050 731 1082 768 a
1110 719 1334 791 pectore
1365 722 1543 768 vestes

327 804 587 887 Rumpit,
619 819 675 865 et
699 804 958 883 indignas
987 803 1197 866 sauciat
1226 826 1411 882 ungue
1443 828 1627 882 genas.

233 902 356 963 Nec
384 924 572 962 mora:
601 925 702 985 per
730 901 937 963 medias
967 901 1174 984 sparsis
1205 899 1507 961 furibunda
1534 900 1749 985 capillis

323 998 526 1060 Evolat
544 1047 558 1072 ,
590 1014 655 1060 ut
684 999 875 1083 thyrso
905 999 1123 1060 concita
1150 998 1400 1070 Baccha,
1429 998 1561 1059 vias.
1953 1036 2034 1063 η..

242 1095 322 1155 Ut
347 1118 524 1179 prope
547 1109 899 1178 perventum,
933 1094 1164 1155 comites
1193 1094 1251 1155 in
1282 1093 1421 1156 valle
1446 1094 1745 1179 relinquit:

323 1192 453 1275 Ipsa
479 1214 674 1252 nemus
704 1191 872 1251 tacito
904 1190 1044 1251 clam
1074 1190 1214 1274 pede
1246 1191 1408 1252 sortis
1441 1192 1561 1252 init.

244 1290 401 1373 Quid
431 1289 535 1351 tibi
560 1289 761 1351 mentis
791 1303 934 1360 erat,
963 1313 1137 1372 quum
1171 1289 1250 1350 sic
1278 1288 1418 1350 male
1448 1313 1581 1349 sana
1611 1288 1807 1352 lateres
1828 1339 1844 1365 ,

326 1387 568 1449 Procri?
599 1387 725 1470 quis
755 1386 996 1447 adtoniti
1025 1386 1267 1470 pectoris
1298 1386 1463 1447 ardor
1492 1390 1654 1447 erat?

241 1483 367 1544 Jam
391 1484 501 1566 jam
526 1497 814 1544 venturam
832 1529 847 1556 ,
875 1506 1235 1565 quaecumque
1264 1497 1381 1543 erat
1411 1486 1590 1554 Aura,
1618 1483 1856 1565 putabas

1950 1506 2034 1562 7⁸5

324 1585 575 1659 Scilicet,
608 1600 772 1669 atque
807 1585 982 1647 oculis
1014 1586 1222 1669 probra
1251 1585 1486 1647 videnda
1519 1586 1646 1646 tuis.

243 1689 408 1752 Nunc
435 1689 650 1750 venisse
681 1688 864 1772 piget3
891 1712 1072 1772 neque
1105 1688 1252 1749 enim
1278 1687 1617 1772 deprendere
1646 1687 1841 1750 velles!

323 1794 486 1855 Nunc
509 1794 665 1876 juvat
690 1818 703 1854 ε
734 1793 977 1854 incertus
1006 1807 1233 1876 pectora
1262 1806 1442 1852 versat
1470 1815 1641 1852 amor.

244 1897 479 1959 Credere
511 1921 632 1981 quae
658 1897 922 1978 jubeant,
955 1896 1111 1958 locus
1141 1911 1252 1968 est,
1278 1910 1333 1956 et
1360 1919 1594 1969 nomen,
1626 1910 1682 1956 et
1711 1896 1907 1970 index;

322 2003 398 2062 Et
428 2002 557 2085 quia
586 2025 773 2062 amans
803 2025 1044 2086 semper,
1073 2000 1227 2085 quod
1260 2001 1449 2073 timet,
1480 2024 1597 2062 esse
1629 2016 1806 2083 putat.

1950 2035 2033 2079 720

239 2103 398 2165 Vidit
425 2118 490 2166 ut
516 2128 866 2189 oppressam,
895 2105 1128 2184 vestigia
1157 2104 1435 2188 corporiS,
1468 2103 1697 2164 herbam
1717 2151 1733 2177 ,

238 2276 328 2317 vite
345 2276 534 2316 racemis.
555 2272 716 2316 Palluit
733 2306 744 2327 ,
775 2272 894 2316 velut
912 2272 1091 2317 frondes

241 2352 290 2380 ac
311 2335 413 2380 solia
434 2335 674 2394 pallescunt
693 2337 774 2380 sub
796 2345 1061 2379 autumnum
1075 2369 1087 2391 ,

243 2399 421 2457 quando
440 2401 530 2457 jam
550 2400 773 2445 vindemia
792 2402 902 2445 sacta
920 2409 997 2444 est.
1032 2401 1091 2445 Et

241 2463 377 2521 magis
396 2463 571 2522 proprie
593 2464 647 2507 de
671 2464 781 2508 soliis
803 2468 949 2521 pallor
964 2465 1093 2508 intel-

238 2530 411 2589 ligitur,
434 2547 567 2590 quam
593 2531 646 2574 de
668 2532 851 2575 racemis
867 2565 878 2586 ,
902 2547 1092 2588 praeser-

185 2642 188 2645 .
242 2598 322 2642 tim
338 2598 516 2655 quando
531 2613 624 2641 non
639 2613 793 2642 omnes
807 2598 1008 2655 ejusdem
1021 2613 1094 2642 co-

238 2664 342 2709 loris
361 2674 476 2709 sunt.
500 2665 674 2707 MICYI..

297 2733 388 2789 708.
419 2732 605 2775 Sauum.
624 2732 807 2781 Leniat,
831 2738 875 2773 et
888 2734 1020 2786 petit,
1044 2738 1094 2774 ut

242 2795 338 2839 Art.
361 2795 508 2839 Amat.
523 2795 596 2838 lib.
619 2795 686 2850 ΙΙ,
714 2798 790 2851 45ι
813 2804 857 2839 et
874 2811 965 2853 sqq.

298 2875 392 2921 709.
407 2863 573 2904 Passis.
592 2861 760 2916 Sparsis
772 2861 987 2904 editiones
1008 2876 1091 2903 an-

241 2926 518 2984 tiquissimae,
545 2926 712 2986 Micylli
728 2959 740 2982 ,
764 2927 1029 2970 Bersmanni
1047 2935 1093 2970 et

242 2991 335 3035 aliae
351 3023 364 3047 ,
386 3000 431 3035 et
445 2991 731 3049 quadraginta
743 2994 834 3036 fere
848 2994 994 3051 scripti
1016 3007 1026 3034 τ
1046 3003 1093 3038 et

242 3064 350 3112 puto
370 3055 529 3100 rectius
547 3057 793 3101 furentibus
812 3073 982 3113 sparsos
996 3057 1092 3101 dari

242 3125 404 3174 crines,
428 3141 560 3182 quam
570 3140 747 3180 passos,
777 3126 852 3182 qui
871 3134 917 3169 et
935 3126 1091 3183 quietis

242 3192 526 3235 conveniunt.
550 3192 715 3235 Bunm.

301 3259 393 3316 713.
427 3261 543 3313 Quid
568 3263 651 3302 libi
675 3264 823 3303 mentis
860 3266 962 3303 erat.
997 3263 1097 3305 Erit

243 3339 358 3367 unus
376 3336 386 3363 ε
409 3323 513 3366 alius
527 3355 538 3377 ,
561 3339 656 3366 eras
676 3340 688 3366 .·
709 3332 824 3367 certe
843 3330 937 3367 erat
946 3326 1093 3381 sequi-

1207 2283 1317 2315 Lnbor
1329 2283 1360 2314 io

1170 2363 1226 2374 -
1249 2341 1368 2383 Male
1396 2356 1520 2383 sana.
1540 2341 1661 2383 Male
1678 2344 1793 2391 sola,
1828 2341 2029 2388 Politian.

1172 2403 1275 2447 Vid.
1298 2404 1369 2447 lib.
1402 2405 1470 2448 lv
1486 2437 1499 2459 ,
1522 2404 1708 2447 Metam.
1733 2407 1828 2449 520.
1853 2409 2030 2452 laceres

1175 2467 1311 2525 Neap.
1331 2472 1497 2512 timeres
1512 2476 1600 2512 tres
1616 2468 1699 2511 alii.

1231 2551 1251 2589 7
1262 2535 1323 2589 14.
1342 2536 1533 2578 Pectoris
1542 2538 1672 2579 ardor
1679 2542 1782 2579 eral.
1801 2535 1918 2595 Lege
1933 2570 1945 2593 ,
1966 2555 2033 2582 er·

1173 2616 1244 2643 ror
1257 2606 1361 2643 erat.
1381 2601 1550 2645 Hssms.

1231 2664 1321 2722 716.
1346 2667 1551 2709 Videnda.
1574 2664 1727 2710 Codex
1742 2683 1858 2711 unus
1879 2669 2028 2713 Hein-

1172 2729 1249 2785 sii,
1273 2734 1478 2785 neYenda5
1509 2733 1623 2776 forte
1637 2749 1724 2790 pro
1743 2739 1944 2779 notanda.

1230 2812 1322 2852 520.
1355 2799 1418 2839 Et
1437 2802 1537 2853 quia
1563 2814 1680 2840 meas
1699 2814 1880 2852 semper,
1918 2803 2034 2856 quod

1172 2867 1307 2914 timet,
1329 2879 1422 2906 esse
1431 2869 1564 2918 pulet-
1579 2866 1713 2906 Pala!
1722 2865 1868 2921 scripti
1892 2866 2026 2922 pleri-

1174 2945 1258 2985 que
1284 2944 1388 2973 cum
1423 2929 1564 2985 prima
1602 2928 1809 2973 editione.
1842 2932 1907 2973 Et
1937 2950 2027 2988 qua.-

1172 3010 1287 3037 ιιι-ηε
1301 3002 1387 3036 tres
1400 2993 1568 3049 scripti,
1591 3009 1693 3035 cum
1710 2993 2027 3038 Arundeliano.

1172 3063 1236 3103 Et
1243 3063 1357 3116 quod
1361 3075 1511 3102 amaus
1524 3060 1703 3116 Regius,
1718 3077 1821 3104 cum
1836 3071 2026 3118 quatuor

1173 3124 1277 3168 aliis.
1298 3124 1412 3180 Lege
1426 3156 1439 3177 ,
1463 3126 1526 3166 Et
1541 3128 1642 3179 quia
1657 3141 1820 3167 amans.

1231 3206 1278 3245 72
1289 3206 1303 3231 1
1313 3222 1321 3230 .
1359 3191 1478 3231 Vidi!
1494 3194 1542 3230 ut
1559 3205 1816 3243 oppressam,
1846 3196 2025 3247 vestigia

1172 3259 1367 3309 corporis,
1377 3258 1559 3298 herbam.
1570 3254 1751 3312 Optime
1763 3257 1943 3300 Gruteri
1959 3275 2027 3301 co·

1174 3321 1255 3364 dex
1269 3355 1279 3375 ,
1311 3324 1429 3365 Vidit
1441 3328 1488 3363 ut
1505 3325 1549 3364 in
1558 3338 1709 3377 pressa
1723 3329 1904 3378 vesligia
1918 3341 2021 3367 cor-

1374 2305 1384 2320 ,
1400 2293 1472 2313 carn
1486 2281 1612 2313 lumin·
1629 2282 1732 2314 conde
1747 2293 1857 2314 mnu.
1876 2283 2007 2316 83ης.

245 3397 329 3433 tur.
347 3388 494 3432 Scribe
511 3420 522 3442 ,
545 3390 909 3447 Quidffbi'neentisn
923 3422 933 3438 ‚
950 3392 1003 3431 io.
1019 3388 1091 3445 Sic
1166 3392 1285 3443 poris
1308 3391 1445 3430 herba.
1476 3387 1599 3430 DAN.
1625 3389 1792 3433 HEINS.
1834 3393 1953 3433 Vidit
1983 3399 2028 3434 et

245 3454 372 3511 paulo
385 3463 596 3511 postvers.
611 3456 686 3511 '74²
702 3470 752 3497 ex
764 3454 951 3511 antiquis
961 3455 1093 3499 libris:

403 3539 494 3593 II.

1172 3470 1368 3509 oppressa
1377 3455 1515 3507 herba,
1522 3454 1669 3511 scripti
1680 3471 1781 3497 cum
1792 3457 1932 3513 prima
1941 3458 2029 3502 edi-

1651 3541 1720 3591 25
