2268 3776
307 344 415 399 292

762 324 829 376 P.
885 323 1194 380 OVIDII
1239 322 1626 380 NASONIS
1693 362 1695 365 ι

305 440 532 503 Phasias
557 437 867 499 AEsoniden
885 485 901 512 ,
931 439 1093 501 Circe
1121 441 1389 502 tenuisset
1416 440 1647 513 Ulixen,

386 543 445 602 Si
473 540 642 602 modo
675 541 879 601 servari
907 542 1145 602 carmine
1171 543 1353 624 possit
1385 567 1555 603 amor.

302 650 416 709 Nec
447 646 572 706 data
594 645 908 728 profuerint
935 645 1200 729 pallentia
1228 645 1438 728 philtra
1464 646 1667 730 puellis
1697 671 1710 707 :

2011 663 2087 709 105

382 748 599 809 Philtra
632 763 839 809 nocent
867 748 1064 808 animis
1081 794 1097 821 ‚
1125 747 1350 830 vinique
1373 748 1579 809 furoris
1606 749 1831 810 habent.

301 853 387 913 Sit
416 851 613 936 procul
646 876 808 912 omne
835 851 989 912 nefas
1012 876 1024 910 ε
1051 866 1116 910 ut
1143 851 1368 924 ameriS,
1395 851 1647 913 amabilis
1677 868 1822 927 esto;

386 953 559 1035 Quod
589 953 694 1014 tibi
723 976 841 1012 non
869 952 1061 1025 facieS‚
1096 951 1278 1013 solave
1311 952 1493 1013 forma
1518 952 1688 1013 dabit.

302 1057 391 1119 Sis
419 1056 549 1118 licet
576 1057 806 1139 antiquo
834 1055 1038 1116 Nireus
1068 1055 1351 1116 adamatus
1382 1056 1663 1128 Homer0‚

381 1159 765 1242 Naiadumque
794 1173 950 1218 tener
976 1157 1204 1218 crimine
1236 1172 1432 1240 raptus
1460 1157 1670 1240 Hylas;

2015 1189 2091 1219 110

302 1263 383 1322 Ut
413 1261 694 1323 dominam
729 1275 946 1333 teneaS,
977 1283 1079 1320 nec
1109 1274 1162 1320 te
1191 1259 1389 1320 mirere
1421 1258 1677 1320 relictum
1696 1307 1712 1334 ,

380 1364 600 1444 Ingenii
628 1362 786 1423 dotes
821 1363 1076 1445 corporis
1107 1361 1247 1422 adde
1272 1362 1459 1422 bonis.

299 1469 500 1527 Forma
525 1467 741 1526 bonum
769 1464 963 1543 fragile
993 1479 1106 1538 est;
1142 1478 1524 1550 quantumque
1554 1463 1763 1526 accedit
1785 1464 1855 1526 ad
1873 1489 2050 1526 annos
2073 1513 2089 1539 ,

382 1570 475 1630 Fit
499 1570 711 1642 minor3
745 1581 801 1629 et
830 1568 1015 1652 spatio
1044 1568 1291 1652 carpitur
1319 1568 1443 1652 ipsa
1470 1591 1592 1629 suo,

301 1768 377 1810 ubi
409 1769 559 1810 Noenia
577 1766 707 1822 falsa
745 1766 876 1823 vulgo
914 1766 1153 1823 legebatur.
1235 1763 1333 1821 dio,
1352 1763 1531 1823 quijam
1544 1765 1719 1819 citatus,
1737 1765 1851 1823 apud
1863 1782 1943 1810 nos
1956 1765 2091 1810 Amo·

302 1833 424 1876 Hinc
460 1838 693 1887 serpentum
729 1835 952 1874 domitores
982 1833 1155 1876 stlarsos
1234 1847 1337 1875 rum
1355 1840 1598 1889 praeceptor
1613 1865 1625 1887 ,
1646 1833 1912 1875 Bmmnn:

302 1897 522 1955 adpellant
535 1897 704 1940 Plinius
721 1912 769 1939 ac
783 1896 949 1940 Gellius
962 1915 972 1949 ;
993 1913 1155 1954 eosque

302 1963 520 2019 originem
542 1978 566 2004 a
593 1963 744 2004 Marso
771 1961 921 2005 Circes
949 1962 1039 2004 filio
1062 1961 1155 2005 du-

303 2044 404 2070 cere
433 2036 650 2070 testantur
665 2059 677 2081 ,
701 2035 752 2069 ut
769 2027 871 2069 artis
884 2027 1062 2084 magicae
1078 2043 1159 2084 pe-

303 2093 399 2135 ritia
412 2125 423 2147 ,
445 2108 531 2148 qua
545 2092 676 2148 vulgo
692 2091 807 2134 male
827 2091 1062 2134 audiebant
1075 2125 1087 2147 ,
1108 2093 1156 2135 in

300 2156 351 2198 iis
371 2172 655 2212 nequaquam
676 2157 730 2199 sit
751 2155 965 2198 miranda.
993 2155 1157 2200 Glossae

300 2220 479 2274 Isidori,
503 2221 676 2264 Marsus
691 2255 702 2273 ,
722 2226 966 2264 incantator
981 2237 1158 2276 serpen-

300 2292 399 2328 tum.
424 2286 578 2343 Papias
595 2288 791 2330 :Marsus
799 2303 880 2342 pro
895 2291 1159 2330 incantatore
1182 2286 1185 2289 ’

300 2354 486 2405 ponitur.
510 2352 678 2395 HEINS.

361 2434 376 2457 1
386 2418 451 2458 05.
461 2418 551 2460 Nec
561 2418 665 2459 data
666 2416 913 2472 profuerint.
923 2416 1013 2460 Alii
1025 2451 1036 2471 ‚
1053 2434 1162 2473 pro--²

290 2480 480 2535 fuerant.
491 2481 610 2538 Lego
625 2515 636 2537 ,
645 2483 912 2538 profuerunt:
928 2482 1046 2539 quod
1058 2499 1160 2539 pos-

304 2554 374 2587 tea
405 2546 684 2589 confirmavit
719 2546 854 2590 codex
885 2547 1160 2591 Helmaesta—

304 2610 475 2653 diensis.
498 2634 553 2642 —
563 2614 792 2654 Pollentia.
806 2615 1018 2655 Pollentia
1032 2622 1096 2655 est
1112 2613 1159 2655 in

305 2692 398 2718 uno
420 2676 621 2719 Palatino
638 2692 648 2718 :
669 2675 824 2718 eadem
842 2677 1025 2720 varietas
1044 2677 1159 2734 apud

306 2741 534 2784 Tibullum
552 2742 596 2791 Ι,
622 2741 743 2798 Eleg.
762 2755 808 2782 lx
828 2774 839 2795 ,
869 2758 914 2798 17
937 2758 948 2784 z

302 2819 396 2851 Num
410 2824 442 2848 te
457 2816 670 2855 carminibus,
684 2827 764 2846 num
778 2822 810 2846 te
822 2815 1022 2858 pollentibus
1035 2815 1158 2856 herbis,

343 2879 489 2911 Devovit
504 2878 602 2908 tacito
616 2885 760 2918 tempore
774 2876 878 2907 noctis
890 2877 997 2907 anus?

304 2949 355 2983 ut
381 2948 498 2984 recte
521 2939 602 2981 viri
634 2937 750 2981 docti
779 2953 859 2994 pro
872 2940 1157 2992 pallentibus,

305 3005 597 3049 restituerunt
608 3037 619 3059 ,
637 3013 682 3046 et
695 3020 746 3049 ex
758 3002 890 3045 divite
905 3018 1023 3059 penu
1036 3019 1160 3059 egre-

309 3071 375 3128 gie
392 3070 622 3113 illustravit
639 3067 857 3111 Broukh.:
877 3066 953 3110 sed
969 3067 1068 3124 quia
1089 3067 1160 3110 hic

307 3135 454 3191 culpat
467 3169 478 3190 ,
489 3150 582 3177 non
593 3133 1054 3188 commendatphiltra‚
1065 3133 1159 3175 vul-

310 3208 454 3256 gatam
485 3199 720 3242 lectionem
740 3197 1022 3241 retinendam
1043 3199 1159 3242 exis—

307 3266 417 3306 timo
437 3277 446 3303 :
456 3267 616 3318 pallere
634 3264 755 3306 enim
773 3262 827 3304 de
848 3263 1029 3305 venenis
1061 3280 1159 3320 pas-

308 3330 391 3372 sim
412 3329 583 3372 dicitur.
599 3329 763 3371 BURM.

366 3410 383 3436 1
391 3410 456 3452 07.
471 3395 687 3448 Silprocul
694 3412 813 3437 omne
823 3395 947 3450 nefas
959 3409 974 3449 ‚·
988 3401 1159 3437 alatne·

304 3464 381 3514 ris,
406 3463 605 3503 amabilis
616 3466 718 3505 esto.
734 3462 775 3503 V
778 3451 964 3516 erbatim
981 3478 1031 3505 ex
1046 3460 1158 3505 Ovi-

1317 1909 1402 1939 Sans
1419 1908 1561 1939 Canidia
1567 1931 1582 1949 ,
1598 1915 1634 1939 et
1649 1914 1723 1938 tout
1734 1907 1850 1951 l'enfer·
1863 1907 1958 1938 ανηιᾰ
1966 1930 1981 1947 ,

1318 1969 1424 2009 Soyez
1438 1967 1588 1998 aimable
1598 1991 1612 2008 ,
1629 1975 1663 1998 et
1674 1979 1752 1998 vous
1765 1978 1852 1999 serez
1867 1967 1966 1998 aime'.

1298 2044 1390 2088 109.
1410 2030 1479 2071 Sis
1494 2032 1600 2072 licet
1613 2032 1788 2084 antiquo
1805 2030 1959 2071 Nireus
1973 2031 2093 2071 ada-

1240 2099 1380 2136 matus
1388 2095 1581 2137 Homero.
1593 2094 1768 2136 Scilicet
1775 2093 1970 2150 quinque
1982 2094 2094 2136 libri:

1237 2174 1353 2201 unus
1365 2191 1377 2212 ,
1387 2163 1432 2201 si
1438 2161 1559 2210 licen
1576 2157 1683 2201 alius
1698 2191 1709 2213 ‚
1721 2161 1904 2202 siclicet.
1916 2159 2067 2202 Scribe
2082 2192 2093 2212 ,

1238 2227 1303 2265 sis
1328 2227 1454 2274 licet,
1493 2232 1622 2279 atque
1655 2224 1715 2266 ita
1750 2224 1918 2267 Moreti
1947 2223 2096 2266 codex.

1242 2289 1365 2333 Licet
1380 2323 1392 2344 ,
1413 2290 1558 2346 inquit
1574 2323 1586 2344 ,
1610 2290 1798 2334 Nireum
1820 2290 1873 2333 ab
1893 2291 2096 2333 Homero

1239 2362 1472 2412 tantopere
1490 2354 1719 2401 laudatum
1738 2371 1883 2412 aeques
1902 2354 2096 2412 pulchri·

1242 2419 1396 2463 tudine
1413 2436 1423 2462 ε
1643 2438 1646 2441 ’

1240 2490 1375 2547 Νιρεὺς
1391 2518 1402 2540 ,
1428 2486 1465 2534 ὃς
1488 2485 1667 2538 mines-oc
1687 2486 1781 2546 ἀνὴρ
1801 2488 1870 2541 oreb
1892 2481 1989 2531 ἵλεον
2010 2487 2095 2535 ἦλθε

1242 2559 1330 2594 Τῶν
1353 2554 1475 2595 ἄλλων
1493 2558 1663 2593 Δαναῶν.
1686 2550 1734 2592 ΙΙ.
1753 2558 1792 2592 Β.
1805 2582 1819 2604 ,
1837 2550 1932 2606 673.

1245 2615 1399 2671 Quare
1410 2615 1645 2661 Thersiten
1660 2614 1878 2657 Lucianus
1891 2647 1903 2667 ,
1925 2613 2096 2670 Dialog.

1243 2681 1380 2723 Mort.
1395 2694 1500 2734 xxv,
1512 2695 1616 2722 cum
1625 2679 1761 2723 Nireo
1770 2679 2096 2734 colloquentem

1241 2746 1301 2798 sic
1318 2745 1486 2787 inducit
1506 2757 1516 2783 Ζ
1538 2746 1575 2787 ἓν
1593 2750 1662 2799 μὲν
1690 2749 1762 2794 ἤδη
1787 2743 1888 2787 τοῦτ’
1910 2749 2014 2798 ἐ’χω,
2038 2747 2097 2789 ὅτι

1244 2814 1370 2867 ὅμοιος
1384 2816 1469 2866 εἰμί
1482 2830 1558 2865 σοι,
1575 2817 1642 2853 καὶ
1656 2813 1990 2865 οὐδ’ἐν-τηλικοῦτον
2006 2815 2098 2853 δία-

1243 2880 1376 2938 φέρεις,
1402 2880 1524 2928 ἧλίκον
1544 2895 1585 2919 σε
1598 2865 1752 2935 ὅμηρος
1774 2877 1907 2924 ἐκεῖνος
1929 2877 1945 2919 ὃ
1965 2877 2097 2933 τυφλός

1242 2943 1429 3003 ἐπῄνεσεν,
1446 2942 1620 2984 ἁπάντων
1635 2942 1920 3001 εὐμσρᾳώτατον
1942 2957 2095 3002 προσει-

1240 3005 1612 3067 πών.ΗίΠεΝιρε’ως
1623 3008 1881 3068 εὖμορφᾶτερας
1893 3005 2097 3061 adagium

1240 3070 1358 3127 apud
1380 3069 1556 3113 Graecos
1571 3102 1583 3124 ,
1609 3078 1654 3112 et
1668 3079 1702 3114 Ν
1707 3074 1812 3132 ιρέως
1827 3076 2005 3114 καλλίων.Ἰ

1301 3152 1318 3177 1
1330 3153 1344 3177 1
1353 3153 1391 3179 o.
1397 3138 1687 3191 Naiadumque
1696 3141 1810 3178 tener
1817 3141 1988 3178 crimine
2001 3151 2100 3190 rap-

1241 3207 1309 3244 tus
1332 3203 1486 3258 Hylas.
1519 3201 1634 3244 Rem
1661 3201 1861 3244 certatim
1881 3216 2097 3244 narrave-

1247 3274 1355 3308 runt
1369 3265 1590 3309 Theocrit.
1611 3265 1737 3324 ldyll.
1753 3279 1842 3308 nn
1859 3283 1871 3319 3
1893 3264 2097 3320 Apollon.

1243 3345 1281 3373 11
1308 3365 1318 3380 ‚
1368 3347 1469 3387 1207
1488 3350 1498 3383 ;
1532 3331 1681 3373 Valer.
1716 3330 1856 3374 Flacc.
1886 3342 1945 3371 111
1959 3361 1971 3382 ‚
2003 3329 2097 3372 553.

1243 3395 1380 3439 Unde
1404 3412 1498 3438 non
1518 3396 1743 3439 immerito
1761 3394 1916 3450 virgil.
1935 3393 2096 3451 Georg.

1241 3475 1299 3504 111
1317 3495 1328 3515 ‚
1350 3462 1377 3505 6
1394 3473 1405 3500 :
1430 3463 1514 3505 Cui
1525 3477 1607 3505 non
1624 3464 1761 3506 dictu
1777 3462 1919 3519 Hylas
1928 3476 2034 3515 puer
2045 3463 2069 3505 ,Ρ
