2268 3776
649 323 1039 380 AMORUM
1088 324 1176 379 112
1225 323 1467 379 ELEG.
1511 322 1586 379 v.
1935 326 2005 397 93

312 445 388 505 Et
413 464 697 525 nunquam
727 464 855 502 casu
878 439 1169 524 pulchrior
1191 438 1284 499 illa
1311 439 1434 500 suit.

233 539 526 624 Spectabat
555 552 782 611 terram;
815 551 1013 599 terram
1040 552 1284 622 spectare
1316 536 1546 597 decebat
1571 559 1586 596 ε

312 638 516 698 Moesta
543 651 658 697 erat
683 637 741 696 in
771 635 956 709 vultu;
985 650 1179 697 moesta
1209 634 1463 695 decenter
1491 645 1622 693 erat.

233 731 388 794 Sicut
417 747 601 806 erant,
634 745 690 794 et
715 745 871 794 erant
897 729 1064 805 culti,
1096 730 1299 792 laniare
1331 728 1592 813 capillos,
1961 746 2014 800 <423

311 830 386 890 Et
412 828 520 891 fuit
546 830 605 890 in
634 844 847 891 teneras
869 830 1108 913 impetus
1130 828 1207 890 ire
1236 850 1419 908 genas.

233 928 312 987 Ut
335 925 528 989 faciem
552 926 690 1000 vidi,
722 926 895 988 fortes
924 926 1164 987 cecidere
1193 923 1380 986 lacerti
1407 948 1422 984 ε

311 1023 552 1086 Defensa
579 1039 665 1085 est
690 1024 854 1085 armis
877 1038 1075 1084 nostra
1101 1021 1289 1107 puella
1316 1020 1448 1082 suiS.

234 1113 349 1200 Qui
371 1121 539 1182 modo
571 1145 743 1183 saevus
770 1146 944 1195 eram,
977 1119 1215 1205 supplex
1242 1118 1507 1202 ultroque
1534 1118 1753 1196 rogavi,

300 1218 521 1280 ‚Oscula
548 1243 618 1281 ne
647 1220 817 1281 nobis
845 1219 1119 1281 deteriora
1143 1217 1312 1279 daret.
1963 1245 2017 1272 ιη»

235 1315 408 1391 Risit,
438 1331 495 1379 et
522 1340 589 1379 ex
616 1318 799 1379 animo
830 1316 981 1379 dedit
1010 1316 1247 1400 optima;
1271 1312 1454 1399 qualia
1482 1327 1715 1397 possent

314 1420 586 1481 Excutere
613 1420 754 1480 irato
784 1418 893 1482 tela
920 1417 1146 1479 trisulca
1172 1419 1208 1477 J
1213 1417 1318 1476 ovi.

236 1521 530 1603 Torqueor
557 1520 747 1582 infelix
767 1568 782 1594 ,
813 1546 884 1582 ne
913 1535 1024 1581 tam
1049 1520 1204 1580 bona
1233 1519 1491 1580 sumserit
1518 1518 1655 1579 alter
1677 1542 1690 1590 ;

319 1624 396 1683 Et
425 1621 554 1684 volo
582 1647 699 1683 non
728 1604 791 1685 eii
815 1623 918 1684 hac
946 1622 1042 1683 illa
1068 1622 1239 1683 fuisse
1269 1635 1421 1682 nota.

241 1727 372 1788 Haec
399 1751 646 1811 quoque,
677 1749 840 1811 quam
867 1727 1058 1800 docui,
1089 1726 1267 1788 multo
1294 1725 1522 1787 meliora
1553 1724 1777 1785 suerunt
1802 1747 1815 1795 ;
1971 1740 2024 1784 55

292 1872 358 1925 4²·
381 1872 447 1914 Et
456 1886 686 1927 numquam.
704 1872 769 1914 Et
778 1887 978 1928 nusquam
992 1872 1085 1914 Va-

238 1933 353 1977 tican
373 1949 383 1978 2
402 1943 533 1979 recte.
553 1935 722 1980 HEINS.
735 1959 790 1969 —
806 1938 940 1989 Casu,
969 1935 1083 1979 sorte

237 1998 425 2044 fortuna.
447 2000 631 2044 Metam.
652 2014 721 2045 vu
737 2034 749 2057 ,
773 2003 826 2057 84
843 2014 854 2041 ε

237 2068 278 2100 Et
292 2080 369 2100 casu
379 2069 474 2102 solito
491 2069 664 2103 formosior
676 2073 794 2104 AEsone
806 2077 912 2103 natus.

290 2132 357 2187 44.
384 2132 544 2176 Masta
569 2135 769 2176 decenter
781 2138 884 2177 erat.
910 2133 1086 2177 Eodem

237 2193 309 2238 hic
344 2211 473 2240 sensu
513 2199 713 2242 decenter
744 2198 1044 2256 accipiendum
1068 2229 1084 2255 ,

240 2275 328 2316 quo
347 2263 525 2305 decebat
537 2295 550 2318 ,
570 2263 617 2306 in
636 2278 762 2307 versu
783 2263 1059 2320 praecedenti.

294 2328 360 2380 45.
371 2329 492 2381 Sicut
500 2333 784 2374 erant-„culti-
803 2331 952 2381 Comti,
968 2346 1087 2373 non-

204 2388 207 2390 *
240 2390 371 2444 nulli;
395 2391 471 2436 sed
487 2394 809 2438 cultimeliores
824 2410 991 2439 omnes.
1013 2396 1087 2440 Sic,

241 2456 398 2512 passim
432 2461 590 2502 inculti
614 2462 791 2515 capilli,
834 2465 882 2502 et
914 2464 1087 2505 inculta:

241 2535 384 2565 comae.

295 2585 363 2640 46.
383 2587 447 2629 Et
449 2586 549 2642 suit
560 2591 606 2630 in
619 2592 798 2631 teneras.
818 2590 1003 2633 laniare
1015 2607 1085 2634 ca-

233 2655 365 2707 pillos
378 2653 610 2710 Menssmt,
627 2655 732 2712 quin
738 2671 822 2712 que
831 2657 977 2714 scripti
986 2674 1087 2701 cum

239 2717 382 2773 prima
398 2717 604 2763 editione.
627 2720 795 2764 Hssms.

255 2776 267 2790 ⁸
293 2783 360 2841 47.
387 2784 536 2827 Fortes
563 2786 752 2828 cecidere
772 2788 934 2829 lacerti.
970 2786 1088 2830 Em·-

239 2845 422 2904 phatice.
455 2849 559 2894 Non
590 2849 726 2893 modo
756 2851 877 2894 enim
906 2854 1089 2896 lacertos

239 2912 343 2958 dicit
360 2947 374 2970 ,
393 2914 470 2959 sed
490 2924 535 2960 et
542 2916 686 2972 fortes
701 2917 822 2962 addit
837 2951 849 2972 ,
880 2935 968 2976 quo
987 2936 1088 2964 me-

238 2977 323 3023 lius
348 2979 590 3025 innotescat
617 2982 712 3038 quis
741 2983 874 3027 suerit
906 2988 1088 3040 impetus

239 3047 301 3087 ire
317 3043 364 3087 in
385 3044 574 3103 puellam
591 3065 602 3099 ;
631 3056 675 3090 et
695 3062 782 3104 quo
803 3056 950 3093 tantus
965 3050 1088 3093 brevi

237 3111 386 3169 fragor
422 3113 637 3157 reciderit.
679 3115 768 3168 Qui
797 3110 919 3158 modo
953 3132 1087 3160 sevus

238 3192 354 3220 eram
373 3186 452 3221 etc.

298 3248 322 3289 5
331 3263 346 3288 ι
354 3276 364 3286 .
377 3247 509 3297 Risit,
520 3250 566 3288 et
575 3261 631 3288 ex
644 3250 784 3290 animo
791 3249 911 3291 dedit
917 3252 1087 3304 optima.

241 3306 435 3368 Rogarat
453 3309 648 3367 primum
670 3315 846 3367 supplex
874 3311 1058 3358 Ovidius
1072 3348 1084 3370 ,

242 3389 300 3419 ne
315 3378 522 3419 deteriora
537 3375 615 3419 sibi
627 3408 639 3431 ,
656 3391 789 3433 quam
802 3377 925 3420 rivali
935 3411 948 3434 ,
964 3377 1088 3423 daret

241 3445 417 3502 oscula‚·
446 3444 603 3501 quippe
626 3458 722 3501 quae3
743 3442 906 3500 optima
919 3444 1088 3502 dijudi-

1166 1876 1296 1914 carat.
1319 1868 1398 1912 Illa
1416 1885 1522 1912 vero
1538 1901 1549 1922 ,
1571 1883 1663 1911 non
1685 1866 1820 1910 modo
1837 1876 1927 1911 no'n
1950 1869 2021 1910 de·

1167 1939 1321 1978 ten'om
1349 1933 1450 1988 dat,
1481 1932 1556 1977 sed
1591 1949 1688 1990 quae
1721 1933 1865 1990 priora
1894 1933 2023 1991 longe

1165 2007 1422 2057 superarent
1444 2016 1455 2052 ;
1479 2006 1523 2041 et
1548 2014 1604 2041 ex
1625 2003 1771 2042 animo
1799 1996 1979 2055 quidem
2006 2032 2019 2053 ,

1166 2065 1283 2124 quod
1304 2066 1350 2109 in
1371 2065 1444 2109 tali
1462 2082 1510 2108 re
1533 2081 1624 2108 non
1647 2064 1807 2108 nullius
1827 2065 1968 2121 pretii.

1223 2132 1289 2175 53.
1318 2133 1505 2174 Senserit
1525 2133 1647 2173 alter.
1678 2130 1890 2186 Excerpta
1915 2129 2024 2172 Sca-

1165 2195 1290 2253 liger-i
1307 2204 1352 2239 et
1367 2196 1556 2239 Puteani
1575 2210 1677 2237 cum
1698 2194 1960 2237 Sarraviano
1977 2203 2027 2237 et

1166 2278 1259 2305 uno
1282 2262 1483 2305 Palatino
1499 2295 1511 2316 ,
1536 2264 1735 2304 sumserit
1753 2274 1765 2299 :
1786 2269 1902 2304 recte
1925 2261 2022 2303 Art.

1168 2327 1271 2369 Am.
1294 2340 1334 2381 1,
1358 2327 1442 2385 669
1465 2338 1476 2366 t

1167 2397 1289 2429 oscula
1300 2397 1358 2439 qui
1372 2397 1487 2427 sumsit
1502 2419 1513 2434 ‚

1224 2460 1290 2514 54.
1318 2459 1382 2501 Et
1401 2459 1499 2500 volo
1516 2472 1600 2499 non
1613 2472 1670 2498 ex
1687 2458 1771 2498 hac
1786 2458 1879 2498 illa.
1908 2455 2020 2511 Vel,

1167 2526 1318 2566 vellem
1338 2538 1452 2565 unus
1476 2520 1656 2564 Moreti.
1678 2519 1794 2578 Lege
1817 2536 1827 2563 ε

1206 2593 1250 2624 Et
1261 2592 1379 2623 venem
1391 2602 1431 2622 ex
1442 2590 1501 2621 hae.
1516 2601 1581 2621 non
1597 2590 1653 2620 iu·
1665 2590 1765 2620 suisne
1778 2597 1866 2621 notu.

1170 2653 1278 2708 Vel,
1295 2655 1444 2710 Deque
1460 2655 1587 2695 velim
1602 2668 1686 2695 non
1700 2654 1783 2694 hac
1793 2654 1873 2694 illa
1877 2651 2025 2707 fuisse

1167 2726 1282 2765 nota.
1316 2721 1484 2764 Hssms.
1516 2722 1589 2763 Es
1624 2724 1726 2762 nota
1759 2718 2025 2761 mutandum

1168 2804 1261 2835 non
1286 2796 1376 2841 est3
1400 2787 1459 2830 ita
1480 2787 1714 2829 Petronius
1730 2794 1774 2828 et
1793 2785 1862 2828 alii
1877 2786 2025 2828 locuti.

1539 2395 1567 2426 si
1581 2406 1645 2427 uon
1659 2402 1690 2426 et
1704 2401 1808 2426 ceter·
1822 2400 1939 2426 sumet.

1170 2851 1323 2909 Quare
1362 2851 1520 2896 rectius
1554 2851 1837 2907 rescripsisset
1869 2850 2024 2893 Hein-

1166 2917 1253 2961 sius
1267 2951 1280 2972 ,
1302 2920 1422 2973 Eque
1441 2921 1545 2958 nota
1574 2931 1657 2957 non
1678 2917 1762 2957 hac
1786 2917 1866 2956 illa
1876 2912 2025 2970 suine

1167 2989 1293 3029 uelim
1309 3020 1319 3037 ,
1354 2994 1403 3027 ut
1423 2983 1635 3027 Francius
1655 2982 1839 3025 volebat.

1223 3052 1290 3092 55.
1303 3051 1408 3091 Haec
1421 3064 1589 3103 quoque,
1606 3064 1728 3103 quam
1740 3050 1877 3098 docui,
1894 3051 2026 3091 mullo

1167 3117 1342 3156 meliora
1368 3113 1562 3168 fuerunt.
1598 3112 1762 3155 Sensus
1790 3113 2024 3168 exquisitus

1168 3192 1212 3226 et
1225 3199 1326 3226 vere
1343 3182 1527 3225 amantis
1546 3190 1610 3224 est
1626 3215 1638 3236 ,
1662 3182 1736 3238 qui
1763 3180 1882 3224 dolet
1902 3182 2023 3224 ami-

1168 3264 1265 3290 cam
1284 3263 1329 3290 se
1351 3245 1594 3290 doctiorem
1613 3280 1625 3302 ,
1661 3262 1794 3304 quam
1814 3246 1990 3302 reliquit
2007 3280 2021 3300 ,

1168 3313 1360 3371 reperire
1381 3330 1391 3365 ;
1415 3321 1459 3356 et
1477 3329 1607 3356 suum
1627 3313 1687 3356 illi
1705 3316 1887 3369 pretium
1912 3313 2020 3355 inri-

1169 3379 1244 3421 det
1258 3411 1269 3433 ,
1291 3377 1365 3435 qui
1385 3381 1560 3421 meliora
1581 3378 1751 3432 docuit,
1778 3393 1910 3434 quarn
1931 3379 2021 3434 ipse

1170 3445 1405 3501 docuerat,
1427 3448 1587 3488 oscula,
