2268 3776
189 264 299 333 454

679 268 956 324 INDEX
1012 269 1496 331 SPECIALIS.

181 395 380 465 EiAEfflA
396 418 530 468 XIV.
557 415 636 468 Ad
655 419 864 469 Puellam
884 432 1078 488 repente
1107 422 1282 475 calvam
1291 458 1777 476 ...............
1853 354 1959 478 Ρέζ

251 550 317 558 -
399 523 506 570 XV.
530 523 588 571 In
614 521 722 572 illos
746 524 830 590 qui
849 525 1048 592 poeticae
1067 527 1178 575 artis
1199 526 1384 576 laudem
1402 538 1451 578 et
1470 529 1679 579 studium
1704 530 1794 580 de—

446 608 720 660 trectabant.
744 644 1773 666 ...............................
1897 637 1961 687 70

701 757 937 809 LIBER
987 759 1126 809 SEC
1143 761 1369 811 UNDU
1387 762 1439 811 S.

248 905 315 916 -
412 881 452 927 1.
493 880 640 940 Quod
655 918 669 943 ‚
701 899 791 948 pro
830 883 1222 952 Gigantomachia
1244 923 1261 949 ‚
1298 904 1439 953 quam
1465 886 1765 939 inchoaverat
1779 924 1794 951 ‚

456 968 660 1021 Amores
687 973 858 1023 scribat
861 1008 1778 1026 ............................
1894 977 1957 1045 75

250 1586 316 1595 ..—

410 1068 476 1115 11.
515 1066 596 1116 Ad
617 1069 829 1138 Bagoem
859 1071 1110 1136 quemdam
1126 1109 1141 1135 ‚
1161 1071 1455 1122 Eunuchum
1471 1109 1486 1134 .‚
1508 1083 1564 1122 ut
1590 1072 1796 1136 aditum,

449 1154 504 1204 ad
522 1155 760 1206 dominam
775 1175 917 1225 quam
930 1158 1159 1223 servabat,
1171 1159 1380 1227 praebeat
1390 1160 1569 1211 Ovidio
1584 1159 1763 1212 facilem
1775 1195 1788 1208 .
1906 1159 1969 1229 78

391 1261 487 1308 III.
527 1260 608 1311 Ad
631 1264 848 1313 eumdem
865 1301 879 1328 ‚
905 1266 989 1331 qui
1013 1265 1235 1332 precibus
1261 1264 1428 1318 durior
1452 1265 1721 1316 obstiterat.
1741 1303 1754 1315 .
1776 1301 1789 1312 .
1901 1264 1969 1327 84

385 1367 471 1415 IV.
512 1367 661 1428 Quod
680 1380 802 1419 amet
814 1407 829 1433 ‚
843 1380 891 1419 et
910 1370 1080 1438 puellae
1103 1389 1270 1422 omnes
1287 1408 1302 1435 ‚
1321 1390 1634 1439 quaecumque
1649 1371 1800 1421 forma

455 1456 544 1519 sit,
570 1457 662 1523 ipsi
686 1459 897 1526 placeant
900 1494 1785 1512 ...........................
1900 1458 1967 1510 86

385 1561 444 1607 V.
484 1561 543 1609 In
580 1561 775 1612 amicam
811 1562 1052 1615 invehitur
1072 1601 1087 1627 ‚
1137 1583 1246 1631 quae
1272 1602 1288 1627 .,
1317 1536 1424 1632 ipso
1461 1574 1697 1632 praesente
1743 1574 1793 1613 et

449 1667 670 1700 somnum
692 1651 972 1715 simulante,
996 1653 1168 1704 amoris
1202 1672 1303 1704 non
1335 1652 1467 1703 dubii
1500 1655 1632 1722 signa
1666 1670 1794 1703 con-

447 1738 566 1789 vivae
589 1739 773 1791 cuidam
798 1751 1095 1792 concesserat
1099 1775 1789 1794 .....................
1899 1759 1966 1810 90

384 1843 472 1892 VI.
508 1843 798 1907 Psittacum‚
819 1861 961 1911 quem
986 1846 1147 1906 amicae
1176 1846 1459 1910 donaverat,
1487 1846 1623 1917 luget
1642 1846 1801 1895 inter—

452 1941 632 1982 emtum
655 1965 667 1980 .
689 1921 723 1978 .’
723 1965 1791 1985 ................................
1905 1933 1972 2002 94

383 2035 497 2083 Vll.
537 2034 615 2085 Ad
653 2034 951 2087 Corinnam:
977 2047 1120 2106 negat
1156 2037 1302 2087 ullam
1338 2037 1429 2088 sibi
1468 2051 1576 2088 cum
1605 2036 1803 2106 Cypassi

449 2123 591 2174 fuisse
617 2125 1014 2174 consuetudinem
1027 2159 1245 2176 .......
1250 2142 1253 2144 ·
1265 2159 1722 2176 ..............
1736 2160 1756 2175 ,.
1778 2164 1791 2176 .
1878 2139 1971 2171 100

389 2226 531 2274 VIII.
570 2223 650 2275 Ad
675 2224 921 2293 Cypassim
939 2247 954 2276 ·:
979 2227 1152 2293 quaerit
1174 2225 1340 2276 anxius
1364 2225 1490 2276 unde
1520 2225 1724 2277 furtivos
1747 2225 1805 2274 il-

456 2315 615 2365 lorum
638 2334 822 2368 amores
851 2316 1065 2367 Corinna
1095 2317 1459 2384 deprehenderit
1468 2349 1787 2365 ..........
1875 2311 1968 2363 103

393 2419 482 2466 IX.
521 2419 602 2468 Ad
627 2419 915 2487 Cupidinem
936 2437 947 2468 ε
969 2419 1188 2470 hortatur
1210 2419 1334 2469 utin
1356 2419 1474 2469 alios
1502 2435 1701 2485 quoque
1726 2434 1809 2468 sua

451 2506 541 2556 tela
577 2508 769 2577 defigat.
790 2541 803 2554 .
824 2542 837 2554 .
859 2542 871 2554 .
892 2542 905 2555 .
926 2542 940 2561 ,
960 2538 1792 2556 .........................
1881 2503 1974 2554 106

392 2611 452 2658 X.
492 2609 571 2660 Ad
595 2609 876 2660 Graecinum
898 2630 911 2660 ε
938 2610 1101 2677 quod,
1125 2620 1297 2677 praeter
1331 2610 1462 2661 illius
1495 2611 1772 2678 opinionem
1791 2646 1805 2671 ‚

458 2699 567 2748 duae
591 2698 732 2749 simul
755 2699 942 2766 possint
963 2701 1106 2748 amari
1111 2732 1796 2749 .....................
1881 2716 1902 2745 1
1916 2715 1974 2746 10

258 2791 326 2844 4-
394 2807 483 2853 XI.
525 2803 787 2854 Corinnam
820 2804 956 2870 Bajas
980 2804 1300 2873 navigaturam
1324 2820 1350 2852 a
1377 2800 1632 2870 proposito
1656 2810 1807 2851 tentat

462 2893 697 2941 deterrere
702 2924 1252 2939 .................
1260 2888 1272 2903 ⁹
1273 2923 1562 2940 ..........
1579 2923 1597 2935 .
1613 2922 1796 2938 ......
1882 2906 1904 2937 1
1919 2907 1934 2936 ι
1946 2886 1975 2937 3

261 3020 359 3057 -f
396 2997 514 3047 XII.
549 2995 745 3045 Exultat
760 3031 777 3057 ⁷
799 2995 986 3044 tandem
1016 2994 1229 3043 Corinna
1252 2994 1437 3061 potitus
1442 3025 1797 3042 ...........
1881 3009 1902 3039 1
1916 3009 1975 3059 ¹9

261 3131 327 3141 —
398 3103 542 3150 XIII.
577 3099 658 3149 Ad
677 3099 851 3150 Isidem
873 3120 885 3148 ι
909 3109 1014 3149 orat
1032 3108 1086 3148 ut
1108 3098 1374 3168 praegnanti
1390 3097 1622 3147 Corinnae
1642 3095 1808 3148 subve-

461 3170 1790 3257 niatpropitia.¹.............................
1878 3202 1967 3233 122

265 3323 331 3331 —-
399 3295 532 3342 XIV.
578 3291 657 3341 Ad
706 3293 967 3343 Corinnam
1008 3313 1020 3343 ε
1054 3293 1372 3343 resanescenti
1398 3329 1413 3356 ‚
1440 3291 1713 3361 gravitatem
1735 3288 1807 3339 rei

472 3400 613 3446 quam
640 3391 899 3448 patraverat
915 3419 929 3446 ‚
954 3381 1148 3448 exponit
1173 3380 1365 3432 liberius
1376 3411 1796 3430 .............
1883 3374 1975 3425 126
