2268 3776
513 304 913 361 AMORUM
960 306 1095 360 III.
1155 308 1399 366 ELEG.
1454 313 1570 368 VI.

1833 338 1936 395 ¹79

146 428 235 488 Tu
263 427 478 512 potius,
507 425 646 508 ripis
675 421 848 485 effuse
878 424 1175 507 capacibus
1203 428 1410 501 amnis,

228 530 319 591 Sic
350 544 584 591 aeternus
613 550 703 588 eas
721 573 736 599 ‚
767 524 952 588 labere
982 525 1089 590 fine
1121 541 1239 590 tuo.
1882 572 1935 598 20

146 635 275 694 Non
304 632 410 694 eris
438 629 655 692 invidiae
680 643 928 703 torrens,
954 630 1092 691 mihi
1122 630 1314 704 crede,
1339 632 1575 697 ferendas
1593 684 1607 708 ‚

230 735 291 796 Si
322 734 471 796 dicar
497 756 598 818 per
627 747 680 794 te
709 732 854 794 forte
884 748 1132 796 retentus
1159 758 1363 797 amans·

146 836 399 899 Flumina
429 836 696 899 deberent
722 836 948 919 juvenes
978 837 1038 898 in
1068 861 1250 899 amore
1278 838 1499 921 juvare:

223 939 477 1001 Flumina
508 954 800 1001 senserunt
828 940 979 1024 ipsa,
1004 940 1139 1024 quid
1170 955 1313 1002 esset
1342 966 1512 1003 amor.

142 1041 381 1103 Inachus
412 1042 471 1102 in
503 1041 670 1103 Melie
695 1043 995 1126 Bithynide
1025 1042 1268 1128 pallidus
1296 1044 1403 1106 isse
1882 1072 1936 1111 π.

222 1144 469 1216 Dicitur,
503 1159 558 1205 et
587 1144 781 1222 gelidis
811 1143 1104 1207 incaluisse
1137 1146 1307 1207 vadis,

141 1246 409 1320 Nondum
431 1246 602 1328 Troja
630 1246 738 1307 fuit
766 1244 959 1308 lustris
993 1247 1221 1311 obsessa
1250 1249 1473 1311 duobus
1490 1298 1505 1322 ‚

223 1350 418 1430 Quum
439 1349 626 1433 rapuit
654 1348 868 1423 vultuS‚
897 1351 1120 1413 Xanthe
1137 1398 1153 1426 ,
1179 1355 1369 1414 Neaera
1398 1368 1539 1414 tuos.

143 1451 342 1534 Quid?
369 1476 484 1513 non
513 1451 777 1536 Alpheon
807 1451 1036 1515 diversis
1070 1478 1286 1516 currere
1320 1457 1480 1517 terris

221 1555 472 1636 Virginis
492 1555 743 1618 Arcadiae
774 1571 957 1619 certus
987 1557 1172 1637 adegit
1199 1561 1393 1619 amor?
1880 1585 1933 1625 3..

205 1754 268 1799 ¹9·
281 1736 440 1794 Effuse
457 1740 701 1794 capacibus.
724 1737 826 1782 Hoc
844 1737 912 1781 vix
930 1737 999 1782 in-

146 1802 293 1861 telligo
313 1818 324 1846 :
354 1801 388 1846 si
409 1801 608 1858 dixisset,
630 1805 734 1859 repts
754 1801 995 1859 supersuse,

144 1869 190 1914 id
209 1878 296 1925 est,
320 1868 395 1927 qui
415 1885 610 1926 egressus
625 1885 669 1913 es
683 1869 856 1913 alveum
868 1903 880 1924 ,
902 1869 999 1915 redi

144 1932 199 1978 ad
214 1932 324 1977 fines
344 1941 466 1989 tuos,
488 1948 639 1977 sensus
651 1942 870 1977 constaret
887 1951 898 1987 ;
920 1932 997 1978 sed

141 2014 288 2056 neque
327 2002 559 2056 capacibus
599 1998 740 2056 placet
786 1998 997 2057 conjungi

142 2080 245 2109 cum
258 2064 397 2122 effuse
416 2076 426 2105 Ξ
443 2064 478 2108 si
493 2062 615 2114 enim
634 2063 740 2121 ripae
761 2073 994 2122 caperent,

144 2128 215 2174 vel
231 2145 408 2188 capaces
423 2138 570 2175 essent
586 2145 709 2187 aquae
723 2163 736 2184 ,
755 2129 863 2174 nihil
885 2139 997 2175 esset

143 2193 262 2252 quod
297 2203 562 2252 quereretur
607 2202 737 2252 poeta
778 2195 994 2239 transiisse

141 2275 302 2317 aquam
323 2258 434 2304 fines
452 2275 553 2304 suos
574 2271 585 2299 τ
606 2259 710 2317 ripis
733 2260 854 2304 enim
872 2292 885 2316 ,
921 2260 997 2317 qui

139 2323 395 2369 continetur
415 2322 573 2368 fluvius
585 2356 597 2378 ,
613 2327 709 2381 fine
728 2340 806 2368 suo
822 2322 994 2368 labitur.

143 2390 199 2434 In
220 2390 495 2435 Francosurt.
514 2389 684 2447 optimo
704 2389 852 2434 codice
873 2398 992 2445 erat,

142 2459 369 2513 rapacibus
384 2473 397 2500 .·
416 2456 530 2500 sorte
552 2456 792 2514 scripserit,
816 2460 917 2499 rivis
931 2457 996 2513 ef·

127 2522 236 2580 fiase
243 2525 478 2580 rapacibus.
491 2521 564 2565 Sic
575 2538 747 2578 rapaces
759 2525 892 2573 undoe,
907 2535 992 2576 vn,

147 2590 334 2633 Metam.
355 2589 450 2630 550.
469 2586 633 2630 BURM.
655 2610 712 2619 —-
736 2585 854 2630 Nihil
874 2595 993 2630 certe

144 2651 426 2712 mutandum.
442 2651 647 2695 Vertitur
665 2650 737 2694 hic
755 2650 899 2693 omnis
913 2649 995 2693 dis-

142 2719 311 2764 ficultas
331 2716 388 2776 (si
409 2733 495 2774 qua
515 2716 683 2770 tamen)
709 2716 756 2759 in
776 2715 994 2773 interpre-

143 2783 278 2829 tanda
297 2799 403 2827 voce
423 2781 506 2825 hac
525 2783 780 2838 capacibus,
804 2796 937 2837 quam
957 2779 994 2823 si

141 2849 198 2894 de
212 2853 420 2906 rtptltquae
430 2846 600 2891 flumen
605 2851 727 2903 prius
739 2838 967 2901 capiebant
976 2880 987 2897 ,

139 2914 403 2959 intellexeris
413 2947 428 2971 ,
442 2913 551 2958 nihil
560 2929 736 2972 prorsus
749 2914 914 2957 mirum
925 2913 990 2969 es-

128 2979 270 3036 sundi
282 2978 389 3023 illud
402 2995 426 3024 e
434 2979 537 3037 ripis
546 2984 650 3030 suis,
668 2997 806 3037 quum
819 2981 990 3024 nivibus

138 3043 292 3089 solutis
307 3052 352 3088 et
364 3043 700 3102 pluviarepente
717 3045 937 3091 adauctus.

196 3125 265 3154 20.
297 3110 456 3152 Lubere
467 3110 562 3165 fine
591 3115 674 3152 tuo.
707 3110 848 3155 Solito
868 3112 990 3155 alveo

138 3182 388 3219 contentus.
434 3173 527 3218 Nec
556 3174 781 3218 immerito
819 3179 957 3220 Iabere
974 3210 987 3228 ,

142 3238 261 3296 quod
281 3237 510 3296 proprium
522 3239 661 3282 amnis
674 3239 838 3296 placide
852 3239 991 3283 fluen-

142 3305 220 3358 tis;
245 3314 290 3348 et
311 3305 549 3362 opponitur
575 3303 646 3347 hic
667 3303 924 3362 exundanti,
946 3313 991 3350 et

142 3371 257 3429 ripas
278 3385 367 3428 prae
386 3371 534 3413 surore
554 3370 790 3426 superanti.

202 3452 270 3479 21.
286 3437 383 3484 Non
402 3439 484 3481 eris
501 3438 667 3483 1’nm'dioe
682 3444 762 3481 etc.
783 3435 886 3482 Non
906 3435 990 3480 eris

1081 1747 1206 1796 aptus
1220 1771 1232 1794 ,
1249 1738 1457 1794 idoneus,
1468 1739 1659 1796 serendoe
1674 1757 1805 1799 quam
1826 1741 1871 1787 in
1890 1752 1931 1788 te

1081 1804 1275 1848 excitabo
1294 1807 1487 1856 thoe'de'ae,
1518 1805 1552 1850 si
1575 1822 1653 1863 per
1672 1815 1714 1850 te
1736 1817 1935 1855 retentus

1080 1865 1199 1910 dicar
1215 1900 1228 1922 ,
1271 1883 1410 1926 quum
1451 1869 1614 1913 amicus
1650 1869 1704 1913 ad
1745 1871 1932 1916 amicam

1078 1947 1283 1990 propero.

1134 2001 1201 2042 25.
1215 2000 1401 2042 Inachus
1409 2003 1456 2042 ia
1471 2001 1599 2043 blele'e
1605 2002 1839 2059 Bithynide
1850 2011 1931 2045 etc.

1080 2064 1428 2123 Meminithujus
1438 2065 1673 2126 Nympha,
1686 2082 1782 2123 quae
1796 2067 1930 2126 Amy-

1077 2145 1180 2173 cum
1192 2163 1204 2185 ,
1220 2130 1470 2188 Bebrycum
1485 2146 1636 2188 regem
1647 2165 1658 2185 ,
1677 2148 1701 2174 e
1720 2132 1930 2189 Neptuno

1077 2196 1279 2253 suscepit,
1294 2195 1435 2252 Apoll.
1452 2209 1505 2251 11,
1520 2214 1560 2248 2,
1579 2196 1652 2239 ubi
1666 2195 1719 2240 de
1733 2197 1928 2257 Amyco,

1518 2253 1574 2307 ὅν
1600 2282 1684 2305 ποτε
1717 2266 1842 2319 νύμᾳη

1078 2330 1192 2368 'rim
1217 2326 1455 2369 Ποσειδέωνι
1482 2331 1654 2384 γενεθλίῳ
1679 2329 1897 2379 εὐνηθεῖσα,

1077 2395 1223 2438 Βιθυνὶς
1248 2396 1392 2443 Μελίη,
1426 2393 1744 2453 :impet->mignoio
1769 2392 1927 2447 ἀνδρῶν.

1078 2453 1263 2498 Meliam
1285 2470 1460 2511 quoque
1482 2454 1566 2498 dici
1591 2471 1713 2512 posse
1736 2464 1854 2512 patet
1874 2474 1927 2500 ex

1075 2519 1169 2577 ipso
1189 2519 1413 2564 scholiaste
1428 2553 1441 2574 ,
1459 2519 1514 2564 ad
1533 2520 1680 2564 locum
1699 2521 1769 2564 cit.
1788 2524 1926 2573 ἄδηλον

1076 2588 1147 2648 yo'rp
1164 2618 1178 2641 ,
1208 2585 1352 2642 inquit
1369 2618 1382 2640 ,
1417 2589 1519 2630 τοῖόν
1546 2589 1610 2639 ε’ςι
1630 2590 1672 2631 ro'
1699 2590 1834 2648 ›clipeo-u.
1870 2611 1927 2619 —

1074 2653 1272 2710 Pallidus
1283 2655 1369 2694 isse
1379 2653 1544 2694 dic-Har.
1565 2652 1690 2695 Iners
1701 2687 1710 2700 ‚
1731 2656 1924 2708 pallidus

1076 2716 1132 2759 ob
1149 2716 1285 2774 srigus
1307 2732 1394 2772 quo
1408 2716 1667 2774 plerumque
1686 2717 1926 2773 obstringe-

1074 2782 1204 2825 batur
1219 2815 1232 2838 ,
1254 2781 1445 2836 fluxisse,
1468 2786 1594 2825 ivisse
1608 2781 1791 2833 dicitur3
1814 2782 1923 2837 quin

1074 2847 1231 2903 etiam,
1259 2851 1499 2890 incalmlcse.

1127 2930 1193 2970 27.
1240 2914 1438 2955 Obsessa.
1481 2912 1690 2966 Oppressa
1729 2911 1895 2955 Moreti
1906 2946 1919 2962 ‚

1073 2978 1277 3022 Scriverii
1295 3011 1307 3033 ,
1354 2969 1576 3020 Palatinus
1594 3008 1606 3030 ,
1649 2976 1917 3020 Francosur-

1073 3045 1204 3088 tensis
1225 3053 1269 3087 et
1289 3050 1476 3099 quatuor
1496 3040 1578 3083 alii.

1125 3128 1191 3170 29.
1219 3111 1367 3163 Qul’d?
1385 3123 1468 3149 non
1490 3106 1686 3160 Alpheon
1706 3116 1786 3150 etc.
1819 3105 1919 3150 Ce—

1069 3175 1197 3218 lebris
1213 3209 1224 3224 ‚
1248 3190 1299 3216 ex
1317 3174 1409 3229 ipso
1428 3171 1603 3215 Nasone
1617 3204 1628 3226 ,
1653 3172 1837 3215 Metam.
1852 3187 1882 3215 v
1897 3205 1910 3227 ,

1071 3239 1231 3296 Alphei
1251 3247 1295 3281 et
1314 3236 1543 3280 Arethusae
1561 3237 1704 3281 sabula
1720 3238 1821 3281 :sed
1835 3254 1917 3280 no-

1062 3314 1167 3348 tum
1193 3306 1339 3347 forsan
1371 3305 1517 3348 minus
1545 3304 1916 3362 elegantissimum

1070 3370 1244 3414 Moschi
1263 3369 1388 3428 Idyll.
1414 3383 1503 3413 vm
1520 3403 1532 3424 ,
1565 3371 1690 3426 eujus
1710 3370 1914 3420 initium:

1070 3439 1226 3494 Azy-nb,-
1243 3438 1343 3491 μετὰ
1362 3442 1496 3491 Πίσαν.
1513 3456 1547 3480 κ.
1565 3455 1598 3479 τ.
1620 3441 1651 3477 λ.
