2268 3776
246 275 318 351 74
390 277 452 329 P.
479 275 732 331 0V1D11
755 272 1079 330 NASONIS
1107 273 1455 331 AMORUM
1484 278 1531 330 I.
1562 276 1778 333 ELEG.
1810 279 1940 336 XV.

239 392 662 474 Sustineamque
692 414 847 451 coma
875 405 1214 452 metuentem
1240 389 1451 470 frigora
1478 408 1720 476 myrtum
1745 417 1760 468 ;

319 495 504 576 Atque
535 518 566 553 a
593 492 833 553 sollicito
860 492 1068 553 multus
1099 508 1316 554 amante
1346 493 1517 572 legar.

234 595 488 656 Pascitur
516 596 575 654 in
602 595 737 655 vivis
766 595 933 655 Livor
957 620 970 655 ε
996 599 1129 678 post
1156 595 1267 656 fata
1297 597 1563 678 quiescit,

319 695 511 773 Quum
543 717 676 753 suus
706 717 770 753 ex
799 693 996 754 merito
1029 716 1302 775 quemque
1334 707 1521 752 tuetur
1547 692 1748 754 honos.
1962 712 2018 769 4ο

235 789 387 867 Ergo
419 789 610 861 etiam,
637 814 809 872 quum
838 814 925 851 me
956 813 1247 873 supremus
1277 789 1523 854 adederit
1549 789 1726 868 igniS,

316 886 511 946 Vivam
536 911 549 960 ;
579 911 818 970 parsque
848 888 956 948 mei
983 887 1158 948 multa
1187 901 1468 971 superstes
1498 886 1619 947 erit.

286 1066 354 1119 4ο.
392 1066 510 1108 Tunc
527 1081 629 1109 suus
647 1082 703 1109 ex
720 1071 867 1110 men'lo
889 1084 1085 1125 quemque
1164 1066 1238 1109 lib.
1265 1080 1303 1109 11
1321 1098 1333 1120 ,
1372 1081 1464 1122 cap.
1479 1079 1508 1107 x
1527 1080 1538 1108 z
1567 1066 1737 1107 Vermes
1759 1066 1923 1119 gignH,
1950 1068 2025 1120 qui

234 1135 377 1173 luetur
389 1133 530 1174 bonor.
550 1132 760 1175 Meliores
781 1144 792 1172 ε
1166 1136 1298 1175 simul
1322 1138 1447 1188 alque
1474 1134 1627 1174 oscilla
1645 1133 1878 1186 ,lupinorum
1905 1130 2019 1174 ade-

234 1202 347 1241 Quum
361 1211 441 1232 suus
451 1212 493 1233 ex
507 1202 624 1233 merito
641 1214 802 1245 quemque
816 1210 925 1235 tuetur
936 1203 1049 1235 bonos.
1166 1198 1328 1241 derunt
1342 1231 1352 1245 ‚
1376 1199 1536 1253 reliqua
1552 1212 1656 1251 pars
1674 1200 1827 1239 enasci
1841 1211 1924 1239 non
1935 1212 2019 1251 po-

231 1261 322 1305 Sed
334 1265 375 1307 τό
390 1279 510 1318 quum
527 1279 628 1306 mox
641 1263 789 1307 denuo
802 1265 1010 1321 sequitur.
1025 1265 1084 1309 H.
1166 1270 1253 1308 test
1279 1278 1292 1303 ‚¹
1311 1264 1441 1321 vulgo
1458 1296 1470 1317 ,
1492 1266 1680 1306 ederunt.
1699 1263 1868 1305 HEINS.

284 1328 353 1381 41.
367 1329 588 1384 Supremas
597 1331 812 1372 adusserit
823 1334 945 1385 ignis.
959 1331 1085 1373 Ade-
1221 1333 1286 1385 42.
1323 1333 1510 1386 Parsque
1538 1332 1626 1371 mei
1644 1331 1780 1371 multa
1806 1333 2016 1383 superstes

230 1394 345 1436 derit
360 1393 525 1450 optime
545 1395 731 1438 Putean.
762 1396 894 1452 Prop.
915 1395 986 1438 lib.
1006 1408 1080 1451 lv,
1164 1401 1256 1439 erit.
1274 1395 1390 1452 Lege
1413 1412 1465 1438 ex
1485 1403 1672 1450 utroque
1695 1392 1878 1449 exempl.
1897 1393 2017 1436 Mas-

231 1458 355 1514 Eleg.
374 1472 444 1502 vn
459 1491 471 1513 ,
496 1476 522 1518 9
544 1471 555 1499 ε
1162 1460 1292 1502 feian.
1310 1474 1507 1514 :parsque
1518 1462 1604 1500 mei
1614 1473 1770 1512 magna
1779 1465 1860 1499 etc.
1884 1455 2015 1499 CIOF.

228 1528 272 1558 Et
288 1528 422 1559 solitum
435 1529 538 1568 digito
550 1529 701 1571 beryllon
715 1529 867 1560 adederat
882 1529 977 1570 ignis.
1164 1522 1262 1579 Ego
1275 1532 1392 1566 certe
1410 1522 1614 1565 libentius
1633 1521 1876 1578 reciperem
1889 1553 1900 1575 ,
1910 1537 2015 1575 pars

229 1588 384 1646 Vix—gil.
405 1588 565 1647 Georg.
588 1604 639 1634 1v
653 1623 665 1645 ,
690 1590 796 1645 243:
1161 1591 1318 1639 mulla,
1364 1603 1498 1644 quam
1531 1602 1688 1642 magna
1720 1602 1733 1628 .’
1772 1584 1849 1628 sed
1878 1583 2015 1626 modo

490 1661 578 1702 Saepe
591 1659 684 1692 favos
697 1661 826 1700 ignotus
841 1661 961 1692 adedit
1161 1662 1439 1710 praecesserat
1455 1685 1468 1708 ,
1498 1655 1656 1695 mullus
1675 1654 1798 1706 legar
1807 1664 1824 1702 ,⁰
1849 1649 1934 1694 nisi
1954 1649 2014 1692 ibi

226 1718 351 1751 stellio.
1161 1735 1264 1763 cum
1285 1717 1545 1775 quibusdam
1563 1717 1783 1761 codicibus
1803 1718 1942 1758 cultus
1955 1713 2013 1757 le-

228 1779 352 1824 Hinc
370 1789 415 1824 et
432 1785 544 1837 zjgm's
569 1784 705 1835 edax,
744 1782 902 1840 passim
927 1782 1080 1839 poetis.
1162 1800 1246 1842 gas.
1259 1784 1528 1840 Multapars,
1547 1791 1597 1826 ut
1607 1783 1719 1826 Hor.
1733 1794 1815 1835 111,
1833 1779 1922 1825 Od.
1937 1779 2012 1822 30:

228 1846 465 1891 Adedendi
507 1848 693 1892 verbum
731 1857 778 1891 et
820 1846 1079 1892 Columellae
1220 1852 1297 1885 Non
1315 1853 1420 1884 omnis
1433 1852 1575 1894 morini-3
1602 1854 1771 1896 multaque
1783 1861 1857 1895 pars
1873 1850 1938 1882 mei

226 1911 523 1969 reddendum,
539 1929 590 1958 ex
604 1913 778 1972 optimis
791 1913 1075 1967 membranis,
1221 1914 1347 1947 Vitabit
1359 1914 1552 1948 Libitinam.
