2268 3776
310 321 419 374 360

789 324 854 376 P.
907 326 1204 383 OVIDII
1253 330 1635 390 NASONIS

308 440 384 497 Et
413 437 586 497 teneri
610 438 793 520 possis
824 465 1041 503 carmen
1070 443 1267 522 legisse
1298 448 1557 532 Properti
1581 475 1594 523 3

391 535 516 595 Sive
541 533 751 617 aliquid
783 535 928 597 Galli
951 563 962 610 ;
994 541 1135 613 sive,
1163 543 1388 606 Tibulle
1407 593 1422 618 ‚
1450 561 1608 608 tuum
1631 573 1645 621 3

309 630 583 713 Dictaque
614 633 854 692 Varroni
884 634 1049 696 fulvis
1077 637 1318 716 insignia
1345 641 1490 703 villis

387 727 634 802 Vellera,
666 754 960 808 germanae,
991 734 1207 817 Phryxe
1225 783 1240 807 ,
1276 739 1554 819 querenda
1582 755 1723 812 tuae3

306 825 382 884 Et
407 825 710 907 profugum
740 829 954 890 AEnean
973 876 987 902 ,
1014 829 1135 891 altae
1164 833 1473 915 primordia
1503 839 1722 910 Romae,

389 923 523 1002 Quo
553 923 769 984 nullum
801 928 960 987 Latio
993 927 1194 989 clarius
1222 945 1370 991 extat
1401 956 1560 1015 opus.

305 1018 563 1079 Forsitan
594 1035 649 1080 et
676 1037 931 1083 nostrum
959 1049 1165 1086 nomen
1191 1026 1516 1088 miscebitur
1541 1028 1663 1088 istis
1686 1050 1700 1099 ;

388 1115 502 1176 Nec
530 1141 650 1177 mea
679 1120 916 1180 Lethaeis
947 1122 1150 1204 scripta
1178 1122 1464 1184 dabuntur
1491 1124 1666 1207 aquis.

2013 1141 2096 1198 340

305 1212 491 1299 Atque
523 1213 723 1298 aliquis
753 1218 897 1278 dicet
921 1245 934 1280 :
958 1220 1155 1281 Nostri
1176 1219 1295 1299 lege
1326 1220 1476 1281 culta
1505 1221 1758 1299 magistri

391 1309 677 1382 Carmina,
709 1314 833 1395 quis
863 1329 1047 1396 partes
1077 1316 1307 1376 instruit
1335 1316 1428 1377 ille
1461 1317 1615 1378 duaS.

308 1405 459 1466 Deve
493 1407 674 1468 tribus
706 1408 865 1470 libris
883 1458 898 1483 ,
928 1411 1126 1473 titulus
1158 1437 1300 1496 quos
1328 1413 1513 1493 signat
1541 1416 1814 1477 Amorum
1836 1461 1851 1487 ,

386 1503 546 1582 Elige
565 1552 580 1578 ,
613 1507 765 1589 quod
800 1507 969 1569 docili
999 1509 1245 1571 molliter
1275 1503 1368 1572 ore
1400 1510 1565 1590 legas.

305 1598 410 1659 Vel
439 1601 544 1661 tibi
574 1607 885 1687 composita
916 1623 1169 1669 cantetur
1196 1607 1454 1692 Epistola
1482 1632 1651 1670 voce:

389 1700 653 1776 Ignotum
686 1703 794 1763 hoc
826 1704 946 1765 aliis
976 1705 1068 1766 ille
1097 1707 1323 1768 novavit
1354 1731 1515 1791 opus.

312 1795 365 1854 Ο
396 1794 507 1866 ita,
535 1798 746 1860 Phoebe
764 1847 778 1872 ,
810 1801 975 1862 velis·
965 1850 977 1874 ,
1009 1803 1087 1863 ita
1114 1828 1214 1864 vos
1235 1852 1250 1877 ,
1280 1804 1374 1888 pia
1402 1803 1632 1865 numina
1647 1817 1866 1877 vatum,

391 1893 633 1971 Insignis
665 1921 840 1957 cornu
870 1900 1116 1973 Bacche,
1141 1925 1450 1986 novemque
1480 1903 1644 1962 Deae!

310 1989 456 2068 Quis
488 1990 733 2066 dubitet,
767 1995 904 2077 quin
935 1997 1073 2057 scire
1105 1998 1270 2059 velim
1300 1999 1496 2060 saltare
1529 1997 1808 2082 puellam·
1797 2047 1810 2069 ‚

394 2087 474 2145 Ut
502 2105 720 2149 moveat
746 2092 934 2172 posito
963 2094 1232 2156 brachia
1217 2120 1368 2176 jussa
1395 2097 1592 2157 mero?

1988 2109 1990 2113 ’
2016 2111 2098 2154 350

312 2181 570 2246 Artifices
597 2186 785 2247 lateris
804 2236 819 2262 ,
847 2214 1023 2261 scenae
1053 2191 1394 2274 spectacula,
1426 2207 1710 2254 amantur:

310 2357 535 2402 nandrum
549 2361 705 2405 melius
717 2362 880 2407 Graecis
893 2364 1032 2420 poetis
1043 2365 1169 2423 jungi

312 2432 421 2479 puto
453 2457 463 2478 ,
502 2434 552 2469 ut
585 2435 630 2469 et
663 2441 729 2482 11,
770 2429 903 2474 Trist.
942 2431 1051 2490 369,
1093 2432 1168 2474 ubi

313 2489 447 2531 etiam
476 2490 632 2534 Romae
667 2494 811 2549 pueris
839 2495 1167 2553 virginibusque

311 2552 397 2609 legi
415 2555 553 2598 solere
576 2558 723 2613 prodit
750 2560 923 2604 Noster.
954 2561 1166 2618 Adposite

313 2620 571 2677 Propertius
591 2623 662 2667 lib.
686 2625 925 2684 1V‚Eleg.
946 2641 1000 2680 v,
1024 2628 1103 2681 43ε

311 2694 375 2725 Sed
390 2706 433 2735 po
413 2696 482 2726 oitu
485 2706 572 2726 smu
552 2697 630 2727 uind
645 2697 716 2727 Tha
726 2700 817 2739 'srep
800 2700 865 2729 eiot
868 2701 1113 2741 saMenandri,

353 2757 420 2797 Qut
424 2756 528 2787 ιωΐεῑ
530 2756 584 2789 iat
588 2765 675 2789 sotut
726 2759 808 2789 oicm
811 2772 922 2792 amoec
907 2761 965 2791 cha
979 2763 1075 2793 Getas

318 2817 411 2874 Qui
446 2818 566 2861 locus
602 2828 646 2861 et
674 2819 793 2863 hunc
828 2820 881 2864 de
912 2785 1167 2866 Menandro

315 2884 409 2941 capi
423 2883 583 2928 debere
599 2886 812 2939 ostendit,
832 2887 1057 2945 etegregia
1070 2888 1165 2931 luce

318 2966 341 2992 a
370 2950 648 2994 Broukhusio
682 2951 989 3008 perfunditur3
1021 2969 1045 2995 a
1078 2969 1166 3009 quo

315 3022 488 3070 tamen,
512 3016 545 3059 si
559 3016 780 3060 discedere
794 3018 855 3060 sas
869 3028 959 3071 est,
988 3018 1165 3061 mallem

313 3084 508 3124 mundum
522 3082 826 3125 Menandrum
838 3083 923 3126 diei
936 3117 948 3139 ,
970 3100 994 3126 a
1005 3100 1166 3127 sermo·

315 3146 384 3188 nis
413 3146 627 3203 elegantia
646 3180 658 3202 ,
695 3156 744 3190 ut
769 3149 846 3192 ins.
872 3151 953 3209 479
974 3162 985 3188 2
1012 3153 1167 3194 munda

314 3214 454 3254 verba.
474 3212 637 3255 BURM.

369 3276 462 3331 334.
496 3280 679 3329 Tibulle,
704 3284 832 3322 tuum.
850 3279 1059 3324 Francius
1079 3296 1166 3323 vo-

314 3340 457 3395 lebat,
489 3344 581 3384 Tui.

366 3406 460 3448 335.
482 3409 693 3464 Dictaque
722 3412 1000 3453 Varrom‘etc.
1030 3410 1166 3453 Dixi-

310 3486 410 3515 mus
430 3471 521 3527 jam
538 3505 550 3528 ,
574 3473 728 3517 Amor.
751 3476 796 3530 I,
822 3476 945 3534 Eleg.
966 3490 1026 3526 xv
1041 3509 1055 3531 ‚
1084 3493 1131 3519 21
1150 3508 1163 3531 ,

1251 2367 1306 2411 de
1348 2366 1655 2424 Argonauticis
1701 2364 1845 2423 Apoll.
1885 2362 2033 2408 Rhod.
2073 2379 2098 2406 a

1251 2434 1456 2475 Varrone
1478 2431 1666 2476 Atacino
1693 2431 1740 2474 in
1766 2430 1924 2474 latinos
1949 2444 2099 2473 versus

1250 2514 1481 2541 conversls.

1303 2562 1398 2617 343.
1428 2563 1642 2605 Amorum.
1671 2560 1848 2604 Amores
1868 2557 2100 2602 Bartholi-

1248 2627 1431 2671 nianus:
1447 2631 1625 2678 amoris,
1644 2626 1842 2670 Patavin.
1854 2633 1898 2668 et
1914 2624 2003 2666 duo
2016 2623 2100 2666 alii.

1304 2693 1398 2747 346.
1426 2695 1618 2748 Ignotum
1645 2694 1726 2733 boc
1753 2694 1856 2733 alt'is*
1874 2698 1955 2732 etc.
1982 2688 2099 2731 Vide

1250 2773 1383 2813 quam
1392 2756 1683 2814 praemisimus
1692 2754 1836 2810 primo
1847 2753 1990 2810 operis
2001 2768 2099 2795 nos-

1249 2821 1307 2863 tri
1339 2820 1553 2864 volumini
1584 2818 1779 2863 criticam
1808 2833 1860 2860 ea
1886 2817 1941 2860 de
1969 2833 2017 2859 re
2049 2816 2099 2859 Ρ

1248 2885 1498 2928 Burmanni
1511 2883 1694 2927 secundi
1707 2883 2071 2926 dissertationem.

1304 2951 1400 2994 350.
1422 2952 1611 2993 Brachia
1615 2949 1760 3003 jussa.
1791 2947 2005 2992 Schefferi
2024 2962 2101 2990 co-

1249 3015 1331 3058 dex
1346 3016 1477 3059 habet
1488 3047 1500 3069 ,
1512 3031 1647 3070 passa
1657 3049 1667 3066 ‚
1691 3014 1809 3070 quod
1821 3015 2075 3071 praeserrem
2085 3046 2098 3067 ,

1249 3089 1299 3123 ut
1329 3080 1569 3136 elegantius
1596 3089 1642 3123 et
1664 3079 1845 3123 doctius.
1879 3079 1953 3122 Sic
1985 3078 2102 3135 apud

1248 3147 1555 3203 Propertium,
1579 3146 1625 3189 II
1641 3179 1654 3200 ,
1676 3145 1798 3202 Eleg.
1819 3158 1939 3188 xvln
1956 3177 1968 3199 ‚
1991 3147 2016 3187 5
2035 3159 2046 3187 ε

1246 3223 1323 3254 Sive
1337 3222 1457 3264 aliquis
1473 3222 1566 3253 molli
1580 3221 1708 3252 diducit
1722 3220 1861 3252 candida
1875 3227 1967 3262 gestu

1287 3284 1425 3315 Brachia
1437 3307 1448 3322 ‚
1463 3295 1519 3314 seu
1533 3294 1590 3314 var

1252 3345 1389 3402 Quod
1403 3344 1568 3388 nollem
1581 3344 1627 3386 in
1649 3346 1821 3387 deducit
1832 3342 2018 3386 mutari:
2038 3346 2099 3387 di-

1247 3410 1522 3454 ducereenim
1531 3419 1596 3452 est
1605 3409 1797 3466 pandere
1811 3441 1825 3463 ,
1841 3407 2095 3464 dispescere.

1303 3477 1397 3521 351.
1418 3477 1616 3534 Arlqfices
1634 3478 1878 3532 laterzzcletc.
1909 3475 2096 3532 Egregie

1593 3284 1639 3314 ios
1653 3283 1767 3314 incinit
1779 3294 1833 3314 ore
1847 3283 1973 3313 modos,
