2268 3776
300 317 408 393 276

746 315 810 370 P.
866 316 1174 396 ov1n11
1219 316 1602 375 NAsole

372 435 543 493 Fraus
574 430 753 491 absit:
778 454 972 491 vacuas
1002 432 1159 492 caedis
1188 432 1383 493 habete
1410 453 1624 493 manus:

293 528 520 599 Ludite,
552 527 599 586 si
629 515 846 608 sapitis,
879 526 1022 586 solas
1051 528 1273 608 impune
1297 527 1507 609 puellas
1534 554 1548 588 ε

372 626 491 682 Hac
519 622 701 681 minus
733 637 816 683 est
843 647 954 682 una
974 621 1161 682 fraude
1193 621 1394 681 tuenda
1420 621 1571 682 fides,

290 718 484 780 Fallite
507 717 757 779 fallentes
783 745 794 778 τ
819 743 885 778 ex
913 741 1110 796 magna
1135 731 1290 799 parte
1320 717 1614 798 profanum

1971 735 2052 791 645

375 815 519 874 Sunt
549 838 720 892 genus
746 839 758 873 :
790 814 848 872 in
879 813 1132 895 laquem,
1166 835 1305 894 quos
1332 815 1589 894 posuere,
1623 812 1829 875 cadant.

290 911 509 970 Dicitur
536 911 810 992 AEgyptus
841 910 1072 970 caruisse
1099 908 1422 988 juvantibus
1449 932 1574 968 arva

370 1006 654 1066 Imbribus
672 1052 686 1079 ,
720 1021 880 1089 atque
907 1028 1080 1065 annos
1112 1005 1253 1064 sicca
1279 1004 1447 1065 fuisse
1475 1027 1704 1076 novem;

292 1102 482 1180 Quum
515 1102 780 1164 Thrasius
808 1103 1035 1162 Busirin
1065 1101 1179 1161 adit
1197 1148 1211 1174 ,
1243 1105 1623 1183 monstratque
1648 1100 1789 1184 piari

371 1198 628 1280 Hospitis
662 1198 838 1259 effuso
869 1198 1134 1277 sanguine
1164 1198 1329 1280 POSSe
1358 1200 1567 1258 Jovem.

1973 1212 2055 1256 650

290 1293 380 1353 Illi
408 1295 624 1355 Busiris
650 1320 662 1355 :
693 1296 790 1355 fies
818 1297 853 1354 J
857 1296 974 1354 ovis
998 1294 1181 1354 hostia
1210 1294 1421 1376 primus
1439 1341 1454 1366 ‚

370 1391 593 1473 Inquit,
626 1406 680 1450 et
706 1392 951 1473 AEgypto
981 1384 1043 1449 tu
1068 1390 1253 1462 dabis,
1285 1391 1519 1471 hospeS‚
1552 1394 1782 1472 aquam(

291 1488 366 1546 Et
396 1486 642 1547 Phalaris
674 1502 832 1546 tauro
862 1485 1091 1546 violenti
1115 1486 1362 1546 membra
1390 1484 1580 1546 Perilli

373 1582 599 1642 Torruit
623 1608 635 1641 :
661 1581 851 1641 infelix
875 1581 1079 1641 imbuit
1105 1595 1300 1641 auctor
1332 1604 1492 1663 opus.

288 1684 482 1743 Justus
511 1698 742 1765 uterque
768 1683 874 1742 fuit
898 1708 911 1742 ε
940 1706 1118 1764 neque
1147 1683 1294 1742 enim
1322 1681 1409 1742 lex
1439 1681 1649 1764 aequior
1676 1679 1822 1752 ulla,

1602 1648 1621 1669 Q

1970 1695 2052 1739 655

369 1787 551 1865 Quam
581 1786 730 1845 necis
758 1785 987 1845 artifices
1017 1800 1130 1845 arte
1159 1785 1337 1868 perire
1366 1808 1479 1844 sua.

289 1891 438 1965 Ergo
472 1901 526 1947 et
554 1887 801 1969 perjuras
827 1888 1024 1946 merito
1056 1888 1294 1969 perjuria
1325 1885 1553 1944 fallant:

341 2068 435 2122 644.
475 2069 572 2109 Hac
606 2069 742 2110 minus
776 2073 843 2109 est
870 2082 956 2109 una
975 2066 1133 2120 fraude

289 2134 442 2175 tuenda
446 2133 574 2187 fides.
594 2133 698 2174 Hoec
717 2135 851 2186 magt}
868 2137 953 2181 est,
970 2131 1132 2187 Regius

289 2207 334 2241 et
344 2198 412 2240 alii
427 2196 604 2252 quidam
619 2212 628 2239 ε
642 2195 718 2239 sed
728 2196 860 2253 probe
873 2195 1133 2240 Oxoniensis

291 2272 335 2306 et
343 2261 549 2318 Scaligeri
560 2270 757 2318 excerpta
767 2277 867 2304 cum
876 2261 1130 2318 potioribus,

288 2330 387 2373 Hac
400 2332 535 2382 magis
547 2333 612 2370 est
623 2344 709 2370 una
719 2327 885 2382 fraude.
897 2327 927 2369 J
931 2326 1042 2369 ureti
1058 2342 1134 2369 co-

290 2392 372 2435 dex
392 2392 546 2447 aliique
567 2399 655 2434 tres
666 2424 678 2446 ,
695 2393 794 2434 Hac
810 2395 947 2447 magis
966 2397 1033 2434 est
1049 2407 1135 2433 una

282 2462 414 2512 parte.
428 2456 559 2500 —-.Sit
578 2473 727 2500 sensus
742 2456 813 2499 :in
833 2456 986 2499 ceteris
1004 2455 1134 2499 rebus

290 2520 426 2563 fidem
439 2521 696 2564 servandam
708 2537 799 2564 esse
814 2537 825 2574 ;
840 2520 915 2564 sed
928 2522 973 2564 in
985 2537 1134 2564 amore

290 2586 420 2628 licere
434 2585 601 2640 puellas
619 2586 767 2628 fallere
782 2619 794 2640 ,
809 2586 965 2629 eodem
980 2585 1131 2641 modo,

290 2666 378 2706 quo
409 2666 531 2706 reges
542 2681 554 2703 ‚
588 2666 639 2692 ex
659 2660 873 2706 praecepto
900 2652 1134 2710 Tyranno-

289 2722 390 2758 rum
404 2723 447 2757 et
463 2713 658 2768 Caesaris,
669 2714 846 2770 jactant,
865 2720 910 2757 si
905 2716 1133 2769 jusjuran—

290 2782 388 2823 dum
401 2784 468 2821 est
483 2781 723 2821 violandum
737 2812 749 2831 ,
769 2784 889 2834 regni
901 2796 1032 2821 causa
1045 2787 1111 2822 est
1120 2797 1133 2822 .-

285 2848 433 2887 ceterae
450 2845 571 2885 rebus
582 2847 782 2896 pietatem
799 2845 928 2885 colas.
962 2844 1133 2885 Tuenda

286 2908 347 2950 ita
368 2907 632 2950 amatoribus
651 2906 758 2949 fides
772 2939 787 2962 ‚
804 2905 886 2949 hac
906 2923 993 2948 una
1009 2915 1130 2962 parte

286 2972 432 3015 minus
444 3005 455 3027 ,
472 2972 631 3015 scilicet
643 2972 718 3015 uhi
734 2988 812 3028 per
824 2972 1034 3015 fallaciam
1048 2988 1130 3014 ex-

287 3044 489 3091 torqueas
503 3068 515 3090 ,
537 3035 653 3091 quod
677 3036 769 3078 sine
790 3034 940 3078 fraude
966 3036 1131 3091 petenti

286 3100 435 3142 suisset
467 3100 744 3156 denegatum.
777 3099 851 3143 Sic
877 3104 1011 3142 minus
1029 3116 1130 3142 cum

286 3163 489 3213 ablativo,
515 3179 595 3220 pro
608 3171 776 3219 praeler,
798 3180 962 3220 ponere
983 3172 1130 3207 amant

286 3227 443 3270 Latini.
476 3229 640 3271 Hmns.
663 3237 706 3271 et
725 3229 886 3272 Romu.

339 3292 432 3348 647.
462 3294 632 3335 Dicitur
644 3295 849 3349 AEgyptus
865 3297 1050 3336 caruetcse
1056 3293 1128 3347 ju-

285 3360 476 3400 vantibus
498 3373 599 3401 arva
622 3367 699 3401 etc.
722 3357 849 3400 Idem
871 3358 1001 3402 tradit
1019 3356 1126 3416 Hy-

283 3422 409 3480 ginus
420 3423 619 3475 Fab.,2v1.
634 3426 837 3483 AEgyplos
851 3424 1031 3481 Regius:
1047 3440 1126 3480 pro

1202 2067 1464 2122 juvantibus,
1470 2064 1739 2108 Ramirezius
1747 2063 1793 2106 in
1806 2061 2056 2106 Martialem

1212 2131 1283 2174 lib.
1299 2146 1331 2185 1,
1347 2131 1492 2187 Epigr.
1509 2130 1560 2172 62
1572 2162 1584 2184 ,
1608 2130 1838 2184 nganlt'bus
1856 2128 2029 2184 reponit
2048 2143 2058 2170 :

1214 2195 1288 2240 sed
1298 2195 1421 2238 male.
1435 2195 1594 2239 Noster
1602 2194 1732 2236 Pont.
1745 2193 1771 2235 l.
1787 2205 1840 2246 11,
1855 2191 1921 2234 El.
1938 2206 1971 2246 1,
1991 2192 2055 2234 13:

1214 2271 1343 2312 Jupiter
1355 2268 1492 2299 utilibus
1506 2268 1633 2310 quoties
1645 2270 1740 2310 juvat
1753 2265 1910 2297 imbribus
1923 2276 2014 2306 agros
2024 2288 2035 2304 ‚

1252 2331 1361 2362 Mixta
1374 2336 1470 2360 tenax
1485 2328 1582 2368 segeti
1594 2338 1735 2359 crescere
1750 2327 1846 2369 lappa
1860 2326 1951 2358 solet.

1214 2391 1383 2434 Plinius
1403 2390 1515 2433 libro
1529 2401 1628 2432 xvn
1642 2421 1654 2444 ‚
1671 2404 1759 2445 cap.
1776 2406 1799 2430 2
1815 2404 1825 2431 τ
1846 2389 2056 2443 Quaprop-

1215 2462 1278 2499 ter
1293 2458 1440 2499 lisdem
1460 2458 1658 2498 imbribus
1674 2456 1858 2510 quaedam
1876 2455 1978 2495 laedi
1990 2457 2057 2494 vi—

1214 2522 1342 2571 deas,
1365 2522 1550 2576 quedam
1570 2518 1722 2575 juvari.
1743 2518 1908 2561 Hmss.
1965 2552 1967 2554 .

1267 2586 1360 2628 550.
1368 2587 1563 2640 Hospitis
1573 2583 1711 2640 ffuso
1729 2586 1942 2638 sangm'ne.
1958 2581 2054 2624 Ad—

1177 2701 1181 2705 ,
1200 2649 1308 2703 fuso
1329 2649 1513 2705 Regius,
1535 2656 1585 2690 ut
1605 2647 1658 2690 ad
1679 2662 1799 2689 aram
1818 2646 1939 2688 Jovis
1953 2660 2053 2687 res-

1213 2712 1354 2768 piciat
1372 2711 1503 2754 Ovid.
1523 2711 1706 2754 Heroid.
1727 2723 1815 2752 x111
1830 2741 1842 2763 ,
1870 2711 1948 2762 114
1970 2725 1979 2751 ε

1253 2782 1301 2811 Ut
1317 2781 1396 2811 solet
1408 2781 1525 2824 adfiaso
1543 2790 1670 2820 surgere
1682 2778 1810 2810 flamma
1823 2788 1921 2808 mero.

1213 2841 1294 2897 Sic&
1307 2848 1351 2882 et
1371 2839 1483 2895 apud
1507 2839 1757 2882 Martialem
1775 2837 2052 2882 scribendum

1211 2904 1282 2947 lib.
1303 2919 1350 2946 lx
1367 2936 1379 2958 ,
1412 2904 1559 2961 Epigr.
1580 2918 1699 2946 LXII:

1252 2975 1381 3012 Crevit,
1395 2981 1427 3004 et
1441 2974 1559 3017 adfuso
1572 2975 1675 3005 laetior
1692 2973 1806 3004 umbra
1820 2985 1919 3005 mero.
1939 2976 2048 3007 IDEM.

1263 3035 1357 3077 653.
1387 3037 1546 3078 Perilli.
1580 3037 1788 3078 Pen'laum
1806 3043 1930 3079 vocat
1951 3035 2050 3077 Lu·-

1209 3099 1358 3141 cianus
1389 3100 1434 3140 in
1466 3101 1646 3142 Phalari
1664 3104 1801 3155 primo
1819 3133 1830 3152 ,
1859 3099 1933 3142 ubi
1962 3107 2051 3142 tota

1210 3163 1389 3206 historia
1407 3172 1621 3207 narratur.

1263 3228 1356 3285 657.
1386 3230 1501 3281 Ergo
1518 3233 1563 3270 et
1572 3228 1764 3283 perjuras
1782 3231 1925 3270 merila
1940 3242 2049 3282 pet-

1198 3294 1507 3349 J'urt‘afallant.
1530 3295 1589 3336 Ut
1594 3294 1764 3349 fallant
1785 3293 1928 3349 scripti
1948 3292 2048 3348 ple-

1209 3360 1360 3415 rique;
1381 3358 1458 3402 sed
1492 3359 1653 3415 Regius
1682 3367 1726 3401 et
1754 3356 2012 3401 Oxoniensis
2032 3389 2043 3410 ‚

1208 3424 1448 3480 utfallent:
1469 3424 1661 3479 quinque
1683 3422 1778 3476 alii,
1801 3427 1848 3465 ut
1854 3421 2046 3477 perjuras
