2268 3776
563 261 821 319 AR'rls
863 240 1333 317 AMATORIAE
1380 263 1543 317 ΜΒ.
1587 262 1635 314 1.

306 383 490 462 Quam
515 379 675 452 velit,
698 393 755 440 et
781 378 946 438 tacito
973 391 1195 460 pectore
1223 376 1395 438 multa
1417 390 1652 438 movent.

1876 260 1985 334 239

1915 406 1989 434 ΙΗ)

223 485 511 567 Dumque,
540 478 732 543 rudem
756 479 1035 564 praebente
1064 478 1292 540 modum
1322 478 1548 539 tibicine
1576 478 1829 549 Thusco,

303 585 514 647 Ludius
544 597 810 667 aequatam
840 596 923 643 ter
946 581 1087 666 pede
1114 579 1302 666 pulsat
1325 579 1591 652 humum;

227 691 290 749 In
316 688 498 750 medio
524 686 752 771 plausu,
783 685 1012 770 plausus
1041 701 1172 747 tunc
1204 699 1318 747 arte
1345 683 1589 754 carebat,

306 791 425 851 Rex
450 788 662 874 populo
691 789 886 872 praedae
915 789 1071 868 signa
1099 785 1335 872 petenda
1363 784 1529 846 dedit.

290 987 381 1016 uo.
422 973 562 1015 Multa
595 977 768 1015 movent.
807 970 1072 1028 Conjecerat

223 1035 331 1080 olim
353 1037 585 1091 Heinsius,
599 1042 772 1080 vovent:
788 1044 837 1079 ut
853 1035 951 1079 infr.
967 1036 1044 1094 327
1061 1051 1071 1078 ε

226 1103 367 1146 Multa
394 1116 526 1155 vove,
551 1101 626 1146 sed
649 1101 720 1145 bic
739 1116 831 1144 non
853 1099 1070 1144 convenit.

286 1185 301 1210 1
314 1184 329 1212 1
337 1185 375 1210 2.
386 1168 547 1226 Lydius
557 1172 774 1224 aquatam.
790 1167 952 1209 Ludius
965 1165 1075 1209 Sca·-

226 1231 335 1290 liger
362 1240 405 1280 et
438 1230 678 1276 Politianus
698 1247 708 1274 ε
727 1247 811 1275 nec
842 1230 966 1274 aliter
993 1245 1075 1288 pro

228 1289 396 1341 diversa'
414 1296 600 1341 lectione
614 1296 659 1340 in
676 1295 841 1339 Moreti
854 1295 979 1339 libro.
994 1296 1076 1339 Lu-

228 1364 297 1407 die·
309 1361 443 1406 iidem
464 1362 537 1419 qui
558 1361 816 1414 histriones,
836 1360 893 1405 de
920 1361 1075 1419 quibus

232 1442 370 1486 quum
403 1426 472 1471 alii
494 1427 583 1485 jam
605 1426 778 1471 abunde
806 1444 856 1470 ex
886 1428 1078 1485 professo

233 1492 430 1550 egerint,
461 1492 580 1550 quod
612 1492 771 1536 addam
798 1508 891 1536 non
924 1491 1077 1536 habeo.

236 1557 307 1601 Ad
326 1574 425 1602 rem
446 1566 595 1602 tamen
621 1558 720 1601 sacit
741 1557 849 1600 Livii
870 1557 988 1602 locus
1008 1558 1078 1601 lib.

234 1637 304 1668 vn
319 1656 332 1679 ,
354 1639 444 1682 cap.
473 1641 489 1667 1
501 1641 516 1667 1
543 1638 554 1667 ι
576 1623 789 1667 ludiones
809 1639 863 1666 ez·
881 1625 1082 1667 Hetrun'a

235 1692 389 1741 acciti,
413 1690 476 1732 ad
490 1690 678 1732 tibicinis
695 1690 840 1731 modos
850 1691 1078 1739 saltantes,

236 1754 356 1796 haud
371 1755 589 1796 indecoros
619 1758 755 1796 motus
784 1769 895 1796 more
919 1751 961 1794 Τ
955 1754 1083 1795 busco

236 1819 408 1861 dabant.
444 1815 652 1876 Optimus
681 1817 845 1875 Regius
863 1849 875 1873 ,
901 1818 1038 1861 Ludis
1060 1833 1084 1860 a

237 1873 373 1926 manu
392 1881 534 1940 prima
547 1915 559 1939 ,
579 1881 654 1927 sed
678 1882 963 1932 emendatum
983 1899 1085 1940 pos-

237 1957 327 2001 tea,
352 1948 528 2007 Lydius.
550 1949 695 1992 Varro
715 1947 831 2006 apud
853 1949 1050 1993 Nonium
1070 1982 1082 2005 ,

238 2015 400 2066 Ladios
412 2012 514 2087 17¹¹st
535 2029 624 2059 esse
648 2013 785 2058 dictos
802 2047 813 2070 ‚
837 2013 954 2072 quod
974 2013 1086 2059 ludis

238 2078 360 2138 pueri
383 2078 585 2136 proesules
605 2087 751 2123 essent
771 2078 905 2138 glabri
928 2094 976 2123 ac
998 2078 1085 2123 de-

238 2144 371 2204 piles,
393 2153 573 2203 propter
604 2154 807 2199 aetatem3
837 2154 966 2202 atque
1001 2144 1088 2190 huc

238 2210 505 2255 trahendum
515 2209 619 2254 illud
633 2211 825 2255 Plautin.
836 2210 1088 2254 Aululariae:

240 2286 294 2317 Tu
311 2286 411 2324 istum
424 2286 545 2327 guttum
554 2309 566 2326 ,
584 2286 611 2318 at
629 2286 716 2328 sapi·
729 2310 740 2326 ‚
755 2286 946 2328 glabriorem

242 2346 370 2379 Redde·
383 2345 464 2378 mihi
473 2369 484 2387 ,
500 2358 599 2389 quam
612 2346 727 2378 vulsus
744 2346 847 2394 ludiu’
859 2354 899 2378 st.
914 2348 1047 2380 fluns.

303 2424 319 2450 1
332 2407 393 2451 13.
429 2409 614 2452 Plausus
651 2412 750 2451 tunc
781 2413 871 2452 arte
908 2411 1091 2451 carebat.

251 2474 368 2517 Tunc
385 2471 563 2531 quidem
576 2507 588 2529 ,
603 2489 708 2516 nam
725 2483 874 2531 postea
892 2489 985 2517 non
1008 2474 1091 2518 nisi

248 2538 474 2592 artificiose
495 2537 586 2582 dati
613 2538 795 2597 plausus.
817 2539 1021 2583 Tacitum
1041 2557 1092 2583 ea

247 2602 301 2647 de
317 2620 365 2648 re
383 2603 610 2648 audiamus
623 2637 635 2660 ,
651 2604 813 2648 Annal.
825 2604 896 2648 lib.
912 2619 992 2648 xvl
1008 2638 1021 2660 ,
1045 2608 1090 2661 4:

248 2687 271 2708 κ
292 2668 421 2712 Plebs
459 2668 639 2726 quidem
673 2669 791 2713 urbis
830 2668 1095 2714 histrionum

247 2749 422 2795 quoque
443 2743 586 2794 gestus
606 2735 756 2793 juvare
778 2736 901 2780 solita
916 2769 928 2790 ,
945 2753 1096 2794 perso·-

247 2799 381 2854 nabat
401 2805 527 2844 cerm·
542 2800 684 2844 modis
699 2834 711 2857 ,
727 2801 964 2859 plausuque
982 2818 1098 2846 com-

241 2863 586 2922 pose'to.»Quum
592 2881 696 2910 vero
706 2866 842 2922 addit,
852 2867 990 2925 eapite
1000 2869 1098 2912 suh-

250 2931 474 2987 sequenti:
495 2947 597 2975 cum
615 2936 808 2976 manibus
816 2933 1094 2990 fatzscerent,

250 2995 481 3040 turbarent
492 3013 650 3052 gnaros
671 2997 750 3042 etc.
771 2998 934 3043 indicat
953 3000 1098 3043 mani-

248 3062 356 3105 feste
377 3061 505 3124 fuisse
527 3061 761 3118 aliquando
786 3063 834 3108 in
856 3067 1099 3120 plaudendo

251 3141 468 3169 manuum
486 3135 642 3182 artem,
657 3143 789 3184 quam
813 3136 987 3172 nossent
1003 3130 1091 3185 alii,

255 3190 325 3234 alii
362 3190 630 3247 ignorarent.
671 3191 861 3236 Neronis
900 3202 1100 3250 tempore

253 3258 386 3300 etiam
396 3257 694 3318 exstitisse,qui
704 3257 977 3302 artificiosam
986 3259 1102 3315 plau-

254 3339 384 3367 suum
411 3322 655 3367 doctrinam
686 3322 934 3379 traderent,
956 3333 1000 3368 et
1028 3325 1102 3381 qui

257 3387 583 3443 condiscerent,
603 3396 749 3445 aperte
771 3397 889 3444 patet
908 3405 958 3431 ex
978 3389 1102 3434 Suet.

1153 969 1197 1013 in
1226 968 1414 1016 Neronis
1433 981 1491 1011 xx
1515 983 1524 1011 :
1548 967 1736 1024 «Neque
1758 981 1812 1010 eo
1831 966 2003 1024 segnius

1156 1033 1450 1078 adolescentes
1481 1033 1692 1090 equestris
1733 1031 1921 1087 ordinis,
1958 1041 2003 1075 et

1155 1100 1349 1157 quinque
1371 1098 1554 1156 amplius
1574 1098 1705 1141 millia
1727 1115 1749 1141 e
1774 1098 1918 1155 plebe,
1936 1113 2004 1141 ro-

1155 1166 1410 1210 bustissimae
1432 1165 1671 1221 iuventutis
1699 1164 1894 1221 undique
1916 1164 2006 1208 ele·

1157 1231 1233 1290 git,
1258 1231 1331 1288 qui
1353 1230 1475 1274 divisi
1495 1231 1539 1273 in
1561 1230 1769 1273 sactiones
1781 1233 2008 1284 plausuum

1153 1313 1307 1353 genem
1317 1298 1617 1340 condiscerent.
1633 1314 1654 1332 υ
1678 1295 1907 1353 ingeniose
1920 1295 2009 1338 Dio

1162 1359 1358 1415 Cassius,
1375 1374 1544 1415 Lxxnt,
1567 1378 1615 1415 α,
1638 1360 1757 1404 hunc
1770 1360 2005 1417 plaudendi

1160 1426 1345 1471 modum
1366 1429 1549 1489 εὐρύθμως
1574 1428 1701 1484 ε’κὸοᾷν
1723 1435 1858 1470 vocat.

1223 1509 1238 1535 ι
1251 1493 1312 1547 14.
1343 1493 1440 1535 Rex·
1453 1493 1609 1547 populo
1629 1493 1781 1547 praedoe
1800 1496 1924 1546 signa
1934 1506 2014 1547 pe-

1161 1559 1288 1600 tenda
1306 1558 1432 1599 dedit.
1459 1557 1559 1600 Non
1582 1556 1654 1599 abs
1675 1573 1722 1599 re
1745 1556 1828 1599 erit
1845 1556 2011 1599 histori-

1161 1637 1315 1666 corum
1334 1622 1572 1666 latinorum
1589 1622 1831 1679 principem
1843 1653 1856 1675 ,
1879 1628 2009 1678 atque

1162 1688 1328 1734 Nasoni
1341 1688 1554 1745 aequalem
1569 1720 1582 1742 ,
1601 1703 1703 1731 cum
1718 1696 1847 1745 poeta
1862 1695 2015 1731 nostro

1165 1762 1476 1810 argumentum
1492 1752 1611 1796 idem
1630 1761 1841 1796 tractante
1858 1785 1871 1807 ,
1891 1767 2018 1797 com-

1164 1835 1343 1877 ponere.
1362 1819 1436 1863 Sic
1457 1818 1589 1876 igitur
1606 1818 1775 1873 Livius,
1795 1818 1865 1862 lib.
1882 1833 1898 1861 1
1916 1851 1928 1872 ,
1953 1835 1982 1877 9
2004 1835 2013 1862 z

1167 1904 1189 1923 «ι
1216 1884 1305 1928 Ubi
1324 1883 1556 1942 spectaculi
1579 1892 1753 1940 tempus
1771 1884 1893 1927 venit
1910 1916 1922 1937 ,
1940 1882 2020 1926 de-

1166 1948 1353 2007 ditaeque
1365 1966 1418 1993 eo
1430 1957 1602 1993 mentes
1615 1965 1717 1992 cum
1730 1948 1864 1992 oculis
1874 1957 2017 2000 erant,

1168 2024 1264 2059 tum
1283 2032 1334 2060 ex
1353 2015 1593 2073 composito
1613 2023 1710 2058 orta
1724 2014 1785 2057 vis
1797 2032 1808 2068 ;
1822 2017 2020 2069 signoque

1167 2084 1269 2125 dato
1283 2115 1295 2132 ,
1320 2082 1526 2138 iuventus
1549 2081 1750 2124 Romana
1772 2078 1824 2122 ad
1844 2080 2021 2136 rapien—

1169 2145 1244 2190 das
1269 2146 1459 2203 virgines
1487 2145 1713 2197 discurrit3
1737 2160 1897 2201 magna
1919 2160 2018 2200 pars

1168 2214 1282 2255 sorte
1298 2244 1309 2266 ,
1337 2212 1385 2255 in
1407 2227 1540 2268 quem
1569 2226 1751 2267 quaeque
1773 2208 1986 2252 inciderat
2005 2242 2017 2261 ‚

1170 2287 1305 2335 raptae
1329 2293 1338 2321 :
1368 2276 1578 2334 quasdam
1611 2277 1755 2319 sorma
1787 2274 2022 2318 excellente
2058 2326 2064 2333 ·

1172 2343 1435 2400 primoribus
1461 2344 1645 2386 Patrum
1678 2342 1912 2385 destinatas
1928 2373 1942 2396 ,
1972 2357 2023 2383 ex

1172 2409 1297 2466 plebe
1318 2408 1522 2452 homines
1539 2443 1551 2464 ,
1573 2409 1729 2465 quibus
1758 2407 1911 2451 datum
1934 2423 2024 2450 ne-

1174 2475 1343 2533 gotium
1374 2483 1467 2519 erat
1491 2509 1502 2530 ,
1533 2474 1688 2518 domos
1715 2474 1985 2517 deserebant.
2003 2491 2025 2509 »ν

1173 2563 1229 2575 ·—
1252 2541 1345 2585 Nec
1364 2540 1571 2598 indignus
1591 2550 1712 2584 certe
1734 2539 1807 2596 qui
1830 2538 1901 2583 hic
1922 2556 2023 2583 curn

1175 2605 1339 2650 ovidio
1352 2605 1606 2649 conseratur
1621 2604 1773 2649 Carol.
1790 2605 1857 2647 Lx
1873 2605 2023 2658 But),

1176 2671 1252 2728 qui
1273 2671 1457 2715 Parisini
1479 2671 1622 2730 Lycei
1637 2703 1650 2725 ,
1686 2670 1795 2713 dum
1824 2670 1989 2714 viveret
2013 2703 2025 2724 ,

1176 2736 1257 2781 flos
1276 2746 1322 2782 et
1340 2737 1496 2793 decus,
1518 2738 1681 2781 meruit
1703 2746 1799 2794 post
1816 2746 2025 2791 mortem,

1176 2821 1310 2862 quem
1330 2805 1446 2848 inter
1470 2805 1821 2863 praestantissima
1852 2803 2028 2846 univer-

1176 2871 1310 2915 sitatis
1329 2880 1491 2914 nostrae
1514 2870 1682 2913 lumina
1702 2869 2028 2912 adnumerares.

1178 2936 1282 2979 Vid.
1296 2952 1474 2980 carmen
1491 2937 1601 2991 ejus,
1624 2938 1676 2977 de
1691 2937 1836 2990 Rapta
1850 2936 2031 2976 Sabina-

1177 3018 1278 3044 rum.
1297 3024 1352 3034 -
1366 3002 1495 3055 δ’ἔνια
1507 3002 1690 3055 petenda
1705 3002 1833 3041 dedit.
1853 2999 1926 3042 An
1947 2999 2031 3042 hoc

1178 3067 1311 3110 latine
1330 3066 1497 3109 dicatur
1510 3099 1522 3120 ,
1545 3065 1833 3109 vehementer
1845 3065 1998 3110 dubito
2022 3084 2031 3109 :

1181 3132 1398 3178 debuisset
1417 3164 1429 3186 ,
1457 3133 1647 3187 petenda·
1676 3134 1830 3187 prede
1871 3130 2029 3175 dicere.

1184 3196 1336 3252 Quare
1352 3196 1412 3250 ‚si
1427 3195 1562 3239 codex
1582 3196 1694 3239 ullus
1713 3196 1933 3240 addiceret
1948 3230 1960 3252 ‚
1976 3197 2032 3239 li-

1181 3262 1338 3306 benter
1355 3261 1547 3318 legerem
1558 3295 1570 3317 ‚
1583 3267 1709 3318 stgma
1721 3269 1883 3318 repenle
1894 3265 2033 3305 dedit.-

1181 3327 1377 3381 vel,Be2·,
1387 3331 1543 3382 populo
1555 3331 1706 3382 praedq
1721 3333 1845 3383 signa
1849 3333 2027 3383 petente,

1183 3395 1307 3435 dedit.
1329 3393 1490 3438 Busm.
