2268 3776
580 305 845 364 ARTIS
884 304 1354 360 AMATORIAE
1389 306 1549 360 LIB.
1595 306 1643 358 Ι.

232 430 353 490 Hos
379 426 543 488 facito
565 423 855 487 Armenios
882 447 894 483 ε
919 422 1034 483 haec
1063 436 1147 483 est
1175 422 1419 484 Danaeia
1447 422 1666 484 Persis:

1893 301 2004 377 249

1924 439 2005 480 225

310 524 462 584 Urbs
491 523 549 582 in
576 518 940 582 Achaemeniis
967 517 1203 580 vallibus
1230 517 1336 578 ista
1362 518 1485 578 fuit.

228 619 353 692 Ille,
385 618 470 680 vel
495 617 612 692 ille,
644 617 837 691 duces3
868 631 924 694 et
954 630 1152 689 erunt,
1183 638 1304 700 quae
1333 614 1560 674 nomina
1593 613 1780 675 dieas:

310 715 370 776 Si
394 714 634 798 poteris,
662 738 783 776 vere
813 739 824 775 :
850 715 897 776 si
923 715 1108 809 minus
1127 760 1143 787 ‚
1175 726 1304 796 apta
1334 726 1532 772 tamen.

228 839 400 899 DANT
426 838 587 899 etiam
617 838 819 922 positis
848 836 1057 899 aditum
1088 834 1336 898 convivia
1362 833 1567 895 mensis
1592 858 1605 893 z

304 935 409 995 Est
437 932 674 1018 aliquid,
706 948 904 1019 praeter
931 934 1083 1007 vina,
1115 931 1268 1017 quod
1297 931 1425 991 inde
1450 945 1622 1014 petas,

1924 947 2006 989 230

221 1030 378 1116 Saepe
406 1029 518 1092 illic
543 1031 716 1115 positi
746 1031 948 1093 teneris
977 1030 1213 1092 adducta
1241 1028 1459 1090 lacertis

303 1130 625 1213 Purpureus
652 1128 857 1190 Bacchi
888 1151 1095 1189 cornua
1121 1126 1324 1210 pressit
1349 1125 1543 1186 Amor.

219 1225 474 1311 Vinaque
503 1250 675 1310 quum
701 1224 926 1287 bibulas
951 1248 1198 1309 sparsere
1231 1222 1528 1307 Cupidinis
1558 1221 1669 1282 alas
1690 1267 1706 1294 ‚

299 1323 616 1397 Permanet,
645 1337 701 1384 et
730 1337 891 1408 capto
923 1337 1032 1385 stat
1061 1322 1240 1403 gravis
1269 1320 1360 1381 ille
1389 1319 1535 1381 locu.

221 1488 397 1533 arbores
413 1521 425 1545 ,
442 1504 538 1547 quae
551 1497 655 1534 sunt
673 1488 786 1534 circa
805 1489 957 1547 ripam.
978 1506 1000 1527 »ι
1016 1510 1071 1522 ·-

219 1554 314 1599 Nec
332 1553 496 1598 mirum
511 1570 614 1598 sane
630 1553 734 1598 tales
750 1554 934 1612 ineptias
952 1557 1071 1610 glos-

221 1619 510 1664 satorinescio
521 1619 590 1663 cui
606 1618 831 1677 quondam
845 1619 1069 1663 excidisse:

220 1685 315 1742 quis
335 1701 440 1729 vero
472 1700 565 1728 non
593 1685 781 1728 miretur
800 1684 952 1728 referri
974 1717 986 1739 ,
1022 1692 1066 1727 et

218 1750 332 1794 serio
356 1749 549 1807 quidem,
574 1750 626 1793 ab
648 1749 887 1807 interprete
909 1765 1067 1793 recen-

219 1816 335 1871 tiori,
351 1816 582 1873 aequalium
595 1831 774 1860 censore
793 1813 1066 1872 asperrimo?

216 1903 270 1915 -
283 1883 502 1925 Arunde'ne
519 1885 672 1925 crinem
692 1880 941 1925 Beruensis.

271 1948 364 1990 225.
377 1948 481 1990 Haec
489 1947 763 1990 estDanaei'a
770 1948 925 1989 Persic.
935 1944 1064 1988 Dicta

209 2008 273 2057 ¹sic
293 2013 527 2057 Persarum
547 2010 668 2069 regio
685 2026 708 2054 a
727 2011 861 2054 Perse
878 2043 890 2066 ‚
914 2010 1063 2054 Persei

213 2087 259 2124 et
280 2075 580 2123 Andromedae
595 2076 687 2120 filio
698 2108 711 2131 ‚
725 2076 800 2133 qui
819 2091 955 2133 nepos
968 2076 1064 2119 Da-

212 2143 447 2189 naes.—Et
467 2141 542 2200 qui
561 2142 760 2199 sequitur
779 2158 927 2187 versus
940 2158 1062 2186 eam-

212 2208 318 2253 dem
331 2207 560 2267 regionem
574 2206 772 2265 designat
785 2206 1062 2251 Achaemenis

211 2275 394 2319 nomine
406 2306 420 2329 ,
435 2273 511 2331 qui
524 2273 583 2317 ibi
603 2272 802 2330 regnavit
817 2288 828 2317 ;
847 2274 1063 2316 Acheme-

213 2343 300 2384 m‘is
318 2343 364 2383 1⁸11
379 2341 578 2382 vallibus.

266 2422 362 2466 229.
375 2407 635 2452 Danletiam
646 2409 815 2459 posms.
828 2403 954 2461 Quin
973 2420 1062 2447 rec-

213 2478 257 2515 te
273 2502 285 2525 ‚
300 2474 451 2526 posue
467 2485 619 2514 mensa·
638 2469 864 2525 dicantur,
887 2469 1061 2513 nullum

213 2534 400 2579 dubium
418 2550 428 2579 ε
442 2534 518 2579 sed
534 2535 636 2592 quia
650 2550 753 2578 mox
765 2535 962 2592 sequitur
977 2536 1062 2579 ite-

211 2616 312 2644 rum
337 2633 349 2656 ,
379 2605 519 2655 posili
546 2603 746 2656 Bacchi‚·
779 2601 850 2645 hic
882 2602 1060 2646 mallem

212 2667 330 2716 aliud
350 2667 535 2712 verbum
550 2683 561 2711 ι
575 2668 687 2712 sorte
703 2700 715 2723 ,
727 2672 859 2713 sociis
879 2673 1034 2712 mensis
1047 2685 1060 2712 :

211 2741 263 2777 ut
279 2733 338 2777 ita
356 2736 500 2777 socius
518 2738 633 2776 torus
645 2766 655 2784 ,
674 2736 808 2777 lectus
820 2766 831 2784 ‚
851 2738 965 2777 socii
973 2751 1059 2790 pe-

209 2805 352 2851 nates,
376 2807 422 2842 et
439 2797 594 2850 similia
611 2788 768 2855 passim
792 2798 908 2856 apud
934 2799 1058 2845 Nos-

210 2865 526 2920 trum.·Bunu.

266 2932 356 2975 231.
387 2933 500 2986 Saepe
527 2935 620 2975 illic
640 2936 874 2988 posilietc.
899 2936 1059 2977 Ponere

209 3001 350 3042 vinum
369 2997 503 3040 etiam
523 2997 703 3040 Petron.
721 2998 826 3042 dixit
837 3015 872 3041 c.
885 3012 1028 3042 xxxlv
1042 3032 1054 3053 ,

210 3070 256 3104 et
276 3060 330 3103 ad
351 3075 442 3117 cap.
463 3066 522 3103 xx
540 3077 551 3113 ;
569 3060 647 3111 sed
665 3062 700 3105 si
712 3062 932 3116 posilihic
949 3064 1058 3106 scri-

208 3124 1058 3182 bendum,interpretarer‚accu1nbentis

211 3197 258 3232 et
276 3189 381 3232 vino
399 3187 667 3245 indulgentis
686 3205 696 3233 ε
718 3198 768 3232 ut
786 3194 966 3234 cubitum
978 3208 1058 3245 po-

208 3269 304 3299 nece
331 3252 446 3310 apud
467 3254 648 3297 Petron.
680 3267 810 3298 xxvn
825 3287 836 3309 ‚
858 3255 918 3298 ita
940 3269 1026 3298 xm
1042 3288 1054 3310 ,

211 3317 397 3362 Metam.
415 3318 496 3362 638
514 3335 524 3362 ι
541 3320 754 3375 Post‘lique
771 3322 980 3374 tapetibus
992 3325 1058 3363 al-

211 3388 280 3428 tis.
308 3386 488 3428 Petron.
510 3399 666 3428 xxxu:
687 3388 936 3441 positusque
951 3390 1061 3430 inter

213 3453 435 3497 cervicalia
452 3453 752 3506 mc'nulissiana,
776 3458 820 3496 et
842 3462 908 3497 cl:
926 3453 1058 3498 Giton

1151 1504 1276 1545 super
1284 1491 1432 1543 pectus
1448 1501 1579 1529 meum
1593 1487 1773 1540 positus.
1790 1480 2004 1538 Exemplo

1153 1569 1258 1611 ergo
1279 1551 1436 1597 Bacchi
1459 1555 1598 1606 posili
1611 1558 1655 1593 et
1676 1547 1970 1592 accumbentis
1989 1579 2001 1601 ‚

1152 1620 1276 1675 cujus
1294 1633 1460 1662 cornua
1486 1617 1627 1659 Amor
1647 1612 1825 1671 pressit,
1847 1611 2001 1663 utitur,

1152 1692 1201 1728 ut
1221 1699 1324 1727 mox
1346 1681 1578 1740 Cupidinis
1599 1678 1877 1723 mentionem
1900 1676 2005 1731 inji-

1149 1748 1245 1792 ciat.
1260 1749 1313 1792 In
1327 1745 1499 1792 Heinsii
1510 1742 1872 1801 interpretatione
1890 1739 2004 1783 Bac,-

1148 1812 1256 1857 chus
1277 1828 1357 1870 pro
1377 1812 1471 1869 ipso
1490 1810 1595 1853 vino
1614 1816 1726 1853 esset
1739 1804 1999 1865 capiendus,

1149 1877 1268 1935 quod
1302 1878 1370 1920 vix
1402 1875 1588 1934 quadrat
1609 1892 1618 1918 ε
1634 1878 1800 1929 positus
1829 1872 1865 1915 si
1897 1887 1999 1914 cnm

1148 1941 1409 2001 quibusdam
1423 1941 1565 1996 editis,
1577 1949 1621 1984 et
1640 1938 1839 1983 Palatino
1850 1935 1998 1981 codice

1148 2007 1394 2065 legeretur,
1417 2007 1470 2051 ad
1493 2007 1708 2050 Amorem
1739 2012 1851 2048 esset
1876 2002 1998 2045 rese-

1146 2073 1340 2118 rendum
1360 2073 1707 2118 accumbentem.
1729 2070 1868 2113 Innu-

1201 2139 1295 2194 ²34·
1325 2141 1388 2182 E!
1402 2144 1528 2194 capto
1544 2143 1636 2181 sla!
1645 2139 1786 2192 gravis
1801 2136 1878 2177 ille
1891 2134 1999 2175 loco.

1146 2203 1240 2248 Lib.
1250 2212 1434 2258 veteres,
1444 2208 1580 2258 cepto
1589 2202 1657 2245 vel
1669 2206 1800 2256 cepto.
1811 2197 1884 2242 sic
1892 2213 2000 2251 coep·

1143 2276 1230 2313 tum
1242 2285 1409 2313 carmen
1420 2269 1568 2312 Lucan
1575 2284 1640 2322 us,
1651 2266 1777 2310 initio
1792 2264 1994 2321 Panegy—

1144 2336 1222 2380 rici
1236 2335 1289 2380 ad
1306 2336 1515 2380 Pisonem
1529 2350 1539 2377 ε
1552 2340 1710 2390 ceptus
1718 2331 1848 2387 furor
1858 2330 1995 2375 Sene·

1144 2419 1208 2457 ca,
1222 2403 1415 2446 Hercule
1436 2403 1632 2446 furente:
1646 2410 1691 2445 et
1710 2405 1850 2455 caepla
1869 2399 1995 2442 verba

1145 2468 1400 2528 Hippolyto:
1417 2473 1500 2511 iter
1507 2472 1679 2522 ceptum
1686 2480 1824 2520 onnus
1832 2466 2002 2519 pemgit

1143 2535 1324 2590 Nostro,
1338 2535 1452 2579 Fast.
1463 2534 1533 2578 lib.
1548 2548 1582 2588 1,
1596 2542 1641 2577 et
1653 2533 1723 2576 lib.
1734 2545 1781 2574 lv
1793 2547 1803 2575 z
1815 2535 1993 2586 ceptum

1134 2603 1331 2658 peficere
1348 2616 1454 2656 opus
1465 2615 1478 2642 .·
1493 2607 1623 2656 atque
1638 2597 1705 2641 his
1717 2596 1873 2642 similia
1894 2594 1993 2652 plu-

1142 2682 1190 2710 ra
1202 2698 1214 2720 ,
1230 2681 1327 2724 quae
1347 2666 1506 2723 passim
1524 2672 1786 2708 occurrunt:
1799 2661 1881 2705 nisi
1898 2660 1992 2718 quis

1140 2738 1253 2777 certo
1264 2736 1359 2776 loco
1371 2732 1516 2775 malit:
1529 2739 1579 2774 ut
1591 2730 1663 2774 lib.
1676 2742 1750 2782 111,
1762 2729 1844 2771 530
1856 2743 1866 2769 :
1880 2732 1992 2769 cedo

1133 2803 1280 2855 ponite
1307 2813 1502 2855 quemque
1533 2799 1640 2839 Ioco.
1669 2795 1838 2837 Hnms.
1853 2815 1910 2824 —
1935 2791 1990 2834 In

1140 2865 1348 2922 exemplis
1368 2865 1421 2907 ab
1443 2860 1629 2906 Heinsio
1653 2857 1852 2902 adductis
1877 2856 1988 2899 nul-

1139 2930 1234 2975 lum
1254 2929 1382 2974 video
1399 2961 1411 2983 ‚
1433 2926 1551 2971 unde
1573 2930 1732 2979 caeplus
1753 2927 1871 2966 Iocus
1900 2921 1987 2965 ad—

1138 3003 1333 3039 struatur
1353 3010 1362 3036 :
1385 3001 1431 3036 et
1456 2990 1577 3034 facile
1608 2989 1709 3032 alias
1737 3004 1806 3031 res
1825 2993 1987 3042 caeptas

1139 3059 1222 3103 dici
1239 3060 1381 3116 patior
1397 3075 1408 3109 3
1423 3056 1500 3100 sed
1519 3059 1654 3098 locum
1671 3060 1836 3110 captum
1857 3068 1881 3096 a
1897 3053 1989 3095 Na-

1137 3140 1245 3168 sone
1263 3123 1430 3166 dictum
1452 3137 1552 3164 vere
1569 3128 1614 3162 et
1632 3119 1855 3176 eleganter
1871 3117 1989 3161 arbi-

1137 3200 1234 3235 tror
1255 3207 1266 3233 :
1289 3198 1352 3233 est
1371 3189 1494 3231 enim
1514 3187 1676 3231 locutio
1696 3202 1719 3228 a
1740 3202 1789 3229 re
1808 3184 1987 3229 militari

1138 3257 1337 3300 desumta
1359 3271 1369 3298 :
1389 3255 1463 3297 ubi
1490 3257 1625 3297 locum
1655 3269 1801 3307 capere
1826 3250 1984 3294 dicitur

1139 3323 1388 3379 Imperator
1404 3352 1416 3374 ,
1441 3320 1514 3376 qui
1534 3327 1685 3375 aptum
1702 3351 1714 3372 ,
1739 3318 1825 3361 sive
1850 3315 1954 3359 aciei
1969 3348 1984 3369 ,

1136 3389 1224 3432 sive
1259 3387 1407 3431 castris
1434 3387 1564 3444 eligit.
1599 3387 1672 3430 Sic
1702 3395 1747 3429 et
1778 3385 1823 3427 in
1854 3385 1983 3428 sacris

1136 3458 1287 3510 captus
1305 3455 1442 3509 locus,
1457 3451 1650 3510 legitime
1671 3449 1725 3494 ad
1743 3449 1984 3494 sacrifican-
