2268 3776
322 306 423 358 136

785 306 848 358 P.
897 306 1195 362 OVIDII
1237 307 1618 364 NASONIS

311 423 456 483 Tum
479 423 644 495 mihi,
678 423 725 483 si
754 447 1055 506 premerem
1085 440 1338 486 ventosas
1368 427 1629 487 horridus
1657 426 1860 511 AlpeS,

393 520 639 591 Durum,
674 544 797 579 eum
830 521 1054 581 domina
1081 521 1246 581 molle
1275 522 1470 583 fuisset
1496 523 1630 584 iter:
1980 547 1984 553 ’
2039 557 2091 585 20

313 616 455 676 Cum
487 614 709 675 domina
735 616 970 699 Libycas
1002 617 1176 676 ausim
1203 641 1556 702 perrumpere
1585 620 1803 704 Syrtes,

396 716 472 774 Et
502 713 628 773 dare
656 738 773 785 non
802 714 972 797 aequis
1000 713 1117 774 vela
1145 714 1365 776 ferenda
1396 717 1576 777 Notis,

311 812 468 881 Non,
505 833 624 891 quae
652 809 900 887 virgineo
932 826 1191 893 portenta
1218 811 1323 871 suh
1354 813 1580 890 inguine
1608 812 1839 886 latrant3

395 908 509 966 Nec
542 906 761 966 timeam
790 922 1031 979 vestros,
1066 931 1229 968 curva
1257 907 1464 982 Malea,
1499 909 1686 970 sinus:

310 1005 440 1063 Non
473 1027 603 1086 qua,
640 1002 939 1063 submersis
970 1003 1184 1064 ratibus
1213 1019 1483 1079 saturata,
1517 1006 1831 1090 Charybdis
2041 1025 2094 1067 25

393 1102 629 1174 Fundit,
661 1117 716 1162 et
749 1102 950 1162 effusas
982 1126 1075 1161 ore
1105 1103 1357 1163 resorbet
1384 1128 1570 1187 aquas.

317 1199 489 1279 Quod
514 1200 560 1259 si
586 1199 833 1282 Neptuni
862 1214 1089 1260 ventosa
1115 1200 1366 1283 potentia
1391 1200 1592 1273 vineit,

372 1380 434 1423 19.
461 1359 564 1406 Tum
578 1365 687 1406 mihi
696 1367 741 1405 si
742 1378 962 1417 premerem
974 1371 1053 1405 etc.
1070 1363 1163 1405 Ho-

315 1428 449 1471 ratius
464 1461 475 1483 ,
496 1427 549 1470 de
571 1444 646 1471 sua
666 1427 820 1484 Lalage
834 1460 845 1482 ,
865 1442 903 1478 Ι,
931 1426 1019 1470 Od.
1034 1442 1106 1469 22:

397 1507 484 1539 Pone
499 1519 550 1538 me
567 1508 667 1548 pigris
685 1507 741 1538 ubi
758 1507 849 1538 nulla
866 1507 989 1548 campis

394 1569 504 1602 Arbor
518 1569 629 1600 aestiva
642 1575 804 1600 recreatur
820 1580 898 1599 aura
913 1581 924 1609 3

398 1630 497 1670 Quod
510 1631 594 1661 latus
610 1631 725 1661 mundi
739 1630 882 1670 nebulae,
902 1631 1071 1674 malusque

558 1692 690 1733 Jupiter
704 1699 795 1732 urget
809 1703 817 1723 :

399 1758 486 1789 Pone
503 1757 564 1788 sub
576 1769 676 1789 curru
688 1759 827 1790 nimium
842 1761 1019 1802 propinqui

401 1823 486 1854 Solis
502 1847 512 1863 ‚
539 1824 571 1854 in
585 1830 669 1855 terra
683 1825 833 1855 domibus
850 1833 964 1866 negata
982 1837 992 1856 ς

402 1884 508 1917 Dulce
525 1885 684 1916 ridentem
700 1886 842 1926 Lalagen
855 1886 969 1917 amabo
982 1909 995 1925 ‚

563 1948 670 1979 Dulce
681 1948 880 1989 loquentem.

319 2016 413 2060 Nec
426 2016 631 2072 exquisite
648 2016 795 2059 minus
811 2016 956 2059 Tibul.
972 2030 1037 2071 IV,
1050 2017 1170 2074 Eleg.

320 2094 426 2134 XIII,
454 2096 526 2123 12:
550 2083 627 2135 Tu,
645 2087 766 2124 nocte
784 2086 972 2133 velalra,
997 2084 1169 2132 Lumen,

318 2153 362 2189 et
394 2150 437 2189 in
470 2150 574 2189 solis
608 2152 652 2189 lu
685 2151 792 2189 mibi
817 2151 938 2190 turba
972 2152 1089 2191 locis.
1120 2172 1175 2181 —-

329 2214 534 2254 Ventosas
565 2214 757 2255 horridas
785 2213 930 2268 Alpes.
970 2215 1176 2256 Turbidus

323 2277 464 2334 prima
501 2276 635 2320 editio
660 2293 670 2319 ε
696 2276 790 2331 alii,
822 2283 990 2321 ventosi
1016 2282 1176 2321 turbine

323 2346 470 2390 Ponti.
496 2342 565 2385 vel
584 2347 725 2386 venti:
748 2343 864 2399 atqui
885 2345 1075 2387 horridus
1094 2359 1174 2400 pro

322 2406 479 2463 frigido
492 2408 684 2464 ponitur.
698 2409 831 2451 Mart.
842 2408 990 2463 lib.111,
1004 2409 1083 2466 Ep.
1101 2409 1174 2452 36:

323 2477 489 2507 Horridus
504 2483 540 2506 ut
558 2478 663 2516 primo
676 2488 803 2518 semper
822 2484 854 2508 te
871 2489 964 2509 mane
982 2479 1132 2509 salutem.

326 2536 457 2593 Apud
483 2537 684 2581 Persium
700 2570 711 2591 ,
743 2539 884 2581 Satira
905 2539 1071 2595 prima,
1097 2541 1175 2594 54:

323 2607 393 2637 Scis
412 2606 562 2636 com³tem
582 2606 789 2637 horridulum
810 2608 887 2637 trita
902 2608 1020 2641 donare
1036 2609 1173 2639 lacerna.

322 2667 396 2711 Sic
416 2667 593 2723 horrifer
609 2670 773 2711 Boreas
789 2684 800 2709 .·
822 2670 982 2711 horrere
1001 2684 1175 2724 quoque

324 2747 407 2790 pro
428 2732 602 2788 frigere.
626 2732 792 2775 HEINs.

380 2813 446 2840 20.
476 2799 638 2839 Durum
667 2814 759 2840 cum
785 2799 968 2840 domina.
1001 2797 1177 2853 Alioqui

328 2878 534 2919 asperum
553 2871 598 2905 et
618 2861 807 2904 difficile.
828 2864 1065 2904 Dummodo
1083 2878 1177 2904 cum

324 2930 497 2970 domina
510 2962 519 2978 ,
535 2927 680 2987 scripti
697 2925 843 2971 :recte
862 2945 871 2979 ;
892 2942 922 2978 1,
943 2927 1084 2981 ELVI,
1101 2929 1150 2983 47
1167 2944 1176 2970 :

324 2996 517 3029 Dummodo
534 2997 578 3026 sic
594 3020 605 3035 ‚

330 3056 445 3099 Fast.
466 3070 515 3099 1v
530 3089 541 3110 ,
572 3074 617 3099 12
635 3073 644 3100 :

362 3127 467 3157 Parva
483 3125 572 3156 honae
587 3127 708 3165 Cereri,
726 3128 906 3158 dummodo
921 3133 1020 3165 casta,
1037 3127 1175 3168 placent.

629 2997 663 3027 in
678 3008 729 3027 me
745 2997 834 3028 durae
849 2996 982 3027 transite
1006 3002 1134 3026 catenae.

381 3204 446 3229 21.
461 3189 751 3241 perrumpe-e,-
767 3187 812 3229 id
827 3196 905 3243 est,
920 3189 1177 3246 irrumpere.

327 3252 485 3295 Horat.
518 3266 535 3294 1
553 3285 565 3306 ‚
600 3251 688 3295 Od.
709 3266 768 3295 111
793 3270 802 3295 :
823 3256 1014 3308 Perrupit
1031 3255 1176 3297 Ache-

322 3322 443 3359 ronta
480 3319 710 3360 Herculeus
747 3320 878 3361 labor.
922 3318 1049 3362 Idem
1079 3333 1136 3361 111
1164 3352 1175 3373 ‚

324 3379 411 3425 Od.
432 3382 480 3425 1ss
497 3398 507 3425 ε
525 3384 684 3426 Aurum
694 3400 773 3439 per
788 3387 945 3427 medios
967 3389 1026 3427 ire
1041 3387 1181 3429 salel-

313 3447 408 3490 liles
420 3479 433 3500 ,
459 3449 523 3493 Et
530 3465 787 3506 perrumpere
806 3455 927 3495 amat
940 3467 1065 3497 saxa.

1302 1363 1364 1405 23.
1386 1365 1494 1413 Non,
1517 1379 1607 1419 qua·
1617 1365 1801 1417 virgineo
1814 1368 1893 1404 etc.
1908 1359 2098 1419 Scyllam

1244 1427 1331 1471 scil.
1345 1443 1477 1483 quam
1490 1427 1549 1470 sic
1562 1442 1736 1483 quoque
1756 1426 1961 1470 describit
1976 1425 2098 1481 Virg.

1246 1493 1337 1536 Ecl.
1351 1506 1424 1547 vl,
1450 1495 1500 1549 75
1521 1507 1531 1534 :
1548 1493 1740 1535 Candida
1751 1494 2009 1534 succinctam
2029 1493 2098 1532 la-

1247 1564 1453 1603 trantibus
1470 1563 1643 1615 inguina
1661 1562 1864 1602 monstris.

1304 1628 1369 1680 24.
1403 1628 1538 1669 Curva
1558 1625 1716 1667 Malea.
1737 1622 2102 1667 promontorium

1251 1690 1562 1748 Peloponnesi,
1583 1689 1637 1733 ad
1657 1690 1802 1733 sinum
1818 1687 2100 1741 Laconicum,

1254 1749 1372 1813 quod
1407 1756 1600 1812 quinque
1643 1770 1847 1812 passuum
1881 1753 2014 1795 millia
2055 1752 2103 1794 in

1252 1836 1374 1864 mare
1397 1820 1689 1877 protenditur.
1719 1820 1847 1863 Dicta
1873 1827 2020 1862 autem
2040 1826 2105 1860 est

1254 1885 1399 1929 Rlalea
1421 1885 1573 1943 (nunc
1599 1887 1712 1928 Cabo
1736 1885 1890 1937 Matio)
1914 1900 1936 1925 a
1956 1884 2104 1926 Maleo

1255 1950 1522 2008 Argivorum
1542 1966 1643 2006 rege
1659 1983 1671 2003 ,
1708 1950 1780 2005 qui
1802 1949 2018 2006 templum
2045 1949 2105 1991 ibi

1253 2015 1737 2072 magnificentissimum
1748 2014 1939 2071 Apollini
1952 2014 2102 2067 erexit,

1255 2081 1370 2137 quod
1395 2082 1666 2123 Maleoticum
1687 2079 1928 2136 adpellavit.

1311 2147 1376 2186 25.
1405 2146 1607 2187 saturata
1622 2147 1869 2201 Charybdis.
1882 2145 2102 2199 Superata,

1256 2208 1478 2253 Palatinus
1500 2225 1626 2252 unus.
1648 2212 1808 2252 Furata
1829 2209 1937 2252 alter
1959 2210 2106 2253 Men-

1255 2274 1369 2318 telii:
1389 2275 1506 2332 quod
1527 2283 1671 2331 posset
1691 2274 1890 2330 explicari
1911 2289 2003 2316 non
2022 2273 2104 2315 in—

1254 2348 1436 2383 venuste
1465 2356 1474 2383 :
1507 2341 1620 2383 sorte
1643 2348 1792 2383 tamen
1826 2348 1890 2382 est
1913 2354 1993 2395 pro
2012 2338 2104 2394 fu-

1254 2408 1394 2448 riata:
1417 2403 1494 2448 sed
1512 2410 1708 2448 saturata
1725 2404 1880 2447 melius
1899 2412 1952 2464 τῷ
1955 2403 2110 2459 fundit

1257 2471 1465 2514 convenit
1479 2503 1490 2525 ,
1508 2479 1558 2514 ut
1575 2469 1834 2526 metaphora
1853 2469 2108 2512 desumatur

1257 2536 1310 2578 ab
1340 2535 1446 2590 illis,
1467 2535 1542 2592 qui
1573 2551 1722 2592 graves
1753 2534 1892 2578 nimio
1923 2543 2033 2591 potu
2064 2542 2109 2576 et

1256 2602 1354 2645 cibo
1369 2634 1380 2655 ,
1402 2601 1566 2644 iterum
1587 2609 1810 2643 evomunt.
1832 2601 1996 2643 BunM.

1312 2666 1378 2708 26.
1413 2667 1494 2708 Ore
1511 2671 1698 2720 receptat
1712 2680 1859 2719 aquas.
1880 2666 2085 2707 Besorbet
2094 2698 2105 2715 ,

1255 2731 1368 2772 bene
1392 2738 1591 2786 excerpta
1613 2729 1779 2772 Douzae
1799 2727 1844 2772 et
1865 2745 1979 2772 unus
2000 2730 2105 2772 Me-

1257 2795 1402 2838 diceus
1422 2809 1432 2836 :
1449 2801 1625 2850 reportet
1641 2794 1981 2838 Barberinianus
1994 2813 2002 2839 :
2016 2795 2108 2852 pri-

1257 2876 1355 2903 mus
1370 2859 1610 2915 Palatinus,
1626 2866 1831 2915 reportat:
1847 2860 1963 2916 quod
1980 2869 2105 2916 esset,

1255 2932 1430 2980 repotat.

1316 3008 1381 3046 27.
1419 2993 1545 3045 Quod
1558 2994 1604 3034 si
1617 2993 1806 3047 Neptuni
1819 2998 1996 3036 ventosa
2015 3009 2107 3047 po-

1258 3062 1401 3100 tentia.
1417 3058 1671 3101 Ventorum
1682 3059 1744 3102 vis
1757 3092 1768 3114 ,
1785 3068 1835 3102 ut
1846 3058 1957 3116 apud
1971 3059 2106 3101 Hom.

1260 3122 1418 3182 Odyss.
1428 3123 1464 3178 I,
1481 3141 1500 3179 7
1511 3141 1523 3165 1
1536 3157 1547 3178 ,
1561 3126 1596 3172 ἲς
1607 3125 1823 3179 ἄνέμοιο,εῐ
1836 3123 2108 3167 alibi.—Plu-

1256 3189 1374 3243 rimi,
1386 3190 1513 3245 eique
1534 3189 1703 3246 optimi,
1720 3205 1821 3233 cum
1835 3189 1974 3245 prima
1984 3187 2103 3242 edit„

1258 3257 1508 3309 Neptunum.-
1516 3252 1633 3310 quod
1642 3269 1734 3296 non
1743 3253 1796 3296 de
1807 3253 1959 3305 nihilo;
1971 3261 2019 3295 ut
2029 3269 2107 3308 per

1257 3325 1474 3362 ventosam
1496 3323 1727 3374 potentiam
1754 3317 1964 3374 intelligat
1992 3317 2104 3359 AEo-

1258 3384 1373 3439 lum,
1394 3393 1629 3427 ventorum
1651 3391 1902 3440 potentem,
1924 3382 2021 3438 qui,
2044 3383 2107 3425 in-

1258 3450 1347 3494 vito
1360 3465 1471 3506 saepe
1482 3449 1708 3505 Neptuno,
1720 3455 1996 3504 tempestates
2009 3447 2103 3491 ciet.
