2268 3776
306 291 414 345 336

759 292 821 343 P.
878 291 1177 348 OVIDII
1235 294 1616 351 NASONIS

380 406 675 487 Spectetur
702 404 911 464 meritis
943 429 1172 489 quaeque
1205 408 1390 490 puella
1419 410 1550 470 suiS.
2022 448 2071 474 ω

300 503 361 561 Si
386 501 570 561 minor
597 498 820 560 Atrides
851 499 1100 562 Helenen
1119 549 1133 575 ,
1161 502 1511 587 Helenesque
1541 529 1789 567 sororem

379 598 512 676 Quo
546 612 759 678 premat
783 598 1007 659 Atrides
1037 599 1261 660 crimine
1289 601 1466 682 major
1491 602 1696 674 habet3

299 693 359 751 Si
385 692 584 752 scelere
615 693 874 755 OEclides
898 696 1235 757 Talaionidae
1264 697 1559 781 Eriphyles

377 790 551 850 Vivus
580 805 634 850 et
660 791 719 851 in
745 793 883 852 vivis
913 793 982 853 ad
1013 794 1183 876 Styga
1209 793 1362 853 venit
1391 794 1548 876 equis
1572 819 1585 867 ;

298 888 400 946 Est
425 887 518 969 pia
546 887 823 972 Penelope
843 936 858 962 ‚
887 889 1078 950 lustris
1107 905 1322 950 errante
1353 889 1608 962 duobuS‚
2024 909 2072 950 15

376 986 452 1044 Et
475 984 705 1045 totidem
733 985 925 1047 lustris
953 985 1101 1047 bella
1129 1000 1350 1066 gerente
1379 986 1517 1046 viro.

297 1080 531 1163 Respice
556 1080 939 1164 Phyllaciden,
970 1068 1029 1143 ‚et
1059 1107 1181 1166 quae
1212 1106 1395 1143 comes
1424 1084 1531 1144 isse
1557 1082 1754 1143 marito

375 1178 601 1250 Fertur,
628 1193 685 1238 et
712 1194 840 1239 ante
868 1203 1046 1239 annos
1074 1180 1404 1240 occubuisse
1435 1204 1587 1240 suos.

296 1273 430 1333 Fata
457 1273 797 1335 Pheretiadae
826 1276 1026 1357 conjux
1056 1277 1312 1354 Pagasaea
1343 1276 1607 1348 redemit;
1642 1321 1645 1325 ι

375 1371 599 1454 Proque
628 1372 716 1432 sui
745 1387 829 1432 est
853 1397 996 1432 uxor
1022 1372 1211 1433 funere
1240 1371 1353 1433 lata
1381 1373 1501 1432 viri.
1542 1412 1547 1416 ·
2022 1404 2073 1430 20

296 1467 499 1551 Accipe
529 1492 641 1541 me,
673 1469 967 1552 Capaneu3
994 1469 1201 1530 cineres
1229 1469 1611 1542 miscebimur,
1637 1469 1823 1552 inquit

376 1564 600 1646 Iphias;
631 1565 691 1625 in
718 1565 933 1627 medios
964 1565 1297 1648 desiluitque
1324 1588 1510 1643 rogos.

295 1662 425 1744 Ipsa
457 1687 682 1746 quoque
712 1679 768 1725 et
797 1662 951 1724 cultu
977 1678 1061 1725 est
1092 1678 1148 1725 et
1172 1663 1396 1725 nomine
1429 1661 1634 1723 femina
1662 1660 1856 1719 Virtus
1881 1684 1895 1718 :

357 1806 419 1850 13.
448 1808 502 1850 Si
511 1809 667 1852 scelere
695 1810 883 1853 OEclides
900 1819 981 1853 etc.
1018 1812 1148 1854 Vivus

296 1875 343 1913 el
358 1875 403 1913 in
423 1875 530 1914 vivis
542 1875 606 1916 ad
618 1875 747 1933 Styga
765 1878 882 1918 venit
894 1879 1023 1932 equis.
1037 1876 1147 1919 Am-

298 1935 465 1993 phiarai
492 1937 599 1982 vatis
631 1955 851 1984 excessum
879 1956 902 1983 e
926 1939 1052 1984 terris
1067 1975 1077 1992 ‚
1102 1948 1148 1984 et

297 2004 345 2045 in
357 2004 540 2047 Tartara
554 2003 701 2059 delati,
714 2006 894 2063 egregiis
906 2006 1146 2049 admodum

297 2066 514 2111 coloribus
533 2067 727 2125 depinxit
741 2069 849 2113 Stat.
869 2070 1009 2113 Theb.
1028 2070 1119 2113 VII
1132 2103 1144 2125 ‚

300 2132 382 2175 816
394 2165 406 2187 ,
422 2149 513 2189 sqq.
527 2133 622 2178 Nec
636 2133 833 2189 inferior,
848 2135 921 2191 qui
933 2135 1144 2191 sequitur,

296 2197 417 2240 locus
433 2230 444 2252 ,
468 2198 650 2243 ineunte
668 2199 762 2243 libr.
777 2201 916 2254 VIII,
937 2199 990 2243 de
1006 2201 1147 2244 subita

296 2261 409 2306 illius
428 2262 544 2306 inter
564 2264 722 2307 Manes
743 2265 1027 2323 apparitione.

356 2328 419 2380 14.
445 2330 574 2371 Vivus
585 2335 628 2371 el
643 2333 689 2371 in
703 2333 821 2372 υίνιίς.
837 2329 1059 2387 Expressit
1073 2330 1146 2374 hic

299 2390 486 2435 Ovidius
496 2392 693 2450 Euripid.
706 2393 754 2436 in
764 2395 1039 2451 Supplicffius,
1051 2399 1147 2455 925:

298 2464 379 2502 Καὶ
394 2465 471 2514 μὴν
492 2462 554 2502 τᾶν
575 2462 752 2508 Οἰκλέους
771 2465 812 2516 γε’
834 2471 999 2516 γενναῖον
1019 2466 1144 2516 τέκον,

301 2530 390 2568 Θεοί
409 2523 521 2575 ζῶντ’
536 2525 813 2580 ἀναρπάσαντες
830 2532 881 2575 εἰς
893 2532 1039 2582 μυχοὺς
1058 2536 1148 2583 χθο-

466 2592 524 2637 νός
539 2621 551 2643 ,

300 2656 437 2701 Aah-ok
455 2658 664 2710 τεθρίπποις
678 2685 690 2708 ,
709 2657 918 2710 εὐλογοῦσιν
934 2660 1119 2715 ἐμφανῶς.

301 2718 393 2762 Ubi
430 2728 584 2762 notare
622 2735 713 2762 non
749 2720 936 2777 neglexit
966 2722 1145 2765 Barne-

297 2786 384 2829 sius
400 2817 412 2839 ,
440 2801 492 2828 ex
514 2784 709 2828 Pindaro
729 2785 956 2830 defluxisse
976 2788 1030 2831 ad
1051 2788 1146 2831 Eu·—

298 2850 482 2908 ripiden.

358 2932 420 2973 17.
450 2917 630 2970 Respice
653 2917 931 2975 Pbyllaczden
944 2949 954 2965 ‚
993 2922 1038 2958 el
1056 2924 1147 2971 φαα-

298 2996 435 3023 comes
448 2984 534 3022 125se
551 2984 702 3023 marito
718 2983 882 3034 Κετίαν,
897 2986 940 3023 et
948 2987 1047 3023 ante
1065 2997 1146 3023 an-

298 3062 377 3089 nos
405 3050 650 3089 occubuisse
679 3062 790 3089 suos.
821 3046 995 3089 Merula
1027 3047 1143 3089 varie

299 3112 476 3167 exponit
495 3104 614 3154 hun'e
643 3112 789 3155 locum
803 3144 815 3166 ,
838 3120 935 3168 post
966 3111 1145 3154 Laoda-

299 3176 447 3228 miam,
468 3176 601 3218 etiam
615 3176 804 3220 Didonis
819 3176 1042 3219 historiam
1060 3176 1148 3219 huc

300 3240 735 3285 accommodanssed
746 3257 826 3299 ego
834 3241 1143 3298 simpliciterde

300 3307 540 3351 Protesilao
561 3319 605 3352 et
633 3309 871 3352 Laodamia
897 3325 1030 3353 uxore
1052 3311 1145 3366 ejus

298 3381 442 3415 totum
457 3373 670 3419 distichon
692 3374 852 3431 accipio
870 3409 881 3430 ,
896 3384 944 3418 ut
961 3377 1015 3418 sit
1035 3375 1144 3418 ordo

298 3446 341 3480 ct
362 3454 509 3482 sensus
533 3455 542 3482 :
564 3441 725 3496 respice
751 3439 1031 3498 Phyllaciden
1055 3473 1066 3495 ,
1100 3440 1145 3484 id

1228 1818 1293 1853 est
1324 1806 1614 1853 Protesilaum
1636 1839 1648 1862 ,
1681 1814 1726 1850 et
1754 1821 1853 1848 eam
1884 1803 2040 1848 scilieet
2060 1838 2070 1858 ,

1229 1890 1326 1931 quae
1355 1873 1514 1917 dicitur
1540 1888 1677 1915 comes
1702 1877 1788 1916 isse
1817 1874 1966 1914 mat-120
1986 1905 1996 1922 ‚
2031 1879 2075 1913 et

1229 1946 1330 1981 ante
1347 1936 1591 1995 legitimum
1604 1944 1776 1992 tempus
1784 1944 1958 1978 mortua
1967 1951 2073 1989 esse,

1228 1999 1313 2044 hoc
1333 2008 1397 2043 est
1415 2033 1426 2055 ‚
1453 1999 1746 2043 Laodamiam.
1972 1999 1973 2002 ’

1290 2081 1353 2124 ¹9·
1381 2067 1492 2107 Fata
1510 2066 1768 2107 Pheretiade
1791 2072 1871 2107 ete.
1892 2063 1962 2106 De
1981 2062 2078 2106 Ad-

1228 2138 1349 2172 meto
1364 2161 1376 2184 ,
1406 2128 1606 2173 Pheretis
1638 2128 1728 2171 filio
1757 2129 1899 2186 agitur
1917 2160 1929 2182 ‚
1951 2127 2075 2183 cujus

1230 2208 1340 2235 uxor
1359 2192 1543 2236 Alcestis
1568 2200 1761 2236 mortem
1781 2206 1861 2249 pro
1889 2191 2076 2247 conjuge

1228 2259 1372 2302 subire
1402 2274 1495 2302 non
1516 2258 1739 2303 dubitavit.
1771 2258 1885 2302 Vide
1906 2258 2075 2314 insigne

1229 2326 1451 2384 Euripidis
1483 2326 1651 2370 Drama
1673 2360 1686 2382 ,
1733 2326 1851 2383 quod
1888 2327 2076 2369 Alcestis

1227 2392 1487 2436 inscribitur.

1283 2473 1348 2499 21.
1370 2456 1626 2510 Accipeme,
1653 2458 1851 2511 Capaneu
1864 2463 1944 2499 etc.
1961 2454 2075 2498 Vide

1228 2521 1482 2566 Stat.Theb.
1492 2536 1578 2576 x11,
1592 2523 1673 2565 816
1690 2539 1782 2579 sqq.
1793 2531 1837 2566 et
1847 2523 2072 2574 Nostrum,

1233 2586 1409 2632 consol.
1431 2587 1486 2631 ad
1509 2588 1600 2631 Liv.
1619 2589 1712 2630 322.
1726 2612 1783 2621 -
1797 2590 1963 2631 Cineres
1979 2589 2077 2628 mis-

1225 2656 1427 2706 cebimus,
1445 2657 1590 2709 inquil.
1606 2652 1759 2697 Scribo
1770 2684 1782 2706 ,
1804 2655 2074 2695 metrcebmur.

1229 2719 1283 2761 In
1305 2719 1475 2762 obitum
1491 2719 1625 2762 Drusi
1644 2751 1655 2773 ,
1681 2718 1756 2761 163
1774 2734 1784 2760 :

1225 2787 1393 2819 Miscebor
1403 2788 1570 2829 cinerique
1584 2788 1666 2818 cinis
1679 2794 1776 2828 atque
1790 2787 1917 2817 ossibus
1927 2796 2011 2818 ossa.

1227 2849 1491 2891 Anacreon:
1512 2839 1631 2904 ὀλίγη
1667 2854 1706 2892 δὲ
1735 2852 1933 2904 κεισόμεθα
1963 2852 2074 2896 Κένις

1229 2915 1346 2967 ‹kim-a
1368 2917 1557 2959 λυθέντων.

1280 2978 1346 3021 23.
1375 2980 1478 3032 Ipsa
1496 2994 1655 3034 quoque
1673 2984 1717 3022 et
1731 2981 1846 3021 cultu
1860 2985 1927 3022 est
1942 2985 1984 3021 et
1997 2996 2075 3022 no-

1226 3042 1509 3097 minefcwina
1539 3046 1694 3086 Vitlus.
1727 3044 1859 3085 Varia
1898 3045 2074 3086 Vtrlulzlc

1225 3108 1452 3151 simulacra
1466 3109 1587 3151 fuere
1602 3140 1614 3162 ,
1635 3106 1711 3151 sed
1724 3108 1876 3161 saepius
1897 3115 2072 3150 matro-

1226 3176 1315 3219 nali
1347 3175 1511 3218 habitu.
1540 3176 1716 3219 Primus
1735 3175 1900 3218 Virtuti
1920 3175 2073 3217 sanum

1225 3241 1368 3298 posuit
1388 3241 1533 3297 Scipio
1553 3240 1850 3284 Numantinus
1869 3255 1879 3281 :
1912 3238 2071 3281 deinde

1227 3305 1460 3349 Marcellus
1476 3337 1487 3359 ,
1511 3305 1806 3348 Virlulisimul
1826 3313 1869 3347 et
1883 3306 2067 3357 Honori,
2140 3319 2144 3322 ·

1226 3373 1280 3416 ad
1301 3383 1473 3430 portam
1490 3372 1714 3430 Capenam
1729 3372 1953 3416 dedicavit.
1981 3371 2071 3414 Ce—

1225 3449 1386 3497 terum,
1406 3444 1580 3486 Virluldr
1590 3449 1632 3485 et
1641 3442 1826 3484 Honoris
1838 3448 1924 3482 tem
1931 3438 1998 3495 pla
2012 3438 2071 3480 ita
