<?xml version="1.0" encoding="UTF-8"?>
<!DOCTYPE html PUBLIC "-//W3C//DTD XHTML 1.0 Transitional//EN"
    "http://www.w3.org/TR/xhtml1/DTD/xhtml1-transitional.dtd">
<html xmlns="http://www.w3.org/1999/xhtml" xml:lang="en" lang="en">
 <head>
  <title>
</title>
<meta http-equiv="Content-Type" content="text/html;charset=utf-8" />
  <meta name='ocr-system' content='tesseract 3.04.00' />
  <meta name='ocr-capabilities' content='ocr_page ocr_carea ocr_par ocr_line ocrx_word'/>
</head>
<body>
  <div class='ocr_page' id='page_1' title='image "./quaeextantomniao02oviduoft_0323.png"; bbox 0 0 2268 3776; ppageno 0'>
   <div class='ocr_carea' id='block_1_1' title="bbox 540 295 1701 356">
    <p class='ocr_par' dir='ltr' id='par_1_1' title="bbox 540 295 1701 356">
     <span class='ocr_line' id='line_1_1' title="bbox 540 295 1701 356; baseline -0.006 0"><span class='ocrx_word' id='word_1_1' title='bbox 540 298 812 356; x_wconf 89' lang='lat' dir='ltr'><strong>ARTIS</strong></span> <span class='ocrx_word' id='word_1_2' title='bbox 861 295 1368 353; x_wconf 87' lang='lat' dir='ltr'>AMATORIAE</span> <span class='ocrx_word' id='word_1_3' title='bbox 1404 298 1571 352; x_wconf 89' lang='lat' dir='ltr'><strong>LIB.</strong></span> <span class='ocrx_word' id='word_1_4' title='bbox 1616 298 1701 350; x_wconf 93' lang='grc' dir='ltr'><strong>ΙΙ.</strong></span> 
     </span>
    </p>
   </div>
   <div class='ocr_carea' id='block_1_2' title="bbox 1911 295 2020 367">
    <p class='ocr_par' dir='ltr' id='par_1_2' title="bbox 1911 295 2020 367">
     <span class='ocr_line' id='line_1_2' title="bbox 1911 295 2020 367; baseline 0 -21"><span class='ocrx_word' id='word_1_5' title='bbox 1911 295 2020 367; x_wconf 80' lang='grc'><strong>309</strong></span> 
     </span>
    </p>
   </div>
   <div class='ocr_carea' id='block_1_3' title="bbox 240 411 2028 1278">
    <p class='ocr_par' dir='ltr' id='par_1_3' title="bbox 240 411 2028 1278">
     <span class='ocr_line' id='line_1_3' title="bbox 240 411 1747 503; baseline -0.007 -20"><span class='ocrx_word' id='word_1_6' title='bbox 240 417 423 503; x_wconf 84' lang='lat' dir='ltr'><strong>Quem</strong></span> <span class='ocrx_word' id='word_1_7' title='bbox 453 434 669 480; x_wconf 87' lang='lat' dir='ltr'><strong>taurum</strong></span> <span class='ocrx_word' id='word_1_8' title='bbox 699 415 930 488; x_wconf 84' lang='lat' dir='ltr'><strong>metuis,</strong></span> <span class='ocrx_word' id='word_1_9' title='bbox 960 412 1195 476; x_wconf 86' lang='lat' dir='ltr'><strong>vitulum</strong></span> <span class='ocrx_word' id='word_1_10' title='bbox 1226 413 1466 474; x_wconf 87' lang='lat' dir='ltr'><strong>mulcere</strong></span> <span class='ocrx_word' id='word_1_11' title='bbox 1494 411 1747 474; x_wconf 87' lang='lat' dir='ltr'><strong>solebas:</strong></span> 
     </span>
     <span class='ocr_line' id='line_1_4' title="bbox 320 511 1612 600; baseline -0.007 -21"><span class='ocrx_word' id='word_1_12' title='bbox 320 518 440 579; x_wconf 89' lang='lat' dir='ltr'><strong>Sub</strong></span> <span class='ocrx_word' id='word_1_13' title='bbox 472 540 579 600; x_wconf 89' lang='lat' dir='ltr'><strong>qua</strong></span> <span class='ocrx_word' id='word_1_14' title='bbox 607 538 755 575; x_wconf 89' lang='lat' dir='ltr'><strong>nunc</strong></span> <span class='ocrx_word' id='word_1_15' title='bbox 783 513 1014 575; x_wconf 89' lang='lat' dir='ltr'><strong>recubas</strong></span> <span class='ocrx_word' id='word_1_16' title='bbox 1045 513 1268 584; x_wconf 84' lang='lat' dir='ltr'><strong>arbore,</strong></span> <span class='ocrx_word' id='word_1_17' title='bbox 1305 512 1456 589; x_wconf 82' lang='lat' dir='ltr'><strong>virga</strong></span> <span class='ocrx_word' id='word_1_18' title='bbox 1485 511 1612 571; x_wconf 87' lang='lat' dir='ltr'><strong>suit.</strong></span> 
     </span>
     <span class='ocr_line' id='line_1_5' title="bbox 240 608 1612 694; baseline -0.007 -17"><span class='ocrx_word' id='word_1_19' title='bbox 240 614 499 677; x_wconf 85' lang='lat' dir='ltr'><strong>Nascitur</strong></span> <span class='ocrx_word' id='word_1_20' title='bbox 523 612 780 691; x_wconf 75' lang='lat' dir='ltr'><strong>exiguuS,</strong></span> <span class='ocrx_word' id='word_1_21' title='bbox 812 611 909 672; x_wconf 88' lang='lat' dir='ltr'><strong>sed</strong></span> <span class='ocrx_word' id='word_1_22' title='bbox 941 634 1078 694; x_wconf 88' lang='lat' dir='ltr'><strong>opes</strong></span> <span class='ocrx_word' id='word_1_23' title='bbox 1108 608 1355 693; x_wconf 81' lang='lat' dir='ltr'><strong>adquirit</strong></span> <span class='ocrx_word' id='word_1_24' title='bbox 1387 608 1573 669; x_wconf 87' lang='lat' dir='ltr'><strong>eundo</strong></span> <span class='ocrx_word' id='word_1_25' title='bbox 1595 655 1612 679; x_wconf 86' lang='lat'>‚</span> 
     </span>
     <span class='ocr_line' id='line_1_6' title="bbox 323 705 1659 793; baseline -0.004 -23"><span class='ocrx_word' id='word_1_26' title='bbox 323 712 559 793; x_wconf 78' lang='lat' dir='ltr'><strong>Quaque</strong></span> <span class='ocrx_word' id='word_1_27' title='bbox 589 709 773 781; x_wconf 75' lang='lat' dir='ltr'><strong>venit,</strong></span> <span class='ocrx_word' id='word_1_28' title='bbox 800 707 1002 769; x_wconf 92' lang='lat' dir='ltr'><strong>multas</strong></span> <span class='ocrx_word' id='word_1_29' title='bbox 1029 706 1231 790; x_wconf 88' lang='lat' dir='ltr'><strong>accipit</strong></span> <span class='ocrx_word' id='word_1_30' title='bbox 1259 705 1437 766; x_wconf 88' lang='lat' dir='ltr'><strong>amnis</strong></span> <span class='ocrx_word' id='word_1_31' title='bbox 1469 729 1659 788; x_wconf 86' lang='lat' dir='ltr'><strong>aquas.</strong></span> 
     </span>
     <span class='ocr_line' id='line_1_7' title="bbox 242 802 2028 883; baseline -0.007 -12"><span class='ocrx_word' id='word_1_32' title='bbox 242 809 347 871; x_wconf 83' lang='lat' dir='ltr'><strong>Fac</strong></span> <span class='ocrx_word' id='word_1_33' title='bbox 375 806 480 868; x_wconf 89' lang='lat' dir='ltr'><strong>tibi</strong></span> <span class='ocrx_word' id='word_1_34' title='bbox 513 820 872 868; x_wconf 88' lang='lat' dir='ltr'><strong>consuescat:</strong></span> <span class='ocrx_word' id='word_1_35' title='bbox 897 804 978 865; x_wconf 90' lang='lat' dir='ltr'><strong>nil</strong></span> <span class='ocrx_word' id='word_1_36' title='bbox 1007 802 1410 866; x_wconf 88' lang='lat' dir='ltr'><strong>consuetudine</strong></span> <span class='ocrx_word' id='word_1_37' title='bbox 1441 802 1618 883; x_wconf 87' lang='lat' dir='ltr'><strong>majus</strong></span> <span class='ocrx_word' id='word_1_38' title='bbox 1644 803 1656 860; x_wconf 67' lang='grc' dir='ltr'>ἵ</span> <span class='ocrx_word' id='word_1_39' title='bbox 1948 816 2028 871; x_wconf 64' lang='lat'><strong>345·</strong></span> 
     </span>
     <span class='ocr_line' id='line_1_8' title="bbox 322 898 1601 987; baseline -0.005 -23"><span class='ocrx_word' id='word_1_40' title='bbox 322 903 507 985; x_wconf 85' lang='lat' dir='ltr'><strong>Quam</strong></span> <span class='ocrx_word' id='word_1_41' title='bbox 537 903 643 964; x_wconf 91' lang='lat' dir='ltr'><strong>tibi</strong></span> <span class='ocrx_word' id='word_1_42' title='bbox 675 903 806 964; x_wconf 87' lang='lat' dir='ltr'><strong>dum</strong></span> <span class='ocrx_word' id='word_1_43' title='bbox 837 903 1051 987; x_wconf 87' lang='lat' dir='ltr'><strong>capias,</strong></span> <span class='ocrx_word' id='word_1_44' title='bbox 1079 901 1238 963; x_wconf 82' lang='lat' dir='ltr'><strong>taedia</strong></span> <span class='ocrx_word' id='word_1_45' title='bbox 1267 898 1422 961; x_wconf 91' lang='lat' dir='ltr'><strong>nulla</strong></span> <span class='ocrx_word' id='word_1_46' title='bbox 1454 899 1601 977; x_wconf 85' lang='lat' dir='ltr'><strong>suge.</strong></span> 
     </span>
     <span class='ocr_line' id='line_1_9' title="bbox 243 998 1714 1084; baseline -0.002 -24"><span class='ocrx_word' id='word_1_47' title='bbox 243 1001 322 1061; x_wconf 92' lang='lat' dir='ltr'><strong>Te</strong></span> <span class='ocrx_word' id='word_1_48' title='bbox 353 1024 570 1084; x_wconf 86' lang='lat' dir='ltr'>semper</span> <span class='ocrx_word' id='word_1_49' title='bbox 592 1000 775 1061; x_wconf 88' lang='lat' dir='ltr'><strong>videat</strong></span> <span class='ocrx_word' id='word_1_50' title='bbox 799 1024 811 1060; x_wconf 93' lang='lat'><strong>:</strong></span> <span class='ocrx_word' id='word_1_51' title='bbox 839 1000 946 1061; x_wconf 88' lang='lat' dir='ltr'><strong>tibi</strong></span> <span class='ocrx_word' id='word_1_52' title='bbox 975 1023 1193 1083; x_wconf 85' lang='lat' dir='ltr'><strong>semper</strong></span> <span class='ocrx_word' id='word_1_53' title='bbox 1218 998 1463 1083; x_wconf 71' lang='lat' dir='ltr'><strong>praebeat</strong></span> <span class='ocrx_word' id='word_1_54' title='bbox 1492 1021 1677 1058; x_wconf 91' lang='lat' dir='ltr'><strong>aurem</strong></span> <span class='ocrx_word' id='word_1_55' title='bbox 1701 1021 1714 1057; x_wconf 79' lang='lat' dir='ltr'><strong><em>z</em></strong></span> 
     </span>
     <span class='ocr_line' id='line_1_10' title="bbox 323 1096 1496 1180; baseline -0.003 -23"><span class='ocrx_word' id='word_1_56' title='bbox 323 1098 602 1159; x_wconf 86' lang='lat' dir='ltr'><strong>Exhibeat</strong></span> <span class='ocrx_word' id='word_1_57' title='bbox 625 1096 812 1158; x_wconf 87' lang='lat' dir='ltr'><strong>vultus</strong></span> <span class='ocrx_word' id='word_1_58' title='bbox 835 1120 1061 1180; x_wconf 89' lang='lat' dir='ltr'><strong>noxque</strong></span> <span class='ocrx_word' id='word_1_59' title='bbox 1093 1096 1320 1179; x_wconf 87' lang='lat' dir='ltr'><strong>diesque</strong></span> <span class='ocrx_word' id='word_1_60' title='bbox 1350 1109 1496 1156; x_wconf 89' lang='lat' dir='ltr'><strong>tuos.</strong></span> 
     </span>
     <span class='ocr_line' id='line_1_11' title="bbox 246 1192 1611 1278; baseline -0.003 -23"><span class='ocrx_word' id='word_1_61' title='bbox 246 1195 440 1276; x_wconf 81' lang='lat' dir='ltr'><strong>Quum</strong></span> <span class='ocrx_word' id='word_1_62' title='bbox 468 1195 574 1256; x_wconf 90' lang='lat' dir='ltr'><strong>tibi</strong></span> <span class='ocrx_word' id='word_1_63' title='bbox 602 1195 779 1277; x_wconf 78' lang='lat' dir='ltr'><strong>major</strong></span> <span class='ocrx_word' id='word_1_64' title='bbox 805 1195 912 1256; x_wconf 84' lang='lat' dir='ltr'><strong>erit</strong></span> <span class='ocrx_word' id='word_1_65' title='bbox 939 1194 1142 1256; x_wconf 89' lang='lat' dir='ltr'><strong>fiducia</strong></span> <span class='ocrx_word' id='word_1_66' title='bbox 1168 1217 1335 1278; x_wconf 92' lang='lat' dir='ltr'><strong>posse</strong></span> <span class='ocrx_word' id='word_1_67' title='bbox 1364 1192 1611 1276; x_wconf 87' lang='lat' dir='ltr'><strong>requiri,</strong></span> 
     </span>
    </p>
   </div>
   <div class='ocr_carea' id='block_1_4' title="bbox 325 1289 1561 1376">
    <p class='ocr_par' dir='ltr' id='par_1_4' title="bbox 325 1289 1561 1376">
     <span class='ocr_line' id='line_1_12' title="bbox 325 1289 1561 1376; baseline -0.002 -25"><span class='ocrx_word' id='word_1_68' title='bbox 325 1293 471 1353; x_wconf 90' lang='lat' dir='ltr'><strong>Tum</strong></span> <span class='ocrx_word' id='word_1_69' title='bbox 498 1291 725 1376; x_wconf 89' lang='lat' dir='ltr'><strong>procul,</strong></span> <span class='ocrx_word' id='word_1_70' title='bbox 756 1292 975 1354; x_wconf 87' lang='lat' dir='ltr'><strong>absenti</strong></span> <span class='ocrx_word' id='word_1_71' title='bbox 1005 1317 1136 1354; x_wconf 88' lang='lat' dir='ltr'><strong>cura</strong></span> <span class='ocrx_word' id='word_1_72' title='bbox 1164 1292 1419 1364; x_wconf 85' lang='lat' dir='ltr'><strong>futurus,</strong></span> <span class='ocrx_word' id='word_1_73' title='bbox 1450 1289 1561 1351; x_wconf 90' lang='lat' dir='ltr'><strong>abi.</strong></span> 
     </span>
    </p>
   </div>
   <div class='ocr_carea' id='block_1_5' title="bbox 186 1385 1769 1668">
    <p class='ocr_par' dir='ltr' id='par_1_5' title="bbox 186 1385 1769 1668">
     <span class='ocr_line' id='line_1_13' title="bbox 248 1385 1769 1476; baseline -0.003 -27"><span class='ocrx_word' id='word_1_74' title='bbox 248 1389 336 1450; x_wconf 84' lang='lat' dir='ltr'><strong>Da</strong></span> <span class='ocrx_word' id='word_1_75' title='bbox 361 1390 607 1473; x_wconf 90' lang='lat' dir='ltr'><strong>requiem</strong></span> <span class='ocrx_word' id='word_1_76' title='bbox 632 1414 646 1451; x_wconf 73' lang='grc' dir='ltr'><em>τ</em></span> <span class='ocrx_word' id='word_1_77' title='bbox 671 1390 956 1476; x_wconf 81' lang='lat' dir='ltr'><strong>requietus</strong></span> <span class='ocrx_word' id='word_1_78' title='bbox 987 1413 1117 1469; x_wconf 86' lang='lat' dir='ltr'><strong>ager</strong></span> <span class='ocrx_word' id='word_1_79' title='bbox 1142 1390 1286 1450; x_wconf 90' lang='lat' dir='ltr'><strong>bene</strong></span> <span class='ocrx_word' id='word_1_80' title='bbox 1319 1387 1526 1449; x_wconf 86' lang='lat' dir='ltr'><strong>credita</strong></span> <span class='ocrx_word' id='word_1_81' title='bbox 1553 1385 1769 1457; x_wconf 79' lang='lat' dir='ltr'><strong>reddit3</strong></span> 
     </span>
     <span class='ocr_line' id='line_1_14' title="bbox 211 1486 1501 1571; baseline -0.002 -24"><span class='ocrx_word' id='word_1_82' title='bbox 211 1490 216 1494; x_wconf 78' lang='grc'><strong>’</strong></span> <span class='ocrx_word' id='word_1_83' title='bbox 329 1487 609 1571; x_wconf 89' lang='lat' dir='ltr'><strong>Terraque</strong></span> <span class='ocrx_word' id='word_1_84' title='bbox 639 1486 878 1549; x_wconf 85' lang='lat' dir='ltr'><strong>caelestes</strong></span> <span class='ocrx_word' id='word_1_85' title='bbox 911 1486 1062 1548; x_wconf 86' lang='lat' dir='ltr'><strong>arida</strong></span> <span class='ocrx_word' id='word_1_86' title='bbox 1093 1486 1285 1547; x_wconf 91' lang='lat' dir='ltr'><strong>sorbet</strong></span> <span class='ocrx_word' id='word_1_87' title='bbox 1311 1508 1501 1569; x_wconf 90' lang='lat' dir='ltr'><strong>aquas.</strong></span> 
     </span>
     <span class='ocr_line' id='line_1_15' title="bbox 186 1580 1749 1668; baseline -0.001 -26"><span class='ocrx_word' id='word_1_88' title='bbox 186 1599 192 1606; x_wconf 88' lang='grc'><em>·</em></span> <span class='ocrx_word' id='word_1_89' title='bbox 251 1581 508 1666; x_wconf 83' lang='lat' dir='ltr'><strong>Phyllida</strong></span> <span class='ocrx_word' id='word_1_90' title='bbox 529 1584 908 1668; x_wconf 90' lang='lat' dir='ltr'><strong>Demophoon</strong></span> <span class='ocrx_word' id='word_1_91' title='bbox 936 1607 1178 1667; x_wconf 85' lang='lat' dir='ltr'><strong>praesens</strong></span> <span class='ocrx_word' id='word_1_92' title='bbox 1206 1582 1546 1646; x_wconf 89' lang='lat' dir='ltr'><strong>moderatius</strong></span> <span class='ocrx_word' id='word_1_93' title='bbox 1575 1580 1749 1642; x_wconf 87' lang='lat' dir='ltr'><strong>ussit:</strong></span> 
     </span>
    </p>
   </div>
   <div class='ocr_carea' id='block_1_6' title="bbox 334 1685 1240 1748">
    <p class='ocr_par' dir='ltr' id='par_1_6' title="bbox 334 1685 1240 1748">
     <span class='ocr_line' id='line_1_16' title="bbox 334 1685 1240 1748; baseline -0.001 -2"><span class='ocrx_word' id='word_1_94' title='bbox 334 1687 559 1748; x_wconf 85' lang='lat' dir='ltr'><strong>Exarsit</strong></span> <span class='ocrx_word' id='word_1_95' title='bbox 585 1685 719 1748; x_wconf 87' lang='lat' dir='ltr'><strong>velis</strong></span> <span class='ocrx_word' id='word_1_96' title='bbox 750 1687 929 1748; x_wconf 91' lang='lat' dir='ltr'><strong>acrius</strong></span> <span class='ocrx_word' id='word_1_97' title='bbox 956 1685 1052 1748; x_wconf 85' lang='lat' dir='ltr'><strong>illa</strong></span> <span class='ocrx_word' id='word_1_98' title='bbox 1082 1685 1240 1747; x_wconf 84' lang='lat' dir='ltr'><strong>datis.</strong></span> 
     </span>
    </p>
   </div>
   <div class='ocr_carea' id='block_1_7' title="bbox 248 1865 1118 3491">
    <p class='ocr_par' dir='ltr' id='par_1_7' title="bbox 254 1865 1104 1925">
     <span class='ocr_line' id='line_1_17' title="bbox 254 1865 1104 1925; baseline 0.007 -18"><span class='ocrx_word' id='word_1_99' title='bbox 254 1879 323 1908; x_wconf 81' lang='lat' dir='ltr'><strong>11ae</strong></span> <span class='ocrx_word' id='word_1_100' title='bbox 332 1865 725 1925; x_wconf 85' lang='lat' dir='ltr'><strong>editionis‚sequuti</strong></span> <span class='ocrx_word' id='word_1_101' title='bbox 733 1875 901 1912; x_wconf 87' lang='lat' dir='ltr'><strong>veteres</strong></span> <span class='ocrx_word' id='word_1_102' title='bbox 910 1868 1104 1913; x_wconf 88' lang='lat' dir='ltr'><strong>edition.:</strong></span> 
     </span>
    </p>

    <p class='ocr_par' dir='ltr' id='par_1_8' title="bbox 254 1936 1104 2125">
     <span class='ocr_line' id='line_1_18' title="bbox 294 1936 993 1981; baseline 0.007 -14"><span class='ocrx_word' id='word_1_103' title='bbox 294 1937 328 1968; x_wconf 89' lang='lat' dir='ltr'><strong>Si</strong></span> <span class='ocrx_word' id='word_1_104' title='bbox 343 1936 425 1968; x_wconf 84' lang='lat' dir='ltr'><strong>bene</strong></span> <span class='ocrx_word' id='word_1_105' title='bbox 441 1938 617 1979; x_wconf 79' lang='lat' dir='ltr'><strong>nutrieris,</strong></span> <span class='ocrx_word' id='word_1_106' title='bbox 634 1946 778 1981; x_wconf 84' lang='lat' dir='ltr'><strong>tempore</strong></span> <span class='ocrx_word' id='word_1_107' title='bbox 793 1939 904 1971; x_wconf 75' lang='lat' dir='ltr'><strong>firmus</strong></span> <span class='ocrx_word' id='word_1_108' title='bbox 919 1942 993 1972; x_wconf 84' lang='lat' dir='ltr'><strong>erit.</strong></span> 
     </span>
     <span class='ocr_line' id='line_1_19' title="bbox 259 1998 1104 2058; baseline 0.006 -17"><span class='ocrx_word' id='word_1_109' title='bbox 259 1999 479 2053; x_wconf 77' lang='lat' dir='ltr'><strong>Tempore,</strong></span> <span class='ocrx_word' id='word_1_110' title='bbox 501 1998 573 2043; x_wconf 84' lang='lat' dir='ltr'><strong>hic</strong></span> <span class='ocrx_word' id='word_1_111' title='bbox 602 2007 666 2044; x_wconf 87' lang='lat' dir='ltr'><strong>est</strong></span> <span class='ocrx_word' id='word_1_112' title='bbox 685 2000 922 2058; x_wconf 82' lang='lat' dir='ltr'><strong>paulatim3</strong></span> <span class='ocrx_word' id='word_1_113' title='bbox 945 2003 980 2046; x_wconf 90' lang='lat' dir='ltr'><strong>si</strong></span> <span class='ocrx_word' id='word_1_114' title='bbox 1009 2019 1104 2046; x_wconf 92' lang='lat' dir='ltr'><strong>nu—</strong></span> 
     </span>
     <span class='ocr_line' id='line_1_20' title="bbox 254 2062 933 2125; baseline 0.007 -19"><span class='ocrx_word' id='word_1_115' title='bbox 254 2062 420 2119; x_wconf 81' lang='lat' dir='ltr'><strong>trieris,</strong></span> <span class='ocrx_word' id='word_1_116' title='bbox 443 2063 526 2108; x_wconf 87' lang='lat' dir='ltr'><strong>erit</strong></span> <span class='ocrx_word' id='word_1_117' title='bbox 544 2063 699 2110; x_wconf 87' lang='lat' dir='ltr'><strong>firmus</strong></span> <span class='ocrx_word' id='word_1_118' title='bbox 719 2075 933 2125; x_wconf 88' lang='lat' dir='ltr'><strong>tempore.</strong></span> 
     </span>
    </p>

    <p class='ocr_par' dir='ltr' id='par_1_9' title="bbox 248 2129 1111 2381">
     <span class='ocr_line' id='line_1_21' title="bbox 309 2129 1108 2185; baseline 0.011 -13"><span class='ocrx_word' id='word_1_119' title='bbox 309 2129 404 2185; x_wconf 73' lang='lat'><strong>341.</strong></span> <span class='ocrx_word' id='word_1_120' title='bbox 429 2133 557 2185; x_wconf 81' lang='lat' dir='ltr'><strong>Quem</strong></span> <span class='ocrx_word' id='word_1_121' title='bbox 577 2138 737 2176; x_wconf 81' lang='lat' dir='ltr'><strong>taurum</strong></span> <span class='ocrx_word' id='word_1_122' title='bbox 753 2139 914 2178; x_wconf 83' lang='lat' dir='ltr'><strong>metuis.</strong></span> <span class='ocrx_word' id='word_1_123' title='bbox 936 2137 1108 2181; x_wconf 80' lang='lat' dir='ltr'><strong>Metuas</strong></span> 
     </span>
     <span class='ocr_line' id='line_1_22' title="bbox 257 2189 1109 2256; baseline 0.009 -20"><span class='ocrx_word' id='word_1_124' title='bbox 257 2193 496 2240; x_wconf 84' lang='lat' dir='ltr'><strong>Vaticanus</strong></span> <span class='ocrx_word' id='word_1_125' title='bbox 525 2196 666 2242; x_wconf 84' lang='lat' dir='ltr'><strong>bene:</strong></span> <span class='ocrx_word' id='word_1_126' title='bbox 690 2214 824 2254; x_wconf 87' lang='lat' dir='ltr'><strong>quem</strong></span> <span class='ocrx_word' id='word_1_127' title='bbox 851 2189 1016 2256; x_wconf 81' lang='lat' dir='ltr'><strong>posses,</strong></span> <span class='ocrx_word' id='word_1_128' title='bbox 1038 2201 1109 2244; x_wconf 85' lang='lat' dir='ltr'><strong>vel</strong></span> 
     </span>
     <span class='ocr_line' id='line_1_23' title="bbox 248 2257 1111 2319; baseline 0.007 -18"><span class='ocrx_word' id='word_1_129' title='bbox 248 2257 439 2307; x_wconf 70' lang='lat' dir='ltr'><strong>‚deberes</strong></span> <span class='ocrx_word' id='word_1_130' title='bbox 469 2270 670 2305; x_wconf 83' lang='lat' dir='ltr'><strong>metuere</strong></span> <span class='ocrx_word' id='word_1_131' title='bbox 693 2278 703 2305; x_wconf 90' lang='lat'>:</span> <span class='ocrx_word' id='word_1_132' title='bbox 725 2261 885 2306; x_wconf 87' lang='lat' dir='ltr'><strong>deinde</strong></span> <span class='ocrx_word' id='word_1_133' title='bbox 908 2295 920 2319; x_wconf 93' lang='lat'>,</span> <span class='ocrx_word' id='word_1_134' title='bbox 949 2267 1111 2308; x_wconf 84' lang='lat' dir='ltr'><strong>mollire</strong></span> 
     </span>
     <span class='ocr_line' id='line_1_24' title="bbox 259 2324 661 2381; baseline 0.007 -16"><span class='ocrx_word' id='word_1_135' title='bbox 259 2325 424 2366; x_wconf 83' lang='lat' dir='ltr'><strong>solebas</strong></span> <span class='ocrx_word' id='word_1_136' title='bbox 437 2357 448 2376; x_wconf 95' lang='lat'><strong><em>,</em></strong></span> <span class='ocrx_word' id='word_1_137' title='bbox 472 2324 661 2381; x_wconf 89' lang='lat' dir='ltr'><strong>Aprosii.</strong></span> 
     </span>
    </p>

    <p class='ocr_par' dir='ltr' id='par_1_10' title="bbox 261 2387 1110 2578">
     <span class='ocr_line' id='line_1_25' title="bbox 315 2387 1110 2448; baseline 0.011 -19"><span class='ocrx_word' id='word_1_138' title='bbox 315 2387 409 2443; x_wconf 80' lang='lat'><strong>343.</strong></span> <span class='ocrx_word' id='word_1_139' title='bbox 443 2391 566 2443; x_wconf 82' lang='lat' dir='ltr'><strong>Opes.</strong></span> <span class='ocrx_word' id='word_1_140' title='bbox 599 2389 726 2433; x_wconf 87' lang='lat' dir='ltr'><strong>Idem</strong></span> <span class='ocrx_word' id='word_1_141' title='bbox 753 2390 1002 2448; x_wconf 85' lang='lat' dir='ltr'><strong>significant</strong></span> <span class='ocrx_word' id='word_1_142' title='bbox 1039 2393 1110 2438; x_wconf 88' lang='lat' dir='ltr'><strong>hic</strong></span> 
     </span>
     <span class='ocr_line' id='line_1_26' title="bbox 261 2454 1109 2516; baseline 0.009 -21"><span class='ocrx_word' id='word_1_143' title='bbox 261 2469 358 2507; x_wconf 78' lang='lat' dir='ltr'><strong>opes</strong></span> <span class='ocrx_word' id='word_1_144' title='bbox 370 2487 382 2505; x_wconf 87' lang='lat'><em>‚</em></span> <span class='ocrx_word' id='word_1_145' title='bbox 412 2454 535 2510; x_wconf 87' lang='lat' dir='ltr'><strong>quod</strong></span> <span class='ocrx_word' id='word_1_146' title='bbox 567 2459 678 2498; x_wconf 83' lang='lat' dir='ltr'><strong>vires</strong></span> <span class='ocrx_word' id='word_1_147' title='bbox 710 2457 824 2513; x_wconf 89' lang='lat' dir='ltr'><strong>apud</strong></span> <span class='ocrx_word' id='word_1_148' title='bbox 853 2458 1007 2516; x_wconf 81' lang='lat' dir='ltr'><strong>Virgil.</strong></span> <span class='ocrx_word' id='word_1_149' title='bbox 1035 2474 1109 2515; x_wconf 79' lang='lat' dir='ltr'><strong>lv,</strong></span> 
     </span>
     <span class='ocr_line' id='line_1_27' title="bbox 264 2517 1110 2578; baseline 0.007 -17"><span class='ocrx_word' id='word_1_150' title='bbox 264 2517 441 2562; x_wconf 84' lang='lat' dir='ltr'><strong>AEneid.</strong></span> <span class='ocrx_word' id='word_1_151' title='bbox 475 2522 551 2577; x_wconf 86' lang='lat'><strong>175</strong></span> <span class='ocrx_word' id='word_1_152' title='bbox 579 2536 590 2563; x_wconf 72' lang='grc' dir='ltr'><strong>ε</strong></span> <span class='ocrx_word' id='word_1_153' title='bbox 612 2524 723 2563; x_wconf 74' lang='lat' dir='ltr'><strong>vires</strong></span> <span class='ocrx_word' id='word_1_154' title='bbox 755 2525 941 2578; x_wconf 73' lang='lat' dir='ltr'><strong>adquirit</strong></span> <span class='ocrx_word' id='word_1_155' title='bbox 964 2528 1110 2567; x_wconf 82' lang='lat' dir='ltr'><strong>eundo.</strong></span> 
     </span>
    </p>

    <p class='ocr_par' dir='ltr' id='par_1_11' title="bbox 262 2583 1114 3104">
     <span class='ocr_line' id='line_1_28' title="bbox 317 2583 1113 2642; baseline 0.01 -17"><span class='ocrx_word' id='word_1_156' title='bbox 317 2583 412 2638; x_wconf 79' lang='lat'><strong>346.</strong></span> <span class='ocrx_word' id='word_1_157' title='bbox 446 2586 615 2639; x_wconf 77' lang='lat' dir='ltr'><strong>Capias.</strong></span> <span class='ocrx_word' id='word_1_158' title='bbox 633 2588 794 2642; x_wconf 83' lang='lat' dir='ltr'><strong>Captos</strong></span> <span class='ocrx_word' id='word_1_159' title='bbox 811 2603 925 2631; x_wconf 89' lang='lat' dir='ltr'><strong>unus</strong></span> <span class='ocrx_word' id='word_1_160' title='bbox 943 2589 1113 2633; x_wconf 76' lang='lat' dir='ltr'><strong>Vatica-</strong></span> 
     </span>
     <span class='ocr_line' id='line_1_29' title="bbox 262 2647 1112 2710; baseline 0.008 -20"><span class='ocrx_word' id='word_1_161' title='bbox 262 2662 347 2690; x_wconf 91' lang='lat' dir='ltr'><strong>nus</strong></span> <span class='ocrx_word' id='word_1_162' title='bbox 365 2663 375 2691; x_wconf 89' lang='lat'>:</span> <span class='ocrx_word' id='word_1_163' title='bbox 397 2647 535 2705; x_wconf 87' lang='lat' dir='ltr'><strong>placet</strong></span> <span class='ocrx_word' id='word_1_164' title='bbox 550 2682 562 2703; x_wconf 90' lang='lat'>,</span> <span class='ocrx_word' id='word_1_165' title='bbox 582 2658 631 2692; x_wconf 91' lang='lat' dir='ltr'><strong>ut</strong></span> <span class='ocrx_word' id='word_1_166' title='bbox 651 2649 705 2694; x_wconf 92' lang='lat' dir='ltr'><strong>de</strong></span> <span class='ocrx_word' id='word_1_167' title='bbox 724 2651 867 2708; x_wconf 89' lang='lat' dir='ltr'><strong>puella</strong></span> <span class='ocrx_word' id='word_1_168' title='bbox 886 2652 1112 2710; x_wconf 86' lang='lat' dir='ltr'><strong>intelliga-</strong></span> 
     </span>
     <span class='ocr_line' id='line_1_30' title="bbox 264 2714 1111 2767; baseline 0.009 -12"><span class='ocrx_word' id='word_1_169' title='bbox 264 2721 348 2756; x_wconf 87' lang='lat' dir='ltr'><strong>tur.</strong></span> <span class='ocrx_word' id='word_1_170' title='bbox 359 2714 524 2759; x_wconf 72' lang='lat' dir='ltr'><strong>Hnms.</strong></span> <span class='ocrx_word' id='word_1_171' title='bbox 538 2714 807 2760; x_wconf 90' lang='lat' dir='ltr'><strong>Inconcinne</strong></span> <span class='ocrx_word' id='word_1_172' title='bbox 817 2734 964 2767; x_wconf 88' lang='lat' dir='ltr'><strong>sermo</strong></span> <span class='ocrx_word' id='word_1_173' title='bbox 976 2719 1047 2763; x_wconf 85' lang='lat' dir='ltr'><strong>hic</strong></span> <span class='ocrx_word' id='word_1_174' title='bbox 1056 2719 1111 2762; x_wconf 88' lang='lat' dir='ltr'><strong>ad</strong></span> 
     </span>
     <span class='ocr_line' id='line_1_31' title="bbox 265 2777 1111 2839; baseline 0.009 -20"><span class='ocrx_word' id='word_1_175' title='bbox 265 2777 453 2834; x_wconf 84' lang='lat' dir='ltr'><strong>puellam</strong></span> <span class='ocrx_word' id='word_1_176' title='bbox 467 2788 714 2824; x_wconf 86' lang='lat' dir='ltr'><strong>verteretur</strong></span> <span class='ocrx_word' id='word_1_177' title='bbox 728 2814 740 2836; x_wconf 91' lang='lat'>‚</span> <span class='ocrx_word' id='word_1_178' title='bbox 777 2798 912 2839; x_wconf 88' lang='lat' dir='ltr'><strong>quum</strong></span> <span class='ocrx_word' id='word_1_179' title='bbox 930 2788 972 2828; x_wconf 73' lang='grc' dir='ltr'><strong>τὸ</strong></span> <span class='ocrx_word' id='word_1_180' title='bbox 989 2801 1111 2839; x_wconf 81' lang='lat' dir='ltr'><strong>quam</strong></span> 
     </span>
     <span class='ocr_line' id='line_1_32' title="bbox 266 2842 1110 2905; baseline 0.011 -21"><span class='ocrx_word' id='word_1_181' title='bbox 266 2842 494 2887; x_wconf 78' lang='lat' dir='ltr'><strong>manifeste</strong></span> <span class='ocrx_word' id='word_1_182' title='bbox 517 2861 568 2888; x_wconf 85' lang='lat' dir='ltr'><strong>ex</strong></span> <span class='ocrx_word' id='word_1_183' title='bbox 585 2845 677 2903; x_wconf 87' lang='lat' dir='ltr'><strong>lege</strong></span> <span class='ocrx_word' id='word_1_184' title='bbox 695 2848 910 2892; x_wconf 89' lang='lat' dir='ltr'><strong>sermonis</strong></span> <span class='ocrx_word' id='word_1_185' title='bbox 934 2849 1110 2905; x_wconf 89' lang='lat' dir='ltr'><strong>Latini,</strong></span> 
     </span>
     <span class='ocr_line' id='line_1_33' title="bbox 268 2907 1110 2960; baseline 0.012 -10"><span class='ocrx_word' id='word_1_186' title='bbox 268 2907 320 2950; x_wconf 88' lang='lat' dir='ltr'><strong>ad</strong></span> <span class='ocrx_word' id='word_1_187' title='bbox 340 2915 672 2954; x_wconf 73' lang='lat' dir='ltr'><strong>consuetudinem</strong></span> <span class='ocrx_word' id='word_1_188' title='bbox 705 2914 759 2957; x_wconf 88' lang='lat' dir='ltr'><strong>sit</strong></span> <span class='ocrx_word' id='word_1_189' title='bbox 791 2915 1076 2959; x_wconf 79' lang='lat' dir='ltr'><strong>referendum</strong></span> <span class='ocrx_word' id='word_1_190' title='bbox 1099 2933 1110 2960; x_wconf 87' lang='lat'>:</span> 
     </span>
     <span class='ocr_line' id='line_1_34' title="bbox 269 2973 1114 3033; baseline 0.013 -19"><span class='ocrx_word' id='word_1_191' title='bbox 269 2988 402 3029; x_wconf 87' lang='lat' dir='ltr'><strong>quare</strong></span> <span class='ocrx_word' id='word_1_192' title='bbox 419 2973 618 3020; x_wconf 85' lang='lat' dir='ltr'><strong>insistens</strong></span> <span class='ocrx_word' id='word_1_193' title='bbox 629 2977 774 3033; x_wconf 86' lang='lat' dir='ltr'><strong>priscis</strong></span> <span class='ocrx_word' id='word_1_194' title='bbox 788 2979 1050 3024; x_wconf 84' lang='lat' dir='ltr'><strong>editionibus</strong></span> <span class='ocrx_word' id='word_1_195' title='bbox 1068 2989 1114 3024; x_wconf 90' lang='lat' dir='ltr'><strong>et</strong></span> 
     </span>
     <span class='ocr_line' id='line_1_35' title="bbox 268 3038 1111 3104; baseline 0.014 -25"><span class='ocrx_word' id='word_1_196' title='bbox 268 3038 497 3094; x_wconf 89' lang='lat' dir='ltr'><strong>Patavino,·</strong></span> <span class='ocrx_word' id='word_1_197' title='bbox 509 3049 552 3084; x_wconf 87' lang='lat' dir='ltr'><strong>et</strong></span> <span class='ocrx_word' id='word_1_198' title='bbox 562 3042 700 3086; x_wconf 90' lang='lat' dir='ltr'><strong>tribus</strong></span> <span class='ocrx_word' id='word_1_199' title='bbox 711 3044 801 3088; x_wconf 90' lang='lat' dir='ltr'><strong>aliis</strong></span> <span class='ocrx_word' id='word_1_200' title='bbox 813 3046 1111 3104; x_wconf 86' lang='lat' dir='ltr'><strong>scriptis,lego:</strong></span> 
     </span>
    </p>

    <p class='ocr_par' dir='ltr' id='par_1_12' title="bbox 262 3106 1118 3491">
     <span class='ocr_line' id='line_1_36' title="bbox 308 3106 1048 3155; baseline 0.014 -19"><span class='ocrx_word' id='word_1_201' title='bbox 308 3106 417 3145; x_wconf 84' lang='lat' dir='ltr'><strong>Quam</strong></span> <span class='ocrx_word' id='word_1_202' title='bbox 429 3107 490 3138; x_wconf 87' lang='lat' dir='ltr'><strong>tibi</strong></span> <span class='ocrx_word' id='word_1_203' title='bbox 505 3108 585 3140; x_wconf 86' lang='lat' dir='ltr'><strong>dum</strong></span> <span class='ocrx_word' id='word_1_204' title='bbox 597 3111 705 3151; x_wconf 71' lang='lat' dir='ltr'><strong>capias</strong></span> <span class='ocrx_word' id='word_1_205' title='bbox 719 3135 731 3150; x_wconf 90' lang='lat'><em>‚</em></span> <span class='ocrx_word' id='word_1_206' title='bbox 745 3113 840 3144; x_wconf 70' lang='lat' dir='ltr'><strong>taedin</strong></span> <span class='ocrx_word' id='word_1_207' title='bbox 854 3115 946 3145; x_wconf 75' lang='lat' dir='ltr'><strong>nulla</strong></span> <span class='ocrx_word' id='word_1_208' title='bbox 959 3114 1048 3155; x_wconf 81' lang='lat' dir='ltr'><strong>fuge.</strong></span> 
     </span>
     <span class='ocr_line' id='line_1_37' title="bbox 270 3166 1114 3229; baseline 0.012 -20"><span class='ocrx_word' id='word_1_209' title='bbox 270 3166 380 3221; x_wconf 88' lang='lat' dir='ltr'><strong>Vel,</strong></span> <span class='ocrx_word' id='word_1_210' title='bbox 399 3167 515 3224; x_wconf 89' lang='lat' dir='ltr'><strong>quod</strong></span> <span class='ocrx_word' id='word_1_211' title='bbox 536 3170 710 3214; x_wconf 87' lang='lat' dir='ltr'><strong>mallem</strong></span> <span class='ocrx_word' id='word_1_212' title='bbox 725 3204 736 3226; x_wconf 93' lang='lat'>,</span> <span class='ocrx_word' id='word_1_213' title='bbox 755 3178 820 3224; x_wconf 87' lang='lat' dir='ltr'><strong>tu,</strong></span> <span class='ocrx_word' id='word_1_214' title='bbox 837 3176 933 3217; x_wconf 84' lang='lat' dir='ltr'><strong>dum</strong></span> <span class='ocrx_word' id='word_1_215' title='bbox 953 3180 1114 3229; x_wconf 81' lang='lat' dir='ltr'><strong>capiat.-</strong></span> 
     </span>
     <span class='ocr_line' id='line_1_38' title="bbox 269 3232 1116 3289; baseline 0.012 -15"><span class='ocrx_word' id='word_1_216' title='bbox 269 3232 411 3289; x_wconf 89' lang='lat' dir='ltr'><strong>puella</strong></span> <span class='ocrx_word' id='word_1_217' title='bbox 423 3233 582 3278; x_wconf 90' lang='lat' dir='ltr'><strong>scilicet</strong></span> <span class='ocrx_word' id='word_1_218' title='bbox 595 3235 659 3278; x_wconf 86' lang='lat' dir='ltr'><strong>tui</strong></span> <span class='ocrx_word' id='word_1_219' title='bbox 671 3238 1032 3283; x_wconf 87' lang='lat' dir='ltr'><strong>consuetudinem</strong></span> <span class='ocrx_word' id='word_1_220' title='bbox 1047 3256 1116 3284; x_wconf 86' lang='lat' dir='ltr'><strong>ca-</strong></span> 
     </span>
     <span class='ocr_line' id='line_1_39' title="bbox 262 3296 1118 3360; baseline 0.011 -20"><span class='ocrx_word' id='word_1_221' title='bbox 262 3302 362 3352; x_wconf 81' lang='lat' dir='ltr'><strong>piat</strong></span> <span class='ocrx_word' id='word_1_222' title='bbox 381 3314 394 3341; x_wconf 85' lang='lat'><strong>.·</strong></span> <span class='ocrx_word' id='word_1_223' title='bbox 414 3298 586 3357; x_wconf 86' lang='lat' dir='ltr'><strong>elegans</strong></span> <span class='ocrx_word' id='word_1_224' title='bbox 614 3302 735 3345; x_wconf 88' lang='lat' dir='ltr'><strong>enim</strong></span> <span class='ocrx_word' id='word_1_225' title='bbox 760 3303 947 3358; x_wconf 88' lang='lat' dir='ltr'><strong>locutio,</strong></span> <span class='ocrx_word' id='word_1_226' title='bbox 972 3296 1118 3360; x_wconf 70' lang='lat' dir='ltr'><strong>capere</strong></span> 
     </span>
     <span class='ocr_line' id='line_1_40' title="bbox 270 3366 1115 3426; baseline 0.008 -20"><span class='ocrx_word' id='word_1_227' title='bbox 270 3367 616 3416; x_wconf 79' lang='lat' dir='ltr'><strong>consuetudinem,</strong></span> <span class='ocrx_word' id='word_1_228' title='bbox 629 3381 709 3423; x_wconf 88' lang='lat' dir='ltr'><strong>pro</strong></span> <span class='ocrx_word' id='word_1_229' title='bbox 721 3366 800 3411; x_wconf 89' lang='lat' dir='ltr'><strong>sibi</strong></span> <span class='ocrx_word' id='word_1_230' title='bbox 814 3369 955 3412; x_wconf 84' lang='lat' dir='ltr'><strong>facere</strong></span> <span class='ocrx_word' id='word_1_231' title='bbox 970 3385 1115 3426; x_wconf 86' lang='lat' dir='ltr'><strong>usum,</strong></span> 
     </span>
     <span class='ocr_line' id='line_1_41' title="bbox 274 3427 1118 3491; baseline 0.009 -21"><span class='ocrx_word' id='word_1_232' title='bbox 274 3427 482 3484; x_wconf 87' lang='lat' dir='ltr'><strong>paulatim</strong></span> <span class='ocrx_word' id='word_1_233' title='bbox 501 3428 765 3475; x_wconf 82' lang='lat' dir='ltr'><strong>adsuescere.</strong></span> <span class='ocrx_word' id='word_1_234' title='bbox 786 3431 937 3488; x_wconf 83' lang='lat' dir='ltr'><strong>Quam</strong></span> <span class='ocrx_word' id='word_1_235' title='bbox 958 3435 1118 3491; x_wconf 86' lang='lat' dir='ltr'><strong>exqui-</strong></span> 
     </span>
    </p>
   </div>
   <div class='ocr_carea' id='block_1_8' title="bbox 1185 1862 2057 3491">
    <p class='ocr_par' dir='ltr' id='par_1_13' title="bbox 1185 1862 2046 2511">
     <span class='ocr_line' id='line_1_42' title="bbox 1185 1862 2039 1925; baseline -0.009 -12"><span class='ocrx_word' id='word_1_236' title='bbox 1185 1868 1313 1914; x_wconf 86' lang='lat' dir='ltr'><strong>sitam</strong></span> <span class='ocrx_word' id='word_1_237' title='bbox 1328 1866 1590 1925; x_wconf 82' lang='lat' dir='ltr'><strong>elegantiam</strong></span> <span class='ocrx_word' id='word_1_238' title='bbox 1607 1878 1764 1923; x_wconf 89' lang='lat' dir='ltr'><strong>parum</strong></span> <span class='ocrx_word' id='word_1_239' title='bbox 1781 1862 1917 1907; x_wconf 80' lang='lat' dir='ltr'><strong>abfuit</strong></span> <span class='ocrx_word' id='word_1_240' title='bbox 1933 1864 2039 1919; x_wconf 82' lang='lat' dir='ltr'><strong>quin</strong></span> 
     </span>
     <span class='ocr_line' id='line_1_43' title="bbox 1187 1928 2038 1978; baseline -0.009 0"><span class='ocrx_word' id='word_1_241' title='bbox 1187 1943 1231 1978; x_wconf 87' lang='lat' dir='ltr'><strong>et</strong></span> <span class='ocrx_word' id='word_1_242' title='bbox 1252 1951 1276 1977; x_wconf 90' lang='lat' dir='ltr'><strong>a</strong></span> <span class='ocrx_word' id='word_1_243' title='bbox 1301 1933 1529 1977; x_wconf 83' lang='lat' dir='ltr'><strong>Ciceronis</strong></span> <span class='ocrx_word' id='word_1_244' title='bbox 1558 1947 1718 1975; x_wconf 87' lang='lat' dir='ltr'><strong>venere</strong></span> <span class='ocrx_word' id='word_1_245' title='bbox 1750 1928 1943 1973; x_wconf 85' lang='lat' dir='ltr'><strong>exsulare</strong></span> <span class='ocrx_word' id='word_1_246' title='bbox 1966 1930 2038 1971; x_wconf 87' lang='lat' dir='ltr'><strong>se-</strong></span> 
     </span>
     <span class='ocr_line' id='line_1_44' title="bbox 1185 1992 2041 2045; baseline -0.011 -2"><span class='ocrx_word' id='word_1_247' title='bbox 1185 2000 1345 2043; x_wconf 82' lang='lat' dir='ltr'><strong>cissent</strong></span> <span class='ocrx_word' id='word_1_248' title='bbox 1374 1998 1455 2042; x_wconf 82' lang='lat' dir='ltr'><strong>viri</strong></span> <span class='ocrx_word' id='word_1_249' title='bbox 1490 1996 1619 2040; x_wconf 83' lang='lat' dir='ltr'><strong>docti.</strong></span> <span class='ocrx_word' id='word_1_250' title='bbox 1650 1995 1730 2039; x_wconf 88' lang='lat' dir='ltr'><strong>Ille</strong></span> <span class='ocrx_word' id='word_1_251' title='bbox 1758 1994 1878 2037; x_wconf 87' lang='lat' dir='ltr'><strong>enim</strong></span> <span class='ocrx_word' id='word_1_252' title='bbox 1899 1992 1969 2035; x_wconf 90' lang='lat' dir='ltr'><strong>lib.</strong></span> <span class='ocrx_word' id='word_1_253' title='bbox 1993 2007 2006 2034; x_wconf 86' lang='lat'>1</span> <span class='ocrx_word' id='word_1_254' title='bbox 2029 2025 2041 2045; x_wconf 82' lang='lat'>‚</span> 
     </span>
     <span class='ocr_line' id='line_1_45' title="bbox 1188 2058 2043 2118; baseline -0.009 -10"><span class='ocrx_word' id='word_1_255' title='bbox 1188 2063 1243 2108; x_wconf 89' lang='lat' dir='ltr'><strong>de</strong></span> <span class='ocrx_word' id='word_1_256' title='bbox 1266 2064 1397 2108; x_wconf 83' lang='lat' dir='ltr'><strong>Offic.</strong></span> <span class='ocrx_word' id='word_1_257' title='bbox 1428 2065 1504 2107; x_wconf 87' lang='lat'><strong>18:</strong></span> <span class='ocrx_word' id='word_1_258' title='bbox 1528 2082 1548 2099; x_wconf 74' lang='grc' dir='ltr'>α</span> <span class='ocrx_word' id='word_1_259' title='bbox 1567 2063 1677 2106; x_wconf 86' lang='lat' dir='ltr'><strong>Haec</strong></span> <span class='ocrx_word' id='word_1_260' title='bbox 1709 2061 1842 2118; x_wconf 83' lang='lat' dir='ltr'><strong>igitur</strong></span> <span class='ocrx_word' id='word_1_261' title='bbox 1868 2067 1913 2102; x_wconf 74' lang='lat' dir='ltr'><strong>et</strong></span> <span class='ocrx_word' id='word_1_262' title='bbox 1941 2058 2043 2101; x_wconf 75' lang='lat' dir='ltr'><strong>talia</strong></span> 
     </span>
     <span class='ocr_line' id='line_1_46' title="bbox 1187 2125 2042 2187; baseline -0.009 -13"><span class='ocrx_word' id='word_1_263' title='bbox 1187 2128 1576 2187; x_wconf 82' lang='lat' dir='ltr'><strong>circumspicienda</strong></span> <span class='ocrx_word' id='word_1_264' title='bbox 1595 2136 1696 2171; x_wconf 88' lang='lat' dir='ltr'><strong>sunt</strong></span> <span class='ocrx_word' id='word_1_265' title='bbox 1711 2161 1722 2182; x_wconf 89' lang='lat'>,</span> <span class='ocrx_word' id='word_1_266' title='bbox 1745 2128 1790 2169; x_wconf 89' lang='lat' dir='ltr'><strong>in</strong></span> <span class='ocrx_word' id='word_1_267' title='bbox 1820 2125 1943 2168; x_wconf 90' lang='lat' dir='ltr'><strong>omni</strong></span> <span class='ocrx_word' id='word_1_268' title='bbox 1966 2126 2042 2166; x_wconf 78' lang='lat' dir='ltr'><strong>of-</strong></span> 
     </span>
     <span class='ocr_line' id='line_1_47' title="bbox 1190 2190 2042 2249; baseline -0.006 -11"><span class='ocrx_word' id='word_1_269' title='bbox 1190 2194 1291 2238; x_wconf 81' lang='lat' dir='ltr'><strong>ficio</strong></span> <span class='ocrx_word' id='word_1_270' title='bbox 1312 2227 1324 2249; x_wconf 94' lang='lat'>,</span> <span class='ocrx_word' id='word_1_271' title='bbox 1359 2202 1404 2238; x_wconf 88' lang='lat' dir='ltr'><strong>et</strong></span> <span class='ocrx_word' id='word_1_272' title='bbox 1431 2195 1686 2237; x_wconf 80' lang='lat' dir='ltr'><strong>consuetudo</strong></span> <span class='ocrx_word' id='word_1_273' title='bbox 1707 2190 2042 2246; x_wconf 73' lang='lat' dir='ltr'><strong>exercitatioque</strong></span> 
     </span>
     <span class='ocr_line' id='line_1_48' title="bbox 1189 2255 2044 2314; baseline -0.006 -13"><span class='ocrx_word' id='word_1_274' title='bbox 1189 2261 1418 2314; x_wconf 76' lang='lat' dir='ltr'><strong>capienda,</strong></span> <span class='ocrx_word' id='word_1_275' title='bbox 1437 2267 1486 2301; x_wconf 90' lang='lat' dir='ltr'><strong>ut</strong></span> <span class='ocrx_word' id='word_1_276' title='bbox 1506 2258 1610 2300; x_wconf 90' lang='lat' dir='ltr'><strong>boni</strong></span> <span class='ocrx_word' id='word_1_277' title='bbox 1632 2256 1960 2300; x_wconf 83' lang='lat' dir='ltr'><strong>ratiocinatores</strong></span> <span class='ocrx_word' id='word_1_278' title='bbox 1977 2255 2044 2296; x_wconf 88' lang='lat' dir='ltr'><strong>os-</strong></span> 
     </span>
     <span class='ocr_line' id='line_1_49' title="bbox 1192 2321 2046 2381; baseline -0.005 -14"><span class='ocrx_word' id='word_1_279' title='bbox 1192 2323 1394 2367; x_wconf 78' lang='lat' dir='ltr'><strong>ficiorum</strong></span> <span class='ocrx_word' id='word_1_280' title='bbox 1414 2340 1503 2368; x_wconf 85' lang='lat' dir='ltr'><strong>esse</strong></span> <span class='ocrx_word' id='word_1_281' title='bbox 1534 2323 1745 2381; x_wconf 82' lang='lat' dir='ltr'><strong>possimus</strong></span> <span class='ocrx_word' id='word_1_282' title='bbox 1764 2338 1774 2365; x_wconf 93' lang='lat'>:</span> <span class='ocrx_word' id='word_1_283' title='bbox 1799 2341 1820 2359; x_wconf 70' lang='grc' dir='ltr'><strong>»ι</strong></span> <span class='ocrx_word' id='word_1_284' title='bbox 1843 2322 1916 2365; x_wconf 91' lang='lat' dir='ltr'><strong>ubi</strong></span> <span class='ocrx_word' id='word_1_285' title='bbox 1938 2321 2046 2378; x_wconf 91' lang='lat' dir='ltr'><strong>qui-</strong></span> 
     </span>
     <span class='ocr_line' id='line_1_50' title="bbox 1193 2387 2046 2439; baseline -0.005 -7"><span class='ocrx_word' id='word_1_286' title='bbox 1193 2388 1295 2432; x_wconf 89' lang='lat' dir='ltr'><strong>dam</strong></span> <span class='ocrx_word' id='word_1_287' title='bbox 1313 2391 1552 2432; x_wconf 75' lang='lat' dir='ltr'><strong>adhibenda</strong></span> <span class='ocrx_word' id='word_1_288' title='bbox 1567 2422 1577 2439; x_wconf 92' lang='lat'>‚</span> <span class='ocrx_word' id='word_1_289' title='bbox 1603 2387 1864 2432; x_wconf 87' lang='lat' dir='ltr'><strong>Guilelmius</strong></span> <span class='ocrx_word' id='word_1_290' title='bbox 1883 2403 2046 2430; x_wconf 82' lang='lat' dir='ltr'><strong>venus-</strong></span> 
     </span>
     <span class='ocr_line' id='line_1_51' title="bbox 1194 2453 1889 2511; baseline -0.003 -14"><span class='ocrx_word' id='word_1_291' title='bbox 1194 2454 1278 2497; x_wconf 84' lang='lat' dir='ltr'><strong>tius</strong></span> <span class='ocrx_word' id='word_1_292' title='bbox 1284 2453 1496 2508; x_wconf 77' lang='lat' dir='ltr'><strong>facienda</strong></span> <span class='ocrx_word' id='word_1_293' title='bbox 1514 2453 1704 2511; x_wconf 83' lang='lat' dir='ltr'><strong>putabat.</strong></span> <span class='ocrx_word' id='word_1_294' title='bbox 1725 2453 1889 2496; x_wconf 71' lang='lat' dir='ltr'><strong>Bunn.</strong></span> 
     </span>
    </p>

    <p class='ocr_par' dir='ltr' id='par_1_14' title="bbox 1193 2519 2048 2771">
     <span class='ocr_line' id='line_1_52' title="bbox 1248 2519 2038 2573; baseline -0.001 -12"><span class='ocrx_word' id='word_1_295' title='bbox 1248 2519 1342 2573; x_wconf 78' lang='lat'><strong>348.</strong></span> <span class='ocrx_word' id='word_1_296' title='bbox 1369 2520 1586 2562; x_wconf 73' lang='lat' dir='ltr'><strong>Exhibeat</strong></span> <span class='ocrx_word' id='word_1_297' title='bbox 1599 2522 1753 2561; x_wconf 83' lang='lat' dir='ltr'><strong>vultus.</strong></span> <span class='ocrx_word' id='word_1_298' title='bbox 1774 2520 2021 2561; x_wconf 71' lang='lat' dir='ltr'><strong>Exhibeant</strong></span> <span class='ocrx_word' id='word_1_299' title='bbox 2029 2553 2038 2568; x_wconf 91' lang='lat'>‚</span> 
     </span>
     <span class='ocr_line' id='line_1_53' title="bbox 1193 2585 2048 2642; baseline 0.001 -15"><span class='ocrx_word' id='word_1_300' title='bbox 1193 2601 1310 2628; x_wconf 87' lang='lat' dir='ltr'><strong>unus</strong></span> <span class='ocrx_word' id='word_1_301' title='bbox 1337 2585 1513 2642; x_wconf 86' lang='lat' dir='ltr'><strong>Regius.</strong></span> <span class='ocrx_word' id='word_1_302' title='bbox 1540 2585 1690 2628; x_wconf 80' lang='lat' dir='ltr'><strong>Recte.</strong></span> <span class='ocrx_word' id='word_1_303' title='bbox 1714 2586 1881 2629; x_wconf 71' lang='lat' dir='ltr'><strong>HEINS.</strong></span> <span class='ocrx_word' id='word_1_304' title='bbox 1912 2586 2048 2629; x_wconf 83' lang='lat' dir='ltr'><strong>Amat</strong></span> 
     </span>
     <span class='ocr_line' id='line_1_54' title="bbox 1195 2649 2046 2706; baseline 0 -13"><span class='ocrx_word' id='word_1_305' title='bbox 1195 2649 1404 2693; x_wconf 88' lang='lat' dir='ltr'><strong>Heinsius</strong></span> <span class='ocrx_word' id='word_1_306' title='bbox 1420 2649 1582 2706; x_wconf 89' lang='lat' dir='ltr'><strong>ubique</strong></span> <span class='ocrx_word' id='word_1_307' title='bbox 1597 2649 1698 2693; x_wconf 88' lang='lat' dir='ltr'><strong>talia</strong></span> <span class='ocrx_word' id='word_1_308' title='bbox 1715 2649 1933 2693; x_wconf 89' lang='lat' dir='ltr'><strong>inculcare</strong></span> <span class='ocrx_word' id='word_1_309' title='bbox 1945 2667 1955 2693; x_wconf 73' lang='grc' dir='ltr'>ε</span> <span class='ocrx_word' id='word_1_310' title='bbox 1969 2651 2046 2693; x_wconf 84' lang='lat' dir='ltr'><strong>sed</strong></span> 
     </span>
     <span class='ocr_line' id='line_1_55' title="bbox 1193 2714 2043 2771; baseline -0.001 -14"><span class='ocrx_word' id='word_1_311' title='bbox 1193 2722 1310 2757; x_wconf 81' lang='lat' dir='ltr'><strong>certe</strong></span> <span class='ocrx_word' id='word_1_312' title='bbox 1324 2714 1501 2758; x_wconf 85' lang='lat' dir='ltr'><strong>obtrudi</strong></span> <span class='ocrx_word' id='word_1_313' title='bbox 1512 2731 1605 2757; x_wconf 92' lang='lat' dir='ltr'><strong>non</strong></span> <span class='ocrx_word' id='word_1_314' title='bbox 1619 2723 1762 2771; x_wconf 82' lang='lat' dir='ltr'><strong>potest</strong></span> <span class='ocrx_word' id='word_1_315' title='bbox 1779 2714 1860 2770; x_wconf 89' lang='lat' dir='ltr'><strong>Ep.</strong></span> <span class='ocrx_word' id='word_1_316' title='bbox 1874 2727 1959 2767; x_wconf 80' lang='lat' dir='ltr'><strong>vn,</strong></span> <span class='ocrx_word' id='word_1_317' title='bbox 1970 2714 2043 2756; x_wconf 72' lang='lat'><strong>26:</strong></span> 
     </span>
    </p>

    <p class='ocr_par' dir='ltr' id='par_1_15' title="bbox 1234 2787 2046 2830">
     <span class='ocr_line' id='line_1_56' title="bbox 1234 2787 2046 2830; baseline -0.004 -11"><span class='ocrx_word' id='word_1_318' title='bbox 1234 2788 1358 2819; x_wconf 74' lang='lat' dir='ltr'><strong>AEnetn</strong></span> <span class='ocrx_word' id='word_1_319' title='bbox 1379 2787 1488 2818; x_wconf 76' lang='lat' dir='ltr'><strong>animo</strong></span> <span class='ocrx_word' id='word_1_320' title='bbox 1500 2798 1629 2828; x_wconf 79' lang='lat' dir='ltr'><strong>noxque</strong></span> <span class='ocrx_word' id='word_1_321' title='bbox 1642 2787 1778 2828; x_wconf 72' lang='lat' dir='ltr'><strong>diesque</strong></span> <span class='ocrx_word' id='word_1_322' title='bbox 1794 2787 1906 2830; x_wconf 68' lang='lat' dir='ltr'><strong>refert.</strong></span> <span class='ocrx_word' id='word_1_323' title='bbox 1922 2787 2046 2817; x_wconf 68' lang='lat' dir='ltr'><strong>Bunx.</strong></span> 
     </span>
    </p>

    <p class='ocr_par' dir='ltr' id='par_1_16' title="bbox 1193 2834 2047 3037">
     <span class='ocr_line' id='line_1_57' title="bbox 1249 2834 2047 2903; baseline -0.003 -12"><span class='ocrx_word' id='word_1_324' title='bbox 1249 2834 1342 2892; x_wconf 57' lang='lat'><strong>350.</strong></span> <span class='ocrx_word' id='word_1_325' title='bbox 1370 2850 1476 2890; x_wconf 80' lang='lat' dir='ltr'><strong>Tum</strong></span> <span class='ocrx_word' id='word_1_326' title='bbox 1488 2850 1643 2903; x_wconf 82' lang='lat' dir='ltr'><strong>procul</strong></span> <span class='ocrx_word' id='word_1_327' title='bbox 1654 2856 1736 2890; x_wconf 87' lang='lat' dir='ltr'><strong>etc.</strong></span> <span class='ocrx_word' id='word_1_328' title='bbox 1754 2847 1941 2903; x_wconf 87' lang='lat' dir='ltr'><strong>Regius,</strong></span> <span class='ocrx_word' id='word_1_329' title='bbox 1957 2847 2047 2889; x_wconf 89' lang='lat' dir='ltr'><strong>alii-</strong></span> 
     </span>
     <span class='ocr_line' id='line_1_58' title="bbox 1195 2913 2046 2971; baseline -0.004 -13"><span class='ocrx_word' id='word_1_330' title='bbox 1195 2929 1279 2971; x_wconf 91' lang='lat' dir='ltr'><strong>que</strong></span> <span class='ocrx_word' id='word_1_331' title='bbox 1301 2913 1505 2957; x_wconf 90' lang='lat' dir='ltr'><strong>nonnulli</strong></span> <span class='ocrx_word' id='word_1_332' title='bbox 1530 2930 1540 2957; x_wconf 88' lang='lat'><strong>:</strong></span> <span class='ocrx_word' id='word_1_333' title='bbox 1563 2929 1683 2969; x_wconf 84' lang='lat' dir='ltr'><strong>quum</strong></span> <span class='ocrx_word' id='word_1_334' title='bbox 1697 2915 1854 2968; x_wconf 82' lang='lat' dir='ltr'><strong>procul</strong></span> <span class='ocrx_word' id='word_1_335' title='bbox 1873 2920 1953 2955; x_wconf 82' lang='lat' dir='ltr'><strong>etc.</strong></span> <span class='ocrx_word' id='word_1_336' title='bbox 1967 2945 1979 2967; x_wconf 90' lang='lat'><em>,</em></span> <span class='ocrx_word' id='word_1_337' title='bbox 2002 2921 2046 2955; x_wconf 87' lang='lat' dir='ltr'><strong>et</strong></span> 
     </span>
     <span class='ocr_line' id='line_1_59' title="bbox 1193 2983 1511 3037; baseline -0.009 -13"><span class='ocrx_word' id='word_1_338' title='bbox 1193 2984 1300 3031; x_wconf 65' lang='lat' dir='ltr'><strong>erlis,</strong></span> <span class='ocrx_word' id='word_1_339' title='bbox 1327 2996 1408 3037; x_wconf 91' lang='lat' dir='ltr'><strong>pro</strong></span> <span class='ocrx_word' id='word_1_340' title='bbox 1426 2983 1511 3021; x_wconf 78' lang='lat' dir='ltr'><em>abi.</em></span> 
     </span>
    </p>

    <p class='ocr_par' dir='ltr' id='par_1_17' title="bbox 1195 3045 2057 3491">
     <span class='ocr_line' id='line_1_60' title="bbox 1251 3045 2050 3101; baseline -0.001 -12"><span class='ocrx_word' id='word_1_341' title='bbox 1251 3046 1304 3088; x_wconf 81' lang='lat'><strong>35</strong></span> <span class='ocrx_word' id='word_1_342' title='bbox 1312 3063 1326 3088; x_wconf 90' lang='lat'>1</span> <span class='ocrx_word' id='word_1_343' title='bbox 1336 3079 1346 3088; x_wconf 85' lang='lat'><strong>.</strong></span> <span class='ocrx_word' id='word_1_344' title='bbox 1360 3048 1591 3100; x_wconf 81' lang='lat' dir='ltr'><strong>Requictus</strong></span> <span class='ocrx_word' id='word_1_345' title='bbox 1601 3060 1712 3099; x_wconf 75' lang='lat' dir='ltr'><strong>ager.</strong></span> <span class='ocrx_word' id='word_1_346' title='bbox 1728 3045 1912 3101; x_wconf 87' lang='lat' dir='ltr'><strong>Proprie</strong></span> <span class='ocrx_word' id='word_1_347' title='bbox 1923 3061 1933 3087; x_wconf 89' lang='lat'>:</span> <span class='ocrx_word' id='word_1_348' title='bbox 1944 3061 2050 3088; x_wconf 84' lang='lat' dir='ltr'><strong>nam</strong></span> 
     </span>
     <span class='ocr_line' id='line_1_61' title="bbox 1195 3108 2052 3154; baseline -0.001 -1"><span class='ocrx_word' id='word_1_349' title='bbox 1195 3110 1256 3153; x_wconf 88' lang='lat' dir='ltr'><strong>ita</strong></span> <span class='ocrx_word' id='word_1_350' title='bbox 1274 3110 1358 3153; x_wconf 89' lang='lat' dir='ltr'><strong>Rei</strong></span> <span class='ocrx_word' id='word_1_351' title='bbox 1373 3108 1561 3152; x_wconf 82' lang='lat' dir='ltr'><strong>Rusticae</strong></span> <span class='ocrx_word' id='word_1_352' title='bbox 1575 3117 1771 3152; x_wconf 85' lang='lat' dir='ltr'><strong>auctores</strong></span> <span class='ocrx_word' id='word_1_353' title='bbox 1789 3110 1943 3154; x_wconf 89' lang='lat' dir='ltr'><strong>solent.</strong></span> <span class='ocrx_word' id='word_1_354' title='bbox 1958 3109 2052 3153; x_wconf 91' lang='lat' dir='ltr'><strong>Co-</strong></span> 
     </span>
     <span class='ocr_line' id='line_1_62' title="bbox 1195 3175 2053 3234; baseline 0.001 -16"><span class='ocrx_word' id='word_1_355' title='bbox 1195 3175 1360 3218; x_wconf 83' lang='lat' dir='ltr'><strong>lumell.</strong></span> <span class='ocrx_word' id='word_1_356' title='bbox 1393 3188 1433 3217; x_wconf 78' lang='lat'><strong>11</strong></span> <span class='ocrx_word' id='word_1_357' title='bbox 1448 3207 1460 3229; x_wconf 90' lang='lat'>‚</span> <span class='ocrx_word' id='word_1_358' title='bbox 1492 3191 1547 3234; x_wconf 79' lang='lat'><strong>99</strong></span> <span class='ocrx_word' id='word_1_359' title='bbox 1571 3189 1582 3217; x_wconf 75' lang='grc' dir='ltr'><strong><em>ε</em></strong></span> <span class='ocrx_word' id='word_1_360' title='bbox 1613 3176 1755 3230; x_wconf 84' lang='lat' dir='ltr'><strong>Atque</strong></span> <span class='ocrx_word' id='word_1_361' title='bbox 1781 3178 1862 3217; x_wconf 85' lang='lat' dir='ltr'><strong>illa</strong></span> <span class='ocrx_word' id='word_1_362' title='bbox 1890 3180 2053 3219; x_wconf 64' lang='lat' dir='ltr'><strong>vicffius</strong></span> 
     </span>
     <span class='ocr_line' id='line_1_63' title="bbox 1196 3239 2053 3296; baseline 0 -13"><span class='ocrx_word' id='word_1_363' title='bbox 1196 3255 1398 3283; x_wconf 83' lang='lat' dir='ltr'><strong>annorum</strong></span> <span class='ocrx_word' id='word_1_364' title='bbox 1417 3239 1667 3295; x_wconf 86' lang='lat' dir='ltr'><strong>requietum</strong></span> <span class='ocrx_word' id='word_1_365' title='bbox 1685 3243 1970 3296; x_wconf 73' lang='lat' dir='ltr'><strong>agitatumque</strong></span> <span class='ocrx_word' id='word_1_366' title='bbox 1982 3243 2053 3283; x_wconf 86' lang='lat' dir='ltr'><strong>al-</strong></span> 
     </span>
     <span class='ocr_line' id='line_1_64' title="bbox 1196 3307 2057 3358; baseline 0.001 -12"><span class='ocrx_word' id='word_1_367' title='bbox 1196 3308 1327 3346; x_wconf 68' lang='lat' dir='ltr'><strong>{emis</strong></span> <span class='ocrx_word' id='word_1_368' title='bbox 1342 3336 1353 3354; x_wconf 91' lang='lat'><strong><em>‚</em></strong></span> <span class='ocrx_word' id='word_1_369' title='bbox 1391 3309 1434 3345; x_wconf 79' lang='lat' dir='ltr'><strong>et</strong></span> <span class='ocrx_word' id='word_1_370' title='bbox 1461 3320 1584 3358; x_wconf 77' lang='lat' dir='ltr'><strong>quam</strong></span> <span class='ocrx_word' id='word_1_371' title='bbox 1619 3307 1876 3347; x_wconf 70' lang='lat' dir='ltr'><strong>latissimum</strong></span> <span class='ocrx_word' id='word_1_372' title='bbox 1907 3308 2057 3349; x_wconf 80' lang='lat' dir='ltr'><strong>volunt</strong></span> 
     </span>
     <span class='ocr_line' id='line_1_65' title="bbox 1198 3367 2057 3426; baseline 0.003 -16"><span class='ocrx_word' id='word_1_373' title='bbox 1198 3384 1355 3423; x_wconf 73' lang='lat' dir='ltr'><strong>agrum.</strong></span> <span class='ocrx_word' id='word_1_374' title='bbox 1376 3367 1446 3410; x_wconf 86' lang='lat' dir='ltr'><strong>De</strong></span> <span class='ocrx_word' id='word_1_375' title='bbox 1470 3368 1656 3412; x_wconf 88' lang='lat' dir='ltr'><strong>arborib.</strong></span> <span class='ocrx_word' id='word_1_376' title='bbox 1677 3385 1768 3426; x_wconf 90' lang='lat' dir='ltr'><strong>cap.</strong></span> <span class='ocrx_word' id='word_1_377' title='bbox 1791 3383 1870 3412; x_wconf 87' lang='lat'>111:</span> <span class='ocrx_word' id='word_1_378' title='bbox 1886 3372 1938 3413; x_wconf 90' lang='lat' dir='ltr'><strong>In</strong></span> <span class='ocrx_word' id='word_1_379' title='bbox 1952 3387 2057 3426; x_wconf 69' lang='lat' dir='ltr'><strong>agro</strong></span> 
     </span>
     <span class='ocr_line' id='line_1_66' title="bbox 1199 3435 1947 3491; baseline 0.003 -15"><span class='ocrx_word' id='word_1_380' title='bbox 1199 3437 1379 3489; x_wconf 72' lang='lat' dir='ltr'><strong>requieto</strong></span> <span class='ocrx_word' id='word_1_381' title='bbox 1408 3437 1570 3485; x_wconf 76' lang='lat' dir='ltr'><strong>vincam</strong></span> <span class='ocrx_word' id='word_1_382' title='bbox 1592 3438 1751 3491; x_wconf 72' lang='lat' dir='ltr'><strong>ponito.</strong></span> <span class='ocrx_word' id='word_1_383' title='bbox 1782 3435 1947 3481; x_wconf 57' lang='lat' dir='ltr'><strong>Buttm-</strong></span> 
     </span>
    </p>
   </div>
  </div>
 </body>
</html>
