2268 3776
504 314 893 373 AMORUM
936 313 1022 367 ΙΙ.
1075 312 1315 368 ELEG.
1373 312 1571 367 XIII.

1839 312 1938 365 123

248 438 389 517 Quae
415 433 574 507 coliS‚
606 447 661 493 et
690 430 1006 515 Memphin,
1039 428 1486 513 palmiferamque
1515 427 1739 487 Pharon
1759 472 1774 498 ‚

168 541 403 623 Quaque
433 535 574 599 celer
598 534 788 608 Nilus,
820 533 934 595 lato
967 532 1212 617 dilapsus
1236 532 1306 593 ab
1335 531 1517 603 alveo,

167 717 317 776 viginti
330 715 475 761 stadiis
491 716 638 759 aberat
655 715 706 758 ab
722 714 983 759 Alexandria
998 747 1011 770 ,

166 791 210 827 et
230 781 282 826 ad
313 797 434 825 mare
460 781 565 836 sita,
591 780 708 825 unde
744 789 788 825 et
820 780 980 825 ostium
998 813 1010 836 ,

166 845 282 903 quod
317 854 589 904 postremum
620 846 708 890 Nili
735 845 788 889 ad
811 862 1012 890 occasum

165 921 255 968 est,
287 913 623 957 denominatum
644 917 862 959 Κανωὲικὸυ
891 917 1011 970 ςόμα.

164 977 399 1036 originem
433 978 574 1023 Graeci
608 995 632 1021 a
664 978 863 1035 Trojano
896 978 1011 1022 bello

162 1043 408 1098 ducebant,
440 1053 484 1087 et
508 1043 659 1102 ipsum·
676 1059 843 1088 nomen
866 1060 889 1088 a
914 1047 1010 1089 Ca—

160 1124 286 1164 nopo,
306 1108 501 1152 Menelai
521 1109 812 1167 gubernatore
826 1143 837 1161 ‚
857 1109 931 1166 qui
952 1108 1011 1152 ibi

161 1168 360 1231 perierat.
375 1174 464 1219 Sed
474 1174 626 1218 rhetor
641 1174 853 1219 Aristides
864 1174 1010 1230 (Orat.

162 1238 436 1299 AEgyptiaca)
469 1240 725 1298 opinionem
757 1240 871 1284 hanc
901 1256 1010 1284 om-

157 1302 270 1347 nino
281 1305 492 1360 confutat,
505 1321 643 1363 quum
656 1313 807 1349 narret
817 1321 860 1350 se
872 1320 895 1348 a
905 1320 1011 1362 quo·

162 1367 265 1411 dam
305 1369 529 1415 sacerdote
565 1371 775 1429 accepisse
799 1403 811 1425 ‚
852 1369 1009 1414 urbem

162 1433 354 1477 multum
384 1444 485 1479 ante
512 1435 753 1480 adventum
782 1435 1008 1490 Menelai,

167 1501 400 1555 Canopum,
426 1500 564 1558 (quod
584 1501 732 1559 lingua
754 1500 1011 1559 AEgyptiaca

164 1566 289 1606 tellus
315 1565 482 1619 aurea),
505 1575 704 1610 vocatam
723 1566 864 1609 fuisse.
894 1564 1011 1620 Quae

165 1639 401 1686 supersunt
436 1630 630 1688 reliquiae
667 1639 839 1675 vastum
883 1639 1012 1674 terrae

164 1694 352 1750 spatium
363 1727 375 1750 ,
388 1711 480 1738 non
495 1696 555 1740 ita
565 1697 716 1753 procul
733 1697 786 1740 ab
802 1696 1008 1749 Aboultir,

166 1769 391 1817 occupant.
412 1761 514 1804 Vid.
539 1761 735 1806 Eustath.
755 1761 809 1805 ad
829 1761 1012 1820 Dionys.

166 1826 335 1883 Perieg.
358 1826 705 1874 12.—Jablonsk.
723 1826 880 1871 Panth.
902 1841 948 1882 v,
973 1829 1011 1882 4.

217 1891 255 1933 8.
283 1893 347 1934 Et
360 1892 586 1948 Memphim
606 1901 687 1936 etc.
715 1893 833 1936 Urbs
856 1909 1010 1949 quon—

164 1955 263 1999 dam
300 1956 347 1999 in
382 1957 577 2018 AEgypto
609 1958 894 2002 celeberrima
916 1991 928 2013 ‚
966 1967 1011 2002 et

163 2021 422 2078 Memphitis
441 2023 576 2067 Nomi
593 2023 866 2081 Metropolis.
885 2023 1013 2068 Con-

162 2086 352 2131 ditorem
364 2087 517 2132 habuit
530 2088 718 2144 Menen,
732 2089 805 2146 qui
819 2106 1010 2148 regnum

159 2151 327 2208 primus
365 2152 480 2210 apud
521 2153 749 2213 AEgyptios
787 2154 977 2199 obtinuit
997 2174 1007 2208 ;

163 2217 407 2271 (Herodot.
428 2231 467 2261 11
480 2251 492 2274 ,
515 2216 605 2280 99.)
633 2227 677 2262 et
702 2220 750 2263 in
771 2235 870 2263 eam
888 2220 1011 2263 brevi

160 2281 513 2340 magnitudinem
540 2284 728 2327 excrevit
741 2317 753 2339 ,
767 2300 864 2341 quae
878 2284 1011 2328 The—

159 2345 235 2389 bas
253 2346 364 2402 ipsas
377 2363 512 2404 prope
528 2357 766 2405 superaret.
780 2349 899 2393 Urbs
913 2366 1012 2393 ma·-

163 2425 247 2466 gna
258 2419 367 2466 erat,
378 2412 446 2455 vel
457 2412 547 2469 ipsa
560 2413 788 2458 Strabonis
801 2423 944 2470 aetate,
957 2431 1007 2458 ac

161 2477 438 2540 πολυάνθρωπος
450 2510 463 2533 ,
479 2487 523 2521 et
535 2479 726 2522 secunda
742 2480 794 2522 ab
810 2480 1011 2523 Alexan—

163 2539 270 2583 dria.
291 2540 439 2586 Etiam
458 2543 688 2601 perierunt
707 2545 846 2588 ruinae
860 2563 871 2598 ;
885 2546 945 2589 ita
962 2555 1014 2590 ut

164 2605 327 2651 deloco
338 2608 414 2652 ubi
427 2609 534 2652 olim
548 2610 757 2654 exstiterit
769 2643 781 2665 ,
792 2610 868 2654 diu
881 2611 1013 2666 ,mul-

163 2678 346 2729 tumque
385 2673 504 2717 inter
542 2673 692 2718 doctos
742 2674 1011 2732 disputatum

162 2736 306 2780 suerit.
329 2738 462 2781 Multi
489 2755 586 2782 eam
607 2739 666 2782 ibi
686 2739 883 2784 floruisse
905 2758 1011 2785 cre-

164 2799 395 2858 diderunt,
416 2803 491 2847 ubi
511 2820 632 2848 nunc
647 2807 874 2857 Fostbath,
889 2805 1012 2849 velle

172 2867 306 2910 Vicuae
317 2870 442 2912 Kaire
452 2903 464 2921 ,
479 2879 624 2927 spreto
643 2879 793 2914 tamen
808 2880 1010 2914 veterum

166 2932 440 2986 testimonie,
458 2935 532 2992 qui
552 2935 603 2979 ad
626 2936 766 2994 ripam
784 2937 874 2981 Nili
895 2938 1011 2981 occi-

167 2995 301 3040 duam
317 3030 329 3052 ,
352 3013 443 3041 non
458 3000 714 3045 orientalem
730 3035 742 3057 ,
757 3003 1010 3060 Memphim

166 3071 420 3118 posuerunt.
437 3062 621 3110 Constat
633 3083 739 3110 vero
755 3084 778 3110 e
792 3069 1013 3111 recentio-

167 3142 271 3170 rum
284 3128 503 3172 viatorum
517 3131 630 3174 curis
645 3131 988 3190 diligentioribus
999 3167 1012 3190 ,

165 3192 312 3236 locum
341 3194 592 3252 Memphim
623 3197 728 3240 olim
757 3214 1010 3256 occupasse,

167 3258 242 3315 qui
262 3274 383 3304 nunc
405 3262 625 3305 M'okbnan
646 3271 691 3306 et
710 3265 1013 3308 Momz-'h-Ra-

166 3325 292 3370 bine‘b
307 3333 497 3368 vocatur.
521 3328 696 3381 (Bran-e,
715 3336 849 3371 tom.1
861 3329 1010 3385 ,in-4⁰.

166 3405 202 3432 c.
222 3389 273 3444 3,
297 3405 338 3446 p.
358 3391 442 3450 59.)
473 3390 593 3435 Nihil
611 3392 880 3436 intentatum
901 3393 1013 3438 Galli

165 3453 462 3511 reliquerunt,
495 3472 602 3513 quos
613 3473 705 3501 non
720 3458 920 3504 literariae
936 3460 1013 3504 mi·

1095 730 1205 769 nus,
1226 728 1359 771 quam
1388 711 1549 755 bellicae
1578 710 1715 754 laudis
1751 725 1876 754 amor
1897 710 1942 754 in

1093 777 1321 836 regionem
1355 776 1468 820 hanc
1501 775 1740 819 deduxerat
1758 809 1769 830 ,
1808 783 1857 818 ut
1872 809 1883 830 ,
1911 776 1945 819 si

1095 843 1199 902 quid
1214 860 1264 888 ex
1279 841 1621 901 opulentissimae
1634 841 1861 899 quondam
1877 858 1945 884 ur-

1092 911 1158 955 bis
1194 909 1332 953 ruinis
1366 916 1509 966 posset
1543 907 1638 950 erui
1657 939 1669 961 ,
1705 914 1913 950 eruerent
1930 938 1942 958 ‚

1093 975 1448 1033 descriptumque
1484 973 1666 1031 posteris
1705 970 1942 1016 traderent.

1095 1041 1360 1087 Obstiterint
1400 1040 1500 1084 licet
1531 1040 1669 1084 multa
1709 1038 1945 1096 quominus

1093 1107 1366 1166 propositum
1398 1106 1482 1150 hoc
1504 1105 1689 1148 omnino
1724 1103 1946 1160 adseque-

1093 1182 1276 1227 rentur,
1298 1189 1350 1216 ex
1377 1172 1427 1215 iis
1448 1180 1596 1215 tamen
1627 1186 1724 1227 quae
1749 1170 1946 1227 college—

1093 1247 1221 1290 runt,
1238 1247 1373 1282 exstat
1394 1238 1482 1296 jam
1495 1271 1507 1293 ,
1523 1246 1567 1281 et
1583 1237 1628 1281 in
1650 1236 1741 1280 dies
1758 1233 1945 1292 exsurgit

1093 1305 1235 1362 majus
1252 1338 1264 1361 ,
1298 1310 1646 1347 monumentum
1679 1300 1944 1357 (Dzscnw-

1093 1383 1207 1415 'non
1236 1382 1295 1413 nu
1317 1369 1568 1423 ιἘὒῑινι-ιε)
1584 1401 1596 1423 ,
1620 1366 1737 1425 quod
1761 1365 1944 1410 amicam

1092 1436 1207 1480 hanc
1227 1445 1272 1480 et
1290 1435 1501 1480 hactenus
1519 1434 1763 1479 inauditam
1788 1448 1944 1477 armo—

1093 1517 1194 1545 rum
1230 1510 1280 1545 et.
1315 1501 1543 1545 literarum
1567 1534 1579 1556 ,
1623 1501 1669 1543 in
1709 1515 1947 1543 commune

1093 1568 1243 1625 patriae
1265 1566 1422 1621 decus,
1438 1566 1810 1624 conspirationem
1832 1564 1944 1608 aetati

1093 1632 1162 1675 vel
1197 1632 1499 1676 remotissima:
1530 1630 1874 1676 commendabit.
1894 1653 1948 1660 -

1094 1697 1444 1754 palmiferamque
1451 1699 1633 1740 Pharon.
1645 1693 1820 1738 «Insula
1829 1692 1841 1750 j
1849 1708 1948 1736 unr-

1095 1769 1138 1805 ta
1159 1771 1292 1819 ponte
1315 1760 1591 1806 Alexandriae
1606 1794 1618 1817 ,
1642 1758 1813 1804 colonia
1837 1756 1945 1802 Cae—

1093 1829 1198 1872 saris
1219 1827 1439 1872 dictatoris
1456 1861 1468 1883 ,
1491 1826 1675 1871 Pharus.
1694 1850 1750 1859 —
1767 1826 1901 1869 Nunc
1923 1842 1947 1866 e

1094 1893 1204 1936 turri
1227 1894 1454 1937 nocturnis
1475 1892 1647 1950 ignibus
1664 1906 1842 1934 cursum
1866 1905 1947 1932 na-

1093 1958 1214 2003 vium
1232 1975 1400 2017 regens.
1416 1958 1621 2015 Namque
1643 1956 1863 2000 fallacibus
1878 1971 1947 1997 va-

1094 2022 1159 2067 dis
1181 2023 1443 2067 Alexandria
1471 2023 1609 2066 tribus
1637 2021 1823 2065 omnino
1846 2020 1947 2064 adi-

1093 2098 1166 2132 tur
1186 2089 1315 2133 alveis
1331 2122 1342 2144 ,
1367 2088 1562 2146 Stegano
1577 2121 1589 2143 ,
1606 2086 1795 2131 Posideo
1807 2119 1819 2140 ,
1834 2086 1948 2129 Tau-

1093 2172 1158 2199 ro.
1174 2174 1195 2193 ι»
1218 2156 1332 2199 Plin.
1348 2157 1402 2209 v,
1427 2153 1756 2197 31.-Turrim
1774 2153 1948 2196 Sostra-

1094 2230 1163 2264 tus
1181 2219 1367 2264 Cnidius
1384 2218 1628 2271 aedificavit,
1644 2226 1688 2260 et
1703 2217 1952 2273 inscriptio-

1094 2302 1201 2330 nem
1215 2285 1405 2341 addidit,
1422 2300 1556 2342 quam
1569 2283 1756 2327 servavit
1768 2282 1946 2336 Strabo,

1094 2365 1209 2395 xvn.
1231 2350 1391 2395 Insulae
1417 2359 1565 2393 autem
1594 2357 1774 2407 portum
1797 2347 1949 2391 acclu—

1095 2416 1209 2460 dunt
1229 2415 1401 2460 castella
1422 2415 1512 2458 duo
1523 2448 1536 2471 ,
1551 2430 1648 2472 quae
1662 2422 1876 2458 vocantur
1887 2416 1949 2456 les

1094 2484 1343 2525 Farrillons.

1150 2564 1189 2607 9.
1204 2547 1275 2591 Ab
1287 2549 1418 2590 alueo.
1433 2547 1487 2589 In
1495 2548 1616 2589 alveo
1628 2578 1641 2601 ,
1654 2544 1872 2589 meliores.
1886 2545 1946 2588 H.

1095 2612 1163 2655 Ita
1183 2627 1358 2669 quoque
1386 2610 1625 2671 legendum
1647 2620 1798 2655 censet
1823 2611 1948 2655 cele-

1092 2677 1310 2721 berrimus
1330 2676 1561 2733 Bentlejus
1582 2676 1635 2720 ad
1659 2677 1816 2720 Horat.
1832 2676 1858 2719 l.
1873 2689 1948 2730 111,

1095 2743 1184 2788 Od.
1202 2761 1281 2804 29,
1315 2744 1370 2799 34
1388 2760 1398 2787 :
1417 2743 1494 2787 sed
1523 2745 1719 2798 dilapsus
1746 2746 1801 2785 ab
1830 2746 1949 2785 aleco

1092 2809 1200 2852 mihi
1241 2808 1569 2867 praeserendum
1608 2807 1710 2851 ideo
1744 2807 1920 2851 videtur
1934 2841 1948 2862 ,

1094 2876 1195 2933 quia
1214 2892 1343 2933 supra
1356 2874 1537 2918 Deltam
1553 2873 1677 2916 Nilus
1693 2888 1785 2915 uno
1800 2873 1923 2916 alveo
1935 2907 1947 2926 ,

1093 2949 1138 2984 et
1156 2941 1244 2984 lato
1259 2941 1403 2984 fluens
1416 2974 1428 2995 ,
1444 2938 1604 2982 deinde
1625 2939 1672 2980 in
1686 2946 1856 2995 septem
1872 2954 1950 2982 ora

1092 3025 1137 3051 se
1158 3007 1360 3052 scindens
1379 3040 1390 3061 ,
1412 3022 1546 3063 vagus
1580 3014 1710 3062 atque
1733 3004 1951 3061 dispersus

1093 3089 1174 3129 per
1199 3088 1382 3114 omnem
1414 3071 1658 3130 AEgyptum
1676 3070 1737 3121 it;
1759 3079 1811 3112 ut
1840 3069 1948 3113 des-

1093 3137 1221 3180 cribit
1249 3136 1370 3179 Nlela
1398 3136 1469 3178 lib.
1486 3148 1529 3189 Ι,
1547 3152 1639 3192 cap.
1660 3152 1700 3195 9.
1727 3135 1952 3178 Dilabitur

1094 3218 1199 3260 ergo
1221 3218 1245 3245 a
1258 3202 1347 3244 lato
1368 3201 1490 3244 alveo
1511 3201 1559 3244 in
1578 3210 1748 3259 septem
1765 3200 1922 3244 fluvios
1935 3233 1949 3254 ,

1096 3276 1141 3310 et
1161 3283 1240 3323 per
1259 3275 1429 3323 septem
1448 3275 1601 3324 portus
1620 3268 1666 3310 in
1689 3283 1811 3309 mare
1827 3266 1952 3310 evol-

1094 3333 1231 3375 vitur:
1243 3347 1389 3388 neque
1401 3331 1473 3375 hic
1484 3338 1640 3388 septem
1644 3339 1794 3389 portas
1805 3367 1815 3384 ,
1832 3331 1953 3388 quod

1095 3397 1142 3439 in
1163 3397 1304 3454 Regio
1326 3405 1371 3440 et
1402 3398 1760 3441 Francosurtensi
1786 3406 1949 3451 exstat,

1097 3479 1201 3506 curn
1233 3461 1392 3506 eodem
1429 3462 1639 3519 Bentlejo
1658 3496 1669 3518 ,
1699 3463 1773 3507 sed
1803 3469 1951 3518 portus
