<?xml version="1.0" encoding="UTF-8"?>
<!DOCTYPE html PUBLIC "-//W3C//DTD XHTML 1.0 Transitional//EN"
    "http://www.w3.org/TR/xhtml1/DTD/xhtml1-transitional.dtd">
<html xmlns="http://www.w3.org/1999/xhtml" xml:lang="en" lang="en">
 <head>
  <title>
</title>
<meta http-equiv="Content-Type" content="text/html;charset=utf-8" />
  <meta name='ocr-system' content='tesseract 3.04.00' />
  <meta name='ocr-capabilities' content='ocr_page ocr_carea ocr_par ocr_line ocrx_word'/>
</head>
<body>
  <div class='ocr_page' id='page_1' title='image "./quaeextantomniao02oviduoft_0148.png"; bbox 0 0 2268 3776; ppageno 0'>
   <div class='ocr_carea' id='block_1_1' title="bbox 322 320 423 389">
    <p class='ocr_par' dir='ltr' id='par_1_1' title="bbox 322 320 423 389">
     <span class='ocr_line' id='line_1_1' title="bbox 322 320 423 389; baseline 0.01 -16"><span class='ocrx_word' id='word_1_1' title='bbox 322 320 423 389; x_wconf 71' lang='grc'>134</span> 
     </span>
    </p>
   </div>
   <div class='ocr_carea' id='block_1_2' title="bbox 785 322 1606 378">
    <p class='ocr_par' dir='ltr' id='par_1_2' title="bbox 785 322 1606 378">
     <span class='ocr_line' id='line_1_2' title="bbox 785 322 1606 378; baseline 0.005 -4"><span class='ocrx_word' id='word_1_2' title='bbox 785 323 849 374; x_wconf 91' lang='grc' dir='ltr'>Ρ.</span> <span class='ocrx_word' id='word_1_3' title='bbox 894 323 1192 378; x_wconf 91' lang='lat' dir='ltr'>OVIDII</span> <span class='ocrx_word' id='word_1_4' title='bbox 1229 322 1606 378; x_wconf 89' lang='lat' dir='ltr'><strong>NASONIS</strong></span> 
     </span>
    </p>
   </div>
   <div class='ocr_carea' id='block_1_3' title="bbox 862 597 1529 670">
    <p class='ocr_par' dir='ltr' id='par_1_3' title="bbox 862 597 1529 670">
     <span class='ocr_line' id='line_1_3' title="bbox 862 597 1529 670; baseline 0.006 -4"><span class='ocrx_word' id='word_1_5' title='bbox 862 598 1054 668; x_wconf 86' lang='lat' dir='ltr'>ELE</span> <span class='ocrx_word' id='word_1_6' title='bbox 1079 597 1266 667; x_wconf 91' lang='lat' dir='ltr'>GIA</span> <span class='ocrx_word' id='word_1_7' title='bbox 1325 599 1529 670; x_wconf 88' lang='lat' dir='ltr'>XVI.</span> 
     </span>
    </p>
   </div>
   <div class='ocr_carea' id='block_1_4' title="bbox 574 913 1828 959">
    <p class='ocr_par' dir='ltr' id='par_1_4' title="bbox 574 913 1828 959">
     <span class='ocr_line' id='line_1_4' title="bbox 574 913 1828 959; baseline 0.004 -15"><span class='ocrx_word' id='word_1_8' title='bbox 574 914 636 944; x_wconf 80' lang='lat' dir='ltr'>An</span> <span class='ocrx_word' id='word_1_9' title='bbox 665 913 884 959; x_wconf 80' lang='lat' dir='ltr'>AMICAM,</span> <span class='ocrx_word' id='word_1_10' title='bbox 916 918 979 948; x_wconf 80' lang='lat' dir='ltr'>UT</span> <span class='ocrx_word' id='word_1_11' title='bbox 1011 918 1230 948; x_wconf 76' lang='lat' dir='ltr'><strong>SULMONE</strong></span> <span class='ocrx_word' id='word_1_12' title='bbox 1259 915 1597 950; x_wconf 76' lang='lat' dir='ltr'>nusncAN&#39;rEm</span> <span class='ocrx_word' id='word_1_13' title='bbox 1627 917 1828 951; x_wconf 68' lang='lat' dir='ltr'>mvlsA‘r.</span> 
     </span>
    </p>
   </div>
   <div class='ocr_carea' id='block_1_5' title="bbox 299 1055 2093 1744">
    <p class='ocr_par' dir='ltr' id='par_1_5' title="bbox 299 1055 2093 1744">
     <span class='ocr_line' id='line_1_5' title="bbox 310 1055 1679 1161; baseline 0.004 -21"><span class='ocrx_word' id='word_1_14' title='bbox 310 1055 508 1140; x_wconf 83' lang='lat' dir='ltr'><strong>PARS</strong></span> <span class='ocrx_word' id='word_1_15' title='bbox 536 1103 622 1139; x_wconf 91' lang='lat' dir='ltr'>me</span> <span class='ocrx_word' id='word_1_16' title='bbox 654 1079 846 1140; x_wconf 89' lang='lat' dir='ltr'>Sulmo</span> <span class='ocrx_word' id='word_1_17' title='bbox 883 1095 1032 1140; x_wconf 83' lang='lat' dir='ltr'>tenet</span> <span class='ocrx_word' id='word_1_18' title='bbox 1057 1080 1275 1161; x_wconf 84' lang='lat' dir='ltr'><strong>Peligni</strong></span> <span class='ocrx_word' id='word_1_19' title='bbox 1311 1083 1474 1144; x_wconf 83' lang='lat' dir='ltr'>tertia</span> <span class='ocrx_word' id='word_1_20' title='bbox 1497 1085 1679 1159; x_wconf 89' lang='lat' dir='ltr'>ruris;</span> 
     </span>
     <span class='ocr_line' id='line_1_6' title="bbox 386 1176 1555 1264; baseline 0.007 -29"><span class='ocrx_word' id='word_1_21' title='bbox 386 1176 584 1247; x_wconf 88' lang='lat' dir='ltr'>Parva,</span> <span class='ocrx_word' id='word_1_22' title='bbox 619 1178 714 1236; x_wconf 88' lang='lat' dir='ltr'>sed</span> <span class='ocrx_word' id='word_1_23' title='bbox 743 1177 967 1256; x_wconf 86' lang='lat' dir='ltr'>irriguis</span> <span class='ocrx_word' id='word_1_24' title='bbox 992 1202 1089 1238; x_wconf 87' lang='lat' dir='ltr'>ora</span> <span class='ocrx_word' id='word_1_25' title='bbox 1117 1178 1353 1240; x_wconf 90' lang='lat' dir='ltr'>salubris</span> <span class='ocrx_word' id='word_1_26' title='bbox 1382 1182 1555 1264; x_wconf 89' lang='lat' dir='ltr'>aquis.</span> 
     </span>
     <span class='ocr_line' id='line_1_7' title="bbox 304 1273 1542 1352; baseline 0.004 -19"><span class='ocrx_word' id='word_1_27' title='bbox 304 1273 403 1332; x_wconf 88' lang='lat' dir='ltr'>Sol</span> <span class='ocrx_word' id='word_1_28' title='bbox 434 1274 564 1335; x_wconf 79' lang='lat' dir='ltr'>licet</span> <span class='ocrx_word' id='word_1_29' title='bbox 595 1275 820 1335; x_wconf 81' lang='lat' dir='ltr'>admoto</span> <span class='ocrx_word' id='word_1_30' title='bbox 853 1275 1103 1334; x_wconf 80' lang='lat' dir='ltr'>tellurem</span> <span class='ocrx_word' id='word_1_31' title='bbox 1136 1276 1314 1337; x_wconf 86' lang='lat' dir='ltr'>sidere</span> <span class='ocrx_word' id='word_1_32' title='bbox 1343 1277 1542 1352; x_wconf 86' lang='lat' dir='ltr'>findat,</span> 
     </span>
     <span class='ocr_line' id='line_1_8' title="bbox 383 1371 1987 1454; baseline 0.002 -24"><span class='ocrx_word' id='word_1_33' title='bbox 383 1373 458 1430; x_wconf 85' lang='lat' dir='ltr'>Et</span> <span class='ocrx_word' id='word_1_34' title='bbox 481 1372 646 1432; x_wconf 84' lang='lat' dir='ltr'>micet</span> <span class='ocrx_word' id='word_1_35' title='bbox 674 1372 836 1431; x_wconf 87' lang='lat' dir='ltr'>Icarii</span> <span class='ocrx_word' id='word_1_36' title='bbox 867 1371 1023 1431; x_wconf 80' lang='lat' dir='ltr'>stella</span> <span class='ocrx_word' id='word_1_37' title='bbox 1050 1388 1306 1454; x_wconf 84' lang='lat' dir='ltr'>proterva</span> <span class='ocrx_word' id='word_1_38' title='bbox 1337 1374 1521 1446; x_wconf 84' lang='lat' dir='ltr'>caniS‚</span> <span class='ocrx_word' id='word_1_39' title='bbox 1984 1444 1987 1450; x_wconf 30' lang='grc' dir='ltr'>Ι</span> 
     </span>
     <span class='ocr_line' id='line_1_9' title="bbox 299 1466 2093 1551; baseline 0.002 -25"><span class='ocrx_word' id='word_1_40' title='bbox 299 1466 447 1526; x_wconf 85' lang='lat' dir='ltr'><strong>Arva</strong></span> <span class='ocrx_word' id='word_1_41' title='bbox 477 1483 829 1549; x_wconf 82' lang='lat' dir='ltr'>pererrantur</span> <span class='ocrx_word' id='word_1_42' title='bbox 859 1467 1088 1546; x_wconf 86' lang='lat' dir='ltr'>Peligna</span> <span class='ocrx_word' id='word_1_43' title='bbox 1116 1468 1462 1551; x_wconf 86' lang='lat' dir='ltr'>liquentibus</span> <span class='ocrx_word' id='word_1_44' title='bbox 1490 1467 1655 1529; x_wconf 91' lang='lat' dir='ltr'>undis</span> <span class='ocrx_word' id='word_1_45' title='bbox 1681 1494 1694 1541; x_wconf 86' lang='lat'><strong>;</strong></span> <span class='ocrx_word' id='word_1_46' title='bbox 2069 1488 2093 1529; x_wconf 87' lang='lat'><strong><em>5</em></strong></span> 
     </span>
     <span class='ocr_line' id='line_1_10' title="bbox 384 1563 1517 1626; baseline 0.001 -3"><span class='ocrx_word' id='word_1_47' title='bbox 384 1565 461 1623; x_wconf 87' lang='lat' dir='ltr'>Et</span> <span class='ocrx_word' id='word_1_48' title='bbox 484 1564 624 1624; x_wconf 85' lang='lat' dir='ltr'>viret</span> <span class='ocrx_word' id='word_1_49' title='bbox 652 1564 711 1623; x_wconf 91' lang='lat' dir='ltr'>in</span> <span class='ocrx_word' id='word_1_50' title='bbox 743 1579 931 1625; x_wconf 84' lang='lat' dir='ltr'>tenero</span> <span class='ocrx_word' id='word_1_51' title='bbox 955 1563 1154 1626; x_wconf 84' lang='lat' dir='ltr'>fertilis</span> <span class='ocrx_word' id='word_1_52' title='bbox 1179 1565 1351 1625; x_wconf 85' lang='lat' dir='ltr'>herba</span> <span class='ocrx_word' id='word_1_53' title='bbox 1378 1563 1517 1625; x_wconf 74' lang='lat' dir='ltr'>solo,</span> 
     </span>
     <span class='ocr_line' id='line_1_11' title="bbox 305 1661 1702 1744; baseline 0.001 -25"><span class='ocrx_word' id='word_1_54' title='bbox 305 1661 476 1720; x_wconf 87' lang='lat' dir='ltr'>Terra</span> <span class='ocrx_word' id='word_1_55' title='bbox 503 1661 652 1720; x_wconf 85' lang='lat' dir='ltr'>ferax</span> <span class='ocrx_word' id='word_1_56' title='bbox 685 1661 900 1721; x_wconf 88' lang='lat' dir='ltr'>Cereris</span> <span class='ocrx_word' id='word_1_57' title='bbox 920 1708 935 1734; x_wconf 87' lang='lat'><strong>‚</strong></span> <span class='ocrx_word' id='word_1_58' title='bbox 969 1661 1259 1744; x_wconf 87' lang='lat' dir='ltr'>multoque</span> <span class='ocrx_word' id='word_1_59' title='bbox 1286 1661 1520 1722; x_wconf 85' lang='lat' dir='ltr'>feracior</span> <span class='ocrx_word' id='word_1_60' title='bbox 1548 1686 1665 1723; x_wconf 87' lang='lat' dir='ltr'>uvae</span> <span class='ocrx_word' id='word_1_61' title='bbox 1690 1686 1702 1721; x_wconf 75' lang='grc' dir='ltr'>ε</span> 
     </span>
    </p>
   </div>
   <div class='ocr_carea' id='block_1_6' title="bbox 298 1833 1163 2873">
    <p class='ocr_par' dir='ltr' id='par_1_6' title="bbox 298 1833 1161 2205">
     <span class='ocr_line' id='line_1_12' title="bbox 358 1833 1158 1877; baseline 0.003 -2"><span class='ocrx_word' id='word_1_62' title='bbox 358 1850 393 1875; x_wconf 91' lang='lat'>1.</span> <span class='ocrx_word' id='word_1_63' title='bbox 423 1835 534 1876; x_wconf 80' lang='lat' dir='ltr'>Pars</span> <span class='ocrx_word' id='word_1_64' title='bbox 552 1849 616 1875; x_wconf 84' lang='lat' dir='ltr'>me</span> <span class='ocrx_word' id='word_1_65' title='bbox 637 1833 780 1875; x_wconf 86' lang='lat' dir='ltr'>Sulmo</span> <span class='ocrx_word' id='word_1_66' title='bbox 801 1838 915 1876; x_wconf 80' lang='lat' dir='ltr'>tenet</span> <span class='ocrx_word' id='word_1_67' title='bbox 933 1841 1013 1877; x_wconf 80' lang='lat' dir='ltr'>etc.</span> <span class='ocrx_word' id='word_1_68' title='bbox 1038 1834 1158 1877; x_wconf 86' lang='lat' dir='ltr'>Peli-</span> 
     </span>
     <span class='ocr_line' id='line_1_13' title="bbox 303 1898 1158 1956; baseline 0.005 -16"><span class='ocrx_word' id='word_1_69' title='bbox 303 1914 412 1954; x_wconf 81' lang='lat' dir='ltr'>gnos</span> <span class='ocrx_word' id='word_1_70' title='bbox 430 1914 603 1954; x_wconf 89' lang='lat' dir='ltr'>quoque</span> <span class='ocrx_word' id='word_1_71' title='bbox 621 1898 790 1942; x_wconf 86' lang='lat' dir='ltr'>Plinius</span> <span class='ocrx_word' id='word_1_72' title='bbox 804 1898 849 1941; x_wconf 92' lang='lat' dir='ltr'>in</span> <span class='ocrx_word' id='word_1_73' title='bbox 873 1907 959 1942; x_wconf 88' lang='lat' dir='ltr'>tres</span> <span class='ocrx_word' id='word_1_74' title='bbox 976 1900 1158 1956; x_wconf 83' lang='lat' dir='ltr'>populos</span> 
     </span>
     <span class='ocr_line' id='line_1_14' title="bbox 303 1963 1161 2021; baseline 0.002 -15"><span class='ocrx_word' id='word_1_75' title='bbox 303 1963 459 2006; x_wconf 84' lang='lat' dir='ltr'>dividit</span> <span class='ocrx_word' id='word_1_76' title='bbox 478 1979 487 2006; x_wconf 74' lang='grc' dir='ltr'>ε</span> <span class='ocrx_word' id='word_1_77' title='bbox 512 1963 828 2018; x_wconf 86' lang='lat' dir='ltr'>Corfinienses,</span> <span class='ocrx_word' id='word_1_78' title='bbox 842 1980 973 2021; x_wconf 89' lang='lat' dir='ltr'>super</span> <span class='ocrx_word' id='word_1_79' title='bbox 989 1965 1161 2021; x_wconf 86' lang='lat' dir='ltr'>AEqua-</span> 
     </span>
     <span class='ocr_line' id='line_1_15' title="bbox 300 2028 1160 2085; baseline 0.003 -14"><span class='ocrx_word' id='word_1_80' title='bbox 300 2045 382 2071; x_wconf 91' lang='lat' dir='ltr'>nos</span> <span class='ocrx_word' id='word_1_81' title='bbox 399 2062 411 2082; x_wconf 86' lang='lat'>,</span> <span class='ocrx_word' id='word_1_82' title='bbox 436 2037 481 2073; x_wconf 81' lang='lat' dir='ltr'>et</span> <span class='ocrx_word' id='word_1_83' title='bbox 501 2028 818 2073; x_wconf 79' lang='lat' dir='ltr'>Sulmonenses</span> <span class='ocrx_word' id='word_1_84' title='bbox 834 2063 846 2085; x_wconf 93' lang='lat'>,</span> <span class='ocrx_word' id='word_1_85' title='bbox 864 2043 941 2082; x_wconf 79' lang='lat'><em>1113</em></span> <span class='ocrx_word' id='word_1_86' title='bbox 964 2048 1024 2074; x_wconf 88' lang='lat'>12.</span> <span class='ocrx_word' id='word_1_87' title='bbox 1048 2031 1160 2074; x_wconf 90' lang='lat' dir='ltr'>Jure</span> 
     </span>
     <span class='ocr_line' id='line_1_16' title="bbox 298 2095 1161 2153; baseline 0.001 -14"><span class='ocrx_word' id='word_1_88' title='bbox 298 2096 433 2153; x_wconf 83' lang='lat' dir='ltr'>igitur</span> <span class='ocrx_word' id='word_1_89' title='bbox 445 2095 562 2138; x_wconf 85' lang='lat' dir='ltr'>Naso</span> <span class='ocrx_word' id='word_1_90' title='bbox 571 2111 676 2150; x_wconf 84' lang='lat' dir='ltr'>pars</span> <span class='ocrx_word' id='word_1_91' title='bbox 689 2099 969 2152; x_wconf 82' lang='lat' dir='ltr'>terlia,quum</span> <span class='ocrx_word' id='word_1_92' title='bbox 980 2097 1161 2140; x_wconf 82' lang='lat' dir='ltr'>tertium</span> 
     </span>
     <span class='ocr_line' id='line_1_17' title="bbox 305 2160 993 2205; baseline 0.001 -2"><span class='ocrx_word' id='word_1_93' title='bbox 305 2160 461 2204; x_wconf 89' lang='lat' dir='ltr'>ordine</span> <span class='ocrx_word' id='word_1_94' title='bbox 484 2161 631 2205; x_wconf 85' lang='lat' dir='ltr'>locum</span> <span class='ocrx_word' id='word_1_95' title='bbox 651 2169 801 2203; x_wconf 84' lang='lat' dir='ltr'>teneat</span> <span class='ocrx_word' id='word_1_96' title='bbox 823 2161 993 2204; x_wconf 86' lang='lat' dir='ltr'>Sulmo.</span> 
     </span>
    </p>

    <p class='ocr_par' dir='ltr' id='par_1_7' title="bbox 302 2227 1163 2351">
     <span class='ocr_line' id='line_1_18' title="bbox 357 2227 1163 2281; baseline 0.002 -12"><span class='ocrx_word' id='word_1_97' title='bbox 357 2245 395 2269; x_wconf 85' lang='lat'>2.</span> <span class='ocrx_word' id='word_1_98' title='bbox 425 2231 585 2279; x_wconf 71' lang='lat' dir='ltr'>Paroa,</span> <span class='ocrx_word' id='word_1_99' title='bbox 602 2229 685 2269; x_wconf 84' lang='lat' dir='ltr'>sed</span> <span class='ocrx_word' id='word_1_100' title='bbox 697 2231 866 2281; x_wconf 49' lang='lat' dir='ltr'>irriguas·</span> <span class='ocrx_word' id='word_1_101' title='bbox 881 2236 960 2270; x_wconf 85' lang='lat' dir='ltr'>etc.</span> <span class='ocrx_word' id='word_1_102' title='bbox 983 2227 1037 2272; x_wconf 89' lang='lat' dir='ltr'>In</span> <span class='ocrx_word' id='word_1_103' title='bbox 1055 2228 1163 2271; x_wconf 86' lang='lat' dir='ltr'>Fas-</span> 
     </span>
     <span class='ocr_line' id='line_1_19' title="bbox 302 2293 820 2351; baseline 0.002 -15"><span class='ocrx_word' id='word_1_104' title='bbox 302 2294 355 2336; x_wconf 75' lang='lat' dir='ltr'>tis</span> <span class='ocrx_word' id='word_1_105' title='bbox 382 2310 557 2351; x_wconf 87' lang='lat' dir='ltr'>quoque</span> <span class='ocrx_word' id='word_1_106' title='bbox 575 2327 587 2349; x_wconf 91' lang='lat'>‚</span> <span class='ocrx_word' id='word_1_107' title='bbox 612 2307 687 2350; x_wconf 78' lang='lat' dir='ltr'>IV,</span> <span class='ocrx_word' id='word_1_108' title='bbox 711 2293 820 2337; x_wconf 76' lang='lat'>685:</span> 
     </span>
    </p>

    <p class='ocr_par' dir='ltr' id='par_1_8' title="bbox 303 2369 1157 2550">
     <span class='ocr_line' id='line_1_20' title="bbox 303 2369 1077 2411; baseline 0.001 -13"><span class='ocrx_word' id='word_1_109' title='bbox 303 2369 375 2398; x_wconf 84' lang='lat' dir='ltr'>Hac</span> <span class='ocrx_word' id='word_1_110' title='bbox 389 2380 445 2409; x_wconf 80' lang='lat' dir='ltr'>ego</span> <span class='ocrx_word' id='word_1_111' title='bbox 462 2370 613 2410; x_wconf 79' lang='lat' dir='ltr'>Pelignos</span> <span class='ocrx_word' id='word_1_112' title='bbox 622 2393 632 2408; x_wconf 89' lang='lat'><em>‚</em></span> <span class='ocrx_word' id='word_1_113' title='bbox 648 2369 769 2400; x_wconf 76' lang='lat' dir='ltr'>natalia</span> <span class='ocrx_word' id='word_1_114' title='bbox 789 2380 865 2400; x_wconf 80' lang='lat' dir='ltr'>rura</span> <span class='ocrx_word' id='word_1_115' title='bbox 877 2394 887 2409; x_wconf 93' lang='lat'>,</span> <span class='ocrx_word' id='word_1_116' title='bbox 905 2369 1053 2411; x_wconf 81' lang='lat' dir='ltr'>petebam</span> <span class='ocrx_word' id='word_1_117' title='bbox 1066 2394 1077 2409; x_wconf 94' lang='lat'><strong><em>,</em></strong></span> 
     </span>
     <span class='ocr_line' id='line_1_21' title="bbox 344 2429 1117 2473; baseline 0.001 -14"><span class='ocrx_word' id='word_1_118' title='bbox 344 2430 450 2460; x_wconf 77' lang='lat' dir='ltr'>Parva</span> <span class='ocrx_word' id='word_1_119' title='bbox 464 2453 474 2467; x_wconf 94' lang='lat'>,</span> <span class='ocrx_word' id='word_1_120' title='bbox 492 2429 548 2459; x_wconf 86' lang='lat' dir='ltr'>sed</span> <span class='ocrx_word' id='word_1_121' title='bbox 565 2430 705 2460; x_wconf 76' lang='lat' dir='ltr'>assiduis</span> <span class='ocrx_word' id='word_1_122' title='bbox 720 2430 856 2461; x_wconf 82' lang='lat' dir='ltr'>humida</span> <span class='ocrx_word' id='word_1_123' title='bbox 870 2441 997 2472; x_wconf 83' lang='lat' dir='ltr'>semper</span> <span class='ocrx_word' id='word_1_124' title='bbox 1011 2430 1117 2473; x_wconf 83' lang='lat' dir='ltr'>aquis.</span> 
     </span>
     <span class='ocr_line' id='line_1_22' title="bbox 305 2491 1157 2550; baseline 0.004 -19"><span class='ocrx_word' id='word_1_125' title='bbox 305 2491 454 2532; x_wconf 80' lang='lat' dir='ltr'><em>——Ora</em></span> <span class='ocrx_word' id='word_1_126' title='bbox 466 2493 660 2533; x_wconf 80' lang='lat' dir='ltr'>salubris.</span> <span class='ocrx_word' id='word_1_127' title='bbox 689 2492 825 2535; x_wconf 69' lang='lat' dir='ltr'>Obvia</span> <span class='ocrx_word' id='word_1_128' title='bbox 844 2507 1004 2547; x_wconf 79' lang='lat' dir='ltr'>semper</span> <span class='ocrx_word' id='word_1_129' title='bbox 1011 2495 1157 2550; x_wconf 79' lang='lat' dir='ltr'>aquis,</span> 
     </span>
    </p>

    <p class='ocr_par' dir='ltr' id='par_1_9' title="bbox 308 2555 489 2599">
     <span class='ocr_line' id='line_1_23' title="bbox 308 2555 489 2599; baseline -0.006 0"><span class='ocrx_word' id='word_1_130' title='bbox 308 2555 489 2599; x_wconf 86' lang='lat' dir='ltr'>Moreti.</span> 
     </span>
    </p>

    <p class='ocr_par' dir='ltr' id='par_1_10' title="bbox 305 2621 1161 2873">
     <span class='ocr_line' id='line_1_24' title="bbox 360 2621 1160 2679; baseline 0.003 -16"><span class='ocrx_word' id='word_1_131' title='bbox 360 2621 398 2663; x_wconf 77' lang='grc'>3.</span> <span class='ocrx_word' id='word_1_132' title='bbox 415 2622 604 2663; x_wconf 80' lang='lat' dir='ltr'>Sollicel</span> <span class='ocrx_word' id='word_1_133' title='bbox 612 2622 782 2663; x_wconf 84' lang='lat' dir='ltr'><em>admoto</em></span> <span class='ocrx_word' id='word_1_134' title='bbox 793 2629 874 2664; x_wconf 82' lang='lat' dir='ltr'>etc.</span> <span class='ocrx_word' id='word_1_135' title='bbox 889 2621 1041 2677; x_wconf 80' lang='lat' dir='ltr'>Simile</span> <span class='ocrx_word' id='word_1_136' title='bbox 1055 2621 1160 2679; x_wconf 87' lang='lat' dir='ltr'>quid</span> 
     </span>
     <span class='ocr_line' id='line_1_25' title="bbox 306 2685 1131 2743; baseline 0.002 -15"><span class='ocrx_word' id='word_1_137' title='bbox 306 2685 442 2728; x_wconf 85' lang='lat' dir='ltr'>habes</span> <span class='ocrx_word' id='word_1_138' title='bbox 464 2685 577 2743; x_wconf 88' lang='lat' dir='ltr'>apud</span> <span class='ocrx_word' id='word_1_139' title='bbox 600 2685 754 2743; x_wconf 77' lang='lat' dir='ltr'>virgil.</span> <span class='ocrx_word' id='word_1_140' title='bbox 768 2685 928 2743; x_wconf 86' lang='lat' dir='ltr'>Georg.</span> <span class='ocrx_word' id='word_1_141' title='bbox 944 2700 1002 2740; x_wconf 86' lang='lat'>11,</span> <span class='ocrx_word' id='word_1_142' title='bbox 1026 2687 1131 2730; x_wconf 83' lang='lat'>353:</span> 
     </span>
     <span class='ocr_line' id='line_1_26' title="bbox 305 2754 1138 2800; baseline 0 -14"><span class='ocrx_word' id='word_1_143' title='bbox 305 2757 378 2786; x_wconf 79' lang='lat' dir='ltr'>Hoc</span> <span class='ocrx_word' id='word_1_144' title='bbox 390 2779 398 2792; x_wconf 91' lang='lat'><em>‚</em></span> <span class='ocrx_word' id='word_1_145' title='bbox 419 2754 475 2784; x_wconf 81' lang='lat' dir='ltr'>uhi</span> <span class='ocrx_word' id='word_1_146' title='bbox 489 2754 601 2785; x_wconf 85' lang='lat' dir='ltr'>hiulca</span> <span class='ocrx_word' id='word_1_147' title='bbox 614 2756 783 2800; x_wconf 76' lang='lat' dir='ltr'>sitifindit</span> <span class='ocrx_word' id='word_1_148' title='bbox 804 2756 892 2786; x_wconf 87' lang='lat' dir='ltr'>canis</span> <span class='ocrx_word' id='word_1_149' title='bbox 914 2755 1032 2786; x_wconf 79' lang='lat' dir='ltr'>aestiser</span> <span class='ocrx_word' id='word_1_150' title='bbox 1047 2767 1138 2786; x_wconf 70' lang='lat' dir='ltr'>arva.</span> 
     </span>
     <span class='ocr_line' id='line_1_27' title="bbox 306 2815 1161 2873; baseline 0.002 -15"><span class='ocrx_word' id='word_1_151' title='bbox 306 2815 396 2859; x_wconf 85' lang='lat' dir='ltr'>Sed</span> <span class='ocrx_word' id='word_1_152' title='bbox 419 2816 772 2873; x_wconf 85' lang='lat' dir='ltr'>magnificentius</span> <span class='ocrx_word' id='word_1_153' title='bbox 792 2816 957 2871; x_wconf 89' lang='lat' dir='ltr'>multo,</span> <span class='ocrx_word' id='word_1_154' title='bbox 980 2818 1161 2871; x_wconf 73' lang='lat' dir='ltr'><strong>Iv,425:</strong></span> 
     </span>
    </p>
   </div>
   <div class='ocr_carea' id='block_1_7' title="bbox 306 2895 1098 2998">
    <p class='ocr_par' dir='ltr' id='par_1_11' title="bbox 306 2895 1098 2998">
     <span class='ocr_line' id='line_1_28' title="bbox 306 2895 1070 2937; baseline -0.005 -9"><span class='ocrx_word' id='word_1_155' title='bbox 306 2898 379 2928; x_wconf 83' lang='lat' dir='ltr'>Jam</span> <span class='ocrx_word' id='word_1_156' title='bbox 392 2896 526 2937; x_wconf 82' lang='lat' dir='ltr'>rapidus</span> <span class='ocrx_word' id='word_1_157' title='bbox 543 2902 669 2927; x_wconf 82' lang='lat' dir='ltr'>torrens</span> <span class='ocrx_word' id='word_1_158' title='bbox 691 2895 834 2926; x_wconf 79' lang='lat' dir='ltr'>sitientes</span> <span class='ocrx_word' id='word_1_159' title='bbox 850 2895 954 2925; x_wconf 84' lang='lat' dir='ltr'>Sirius</span> <span class='ocrx_word' id='word_1_160' title='bbox 971 2895 1070 2926; x_wconf 81' lang='lat' dir='ltr'>Indos</span> 
     </span>
     <span class='ocr_line' id='line_1_29' title="bbox 306 2955 1098 2998; baseline -0.003 -10"><span class='ocrx_word' id='word_1_161' title='bbox 306 2958 451 2989; x_wconf 71' lang='lat' dir='ltr'>Ardebat</span> <span class='ocrx_word' id='word_1_162' title='bbox 468 2958 566 2998; x_wconf 80' lang='lat' dir='ltr'>caelo;</span> <span class='ocrx_word' id='word_1_163' title='bbox 584 2963 617 2987; x_wconf 83' lang='lat' dir='ltr'>et</span> <span class='ocrx_word' id='word_1_164' title='bbox 631 2957 776 2988; x_wconf 83' lang='lat' dir='ltr'>medium</span> <span class='ocrx_word' id='word_1_165' title='bbox 793 2956 841 2987; x_wconf 81' lang='lat' dir='ltr'>sol</span> <span class='ocrx_word' id='word_1_166' title='bbox 858 2956 973 2997; x_wconf 82' lang='lat' dir='ltr'>igneus</span> <span class='ocrx_word' id='word_1_167' title='bbox 987 2955 1098 2986; x_wconf 86' lang='lat' dir='ltr'>orbem</span> 
     </span>
    </p>
   </div>
   <div class='ocr_carea' id='block_1_8' title="bbox 305 3020 575 3057">
    <p class='ocr_par' dir='ltr' id='par_1_12' title="bbox 305 3020 575 3057">
     <span class='ocr_line' id='line_1_30' title="bbox 305 3020 575 3057; baseline 0 -8"><span class='ocrx_word' id='word_1_168' title='bbox 305 3020 469 3049; x_wconf 80' lang='lat' dir='ltr'>Hauserat</span> <span class='ocrx_word' id='word_1_169' title='bbox 478 3043 488 3057; x_wconf 90' lang='lat'><em>,</em></span> <span class='ocrx_word' id='word_1_170' title='bbox 512 3026 575 3049; x_wconf 84' lang='lat' dir='ltr'>etc.</span> 
     </span>
    </p>
   </div>
   <div class='ocr_carea' id='block_1_9' title="bbox 304 3082 1159 3534">
    <p class='ocr_par' dir='ltr' id='par_1_13' title="bbox 304 3082 1159 3534">
     <span class='ocr_line' id='line_1_31' title="bbox 352 3082 1158 3140; baseline -0.004 -12"><span class='ocrx_word' id='word_1_171' title='bbox 352 3088 389 3140; x_wconf 78' lang='grc'>4.</span> <span class='ocrx_word' id='word_1_172' title='bbox 400 3088 536 3128; x_wconf 77' lang='lat' dir='ltr'><em>Icarii</em></span> <span class='ocrx_word' id='word_1_173' title='bbox 544 3088 670 3128; x_wconf 79' lang='lat' dir='ltr'>stella</span> <span class='ocrx_word' id='word_1_174' title='bbox 674 3091 867 3140; x_wconf 73' lang='lat' dir='ltr'>proterva</span> <span class='ocrx_word' id='word_1_175' title='bbox 875 3089 1008 3127; x_wconf 85' lang='lat' dir='ltr'>canis.</span> <span class='ocrx_word' id='word_1_176' title='bbox 1015 3082 1158 3126; x_wconf 88' lang='lat' dir='ltr'>«Non-</span> 
     </span>
     <span class='ocr_line' id='line_1_32' title="bbox 306 3147 1159 3194; baseline -0.004 -1"><span class='ocrx_word' id='word_1_177' title='bbox 306 3151 436 3194; x_wconf 86' lang='lat' dir='ltr'>nullis</span> <span class='ocrx_word' id='word_1_178' title='bbox 445 3150 565 3193; x_wconf 84' lang='lat' dir='ltr'>hune</span> <span class='ocrx_word' id='word_1_179' title='bbox 578 3166 735 3194; x_wconf 77' lang='lat' dir='ltr'>canem</span> <span class='ocrx_word' id='word_1_180' title='bbox 746 3149 928 3193; x_wconf 87' lang='lat' dir='ltr'>Orionis</span> <span class='ocrx_word' id='word_1_181' title='bbox 943 3165 1032 3192; x_wconf 93' lang='lat' dir='ltr'>esse</span> <span class='ocrx_word' id='word_1_182' title='bbox 1047 3147 1159 3190; x_wconf 84' lang='lat' dir='ltr'>dixe-</span> 
     </span>
     <span class='ocr_line' id='line_1_33' title="bbox 306 3211 1159 3271; baseline -0.005 -14"><span class='ocrx_word' id='word_1_183' title='bbox 306 3223 413 3257; x_wconf 87' lang='lat' dir='ltr'>runt</span> <span class='ocrx_word' id='word_1_184' title='bbox 430 3233 440 3267; x_wconf 94' lang='lat'>;</span> <span class='ocrx_word' id='word_1_185' title='bbox 472 3223 516 3256; x_wconf 84' lang='lat' dir='ltr'>et</span> <span class='ocrx_word' id='word_1_186' title='bbox 532 3247 544 3269; x_wconf 84' lang='lat'><strong><em>‚</em></strong></span> <span class='ocrx_word' id='word_1_187' title='bbox 576 3214 694 3271; x_wconf 89' lang='lat' dir='ltr'>quod</span> <span class='ocrx_word' id='word_1_188' title='bbox 724 3213 940 3259; x_wconf 82' lang='lat' dir='ltr'>studiosus</span> <span class='ocrx_word' id='word_1_189' title='bbox 969 3211 1159 3255; x_wconf 85' lang='lat' dir='ltr'>venandi</span> 
     </span>
     <span class='ocr_line' id='line_1_34' title="bbox 304 3278 1159 3335; baseline -0.005 -13"><span class='ocrx_word' id='word_1_190' title='bbox 304 3280 463 3334; x_wconf 83' lang='lat' dir='ltr'>suerit,</span> <span class='ocrx_word' id='word_1_191' title='bbox 482 3296 584 3322; x_wconf 87' lang='lat' dir='ltr'>cum</span> <span class='ocrx_word' id='word_1_192' title='bbox 608 3295 660 3322; x_wconf 93' lang='lat' dir='ltr'>eo</span> <span class='ocrx_word' id='word_1_193' title='bbox 681 3296 827 3322; x_wconf 83' lang='lat' dir='ltr'>canem</span> <span class='ocrx_word' id='word_1_194' title='bbox 848 3294 1021 3335; x_wconf 88' lang='lat' dir='ltr'>quoque</span> <span class='ocrx_word' id='word_1_195' title='bbox 1042 3278 1159 3319; x_wconf 83' lang='lat' dir='ltr'>inter</span> 
     </span>
     <span class='ocr_line' id='line_1_35' title="bbox 306 3343 1154 3393; baseline 0 -9"><span class='ocrx_word' id='word_1_196' title='bbox 306 3351 418 3385; x_wconf 84' lang='lat' dir='ltr'>astra</span> <span class='ocrx_word' id='word_1_197' title='bbox 441 3343 713 3387; x_wconf 82' lang='lat' dir='ltr'>collocatum.</span> <span class='ocrx_word' id='word_1_198' title='bbox 735 3343 822 3388; x_wconf 91' lang='lat' dir='ltr'>Alii</span> <span class='ocrx_word' id='word_1_199' title='bbox 844 3352 989 3386; x_wconf 85' lang='lat' dir='ltr'>autem</span> <span class='ocrx_word' id='word_1_200' title='bbox 1007 3343 1154 3393; x_wconf 78' lang='lat' dir='ltr'>Icarii,</span> 
     </span>
     <span class='ocr_line' id='line_1_36' title="bbox 307 3407 1158 3465; baseline 0.002 -17"><span class='ocrx_word' id='word_1_201' title='bbox 307 3407 359 3449; x_wconf 85' lang='lat' dir='ltr'>de</span> <span class='ocrx_word' id='word_1_202' title='bbox 373 3424 459 3463; x_wconf 88' lang='lat' dir='ltr'>quo</span> <span class='ocrx_word' id='word_1_203' title='bbox 473 3417 573 3451; x_wconf 75' lang='lat' dir='ltr'>ante</span> <span class='ocrx_word' id='word_1_204' title='bbox 586 3409 770 3452; x_wconf 83' lang='lat' dir='ltr'>diximus</span> <span class='ocrx_word' id='word_1_205' title='bbox 785 3425 793 3450; x_wconf 93' lang='lat'>:</span> <span class='ocrx_word' id='word_1_206' title='bbox 806 3425 902 3465; x_wconf 82' lang='lat' dir='ltr'>quae</span> <span class='ocrx_word' id='word_1_207' title='bbox 914 3409 1051 3452; x_wconf 85' lang='lat' dir='ltr'>multa</span> <span class='ocrx_word' id='word_1_208' title='bbox 1063 3423 1158 3464; x_wconf 85' lang='lat' dir='ltr'>pro-</span> 
     </span>
     <span class='ocr_line' id='line_1_37' title="bbox 304 3473 1156 3534; baseline 0.001 -19"><span class='ocrx_word' id='word_1_209' title='bbox 304 3473 438 3527; x_wconf 83' lang='lat' dir='ltr'>posita</span> <span class='ocrx_word' id='word_1_210' title='bbox 449 3489 547 3517; x_wconf 90' lang='lat' dir='ltr'>suos</span> <span class='ocrx_word' id='word_1_211' title='bbox 558 3474 719 3517; x_wconf 84' lang='lat' dir='ltr'>habent</span> <span class='ocrx_word' id='word_1_212' title='bbox 733 3483 974 3518; x_wconf 83' lang='lat' dir='ltr'>auctores.»</span> <span class='ocrx_word' id='word_1_213' title='bbox 992 3474 1156 3534; x_wconf 86' lang='lat' dir='ltr'>Hygin.</span> 
     </span>
    </p>
   </div>
   <div class='ocr_carea' id='block_1_10' title="bbox 1239 1837 2145 2875">
    <p class='ocr_par' dir='ltr' id='par_1_14' title="bbox 1239 1837 2094 2023">
     <span class='ocr_line' id='line_1_38' title="bbox 1239 1837 2094 1880; baseline -0.001 -1"><span class='ocrx_word' id='word_1_214' title='bbox 1239 1837 1356 1879; x_wconf 82' lang='lat' dir='ltr'>Poel.</span> <span class='ocrx_word' id='word_1_215' title='bbox 1371 1841 1595 1878; x_wconf 81' lang='lat' dir='ltr'>astronom.</span> <span class='ocrx_word' id='word_1_216' title='bbox 1607 1848 1741 1879; x_wconf 84' lang='lat' dir='ltr'><strong>xxxv.</strong></span> <span class='ocrx_word' id='word_1_217' title='bbox 1751 1837 2004 1880; x_wconf 79' lang='lat' dir='ltr'>—Vocatur</span> <span class='ocrx_word' id='word_1_218' title='bbox 2017 1852 2094 1879; x_wconf 73' lang='lat' dir='ltr'>au-</span> 
     </span>
     <span class='ocr_line' id='line_1_39' title="bbox 1241 1902 2093 1963; baseline 0.001 -20"><span class='ocrx_word' id='word_1_219' title='bbox 1241 1909 1333 1944; x_wconf 80' lang='lat' dir='ltr'>tem</span> <span class='ocrx_word' id='word_1_220' title='bbox 1367 1902 1519 1952; x_wconf 77' lang='lat' dir='ltr'>Sirius,</span> <span class='ocrx_word' id='word_1_221' title='bbox 1558 1902 1609 1955; x_wconf 89' lang='lat' dir='ltr'>(a</span> <span class='ocrx_word' id='word_1_222' title='bbox 1629 1908 1740 1963; x_wconf 69' lang='grc' dir='ltr'><em>σείρω</em></span> <span class='ocrx_word' id='word_1_223' title='bbox 1767 1902 1962 1955; x_wconf 80' lang='lat' dir='ltr'>dese’cco)</span> <span class='ocrx_word' id='word_1_224' title='bbox 1996 1910 2093 1957; x_wconf 84' lang='lat' dir='ltr'>quae</span> 
     </span>
     <span class='ocr_line' id='line_1_40' title="bbox 1241 1966 2093 2023; baseline -0.001 -14"><span class='ocrx_word' id='word_1_225' title='bbox 1241 1971 1374 2009; x_wconf 77' lang='lat' dir='ltr'>mt&#39;cal</span> <span class='ocrx_word' id='word_1_226' title='bbox 1384 1966 1598 2023; x_wconf 86' lang='lat' dir='ltr'>praecipue</span> <span class='ocrx_word' id='word_1_227' title='bbox 1614 1967 1733 2010; x_wconf 85' lang='lat' dir='ltr'>stella</span> <span class='ocrx_word' id='word_1_228' title='bbox 1743 1966 1788 2009; x_wconf 90' lang='lat' dir='ltr'>in</span> <span class='ocrx_word' id='word_1_229' title='bbox 1800 1967 1945 2010; x_wconf 86' lang='lat' dir='ltr'>fronte</span> <span class='ocrx_word' id='word_1_230' title='bbox 1960 1971 2093 2009; x_wconf 83' lang='lat' dir='ltr'>canis.</span> 
     </span>
    </p>

    <p class='ocr_par' dir='ltr' id='par_1_15' title="bbox 1243 2031 2145 2484">
     <span class='ocr_line' id='line_1_41' title="bbox 1300 2031 2095 2086; baseline 0 -14"><span class='ocrx_word' id='word_1_231' title='bbox 1300 2031 1337 2072; x_wconf 84' lang='grc'>5.</span> <span class='ocrx_word' id='word_1_232' title='bbox 1368 2033 1651 2086; x_wconf 68' lang='lat' dir='ltr'>liquentibus.</span> <span class='ocrx_word' id='word_1_233' title='bbox 1670 2034 1927 2086; x_wconf 72' lang='lat' dir='ltr'>Iz&#39;z&#39;ganlibus</span> <span class='ocrx_word' id='word_1_234' title='bbox 1940 2031 2095 2085; x_wconf 87' lang='lat' dir='ltr'>conje-</span> 
     </span>
     <span class='ocr_line' id='line_1_42' title="bbox 1243 2094 2095 2157; baseline -0.005 -17"><span class='ocrx_word' id='word_1_235' title='bbox 1243 2106 1363 2157; x_wconf 69' lang='lat' dir='ltr'>cerat</span> <span class='ocrx_word' id='word_1_236' title='bbox 1378 2097 1611 2151; x_wconf 83' lang='lat' dir='ltr'>Heinsius,</span> <span class='ocrx_word' id='word_1_237' title='bbox 1627 2105 1671 2140; x_wconf 90' lang='lat' dir='ltr'>et</span> <span class='ocrx_word' id='word_1_238' title='bbox 1684 2097 1898 2139; x_wconf 84' lang='lat' dir='ltr'>illustrare</span> <span class='ocrx_word' id='word_1_239' title='bbox 1913 2112 1958 2138; x_wconf 90' lang='lat' dir='ltr'>se</span> <span class='ocrx_word' id='word_1_240' title='bbox 1974 2094 2095 2137; x_wconf 90' lang='lat' dir='ltr'>hunc</span> 
     </span>
     <span class='ocr_line' id='line_1_43' title="bbox 1243 2161 2096 2215; baseline -0.005 -9"><span class='ocrx_word' id='word_1_241' title='bbox 1243 2162 1390 2206; x_wconf 78' lang='lat' dir='ltr'>locum</span> <span class='ocrx_word' id='word_1_242' title='bbox 1411 2162 1482 2206; x_wconf 90' lang='lat' dir='ltr'>lib.</span> <span class='ocrx_word' id='word_1_243' title='bbox 1503 2176 1574 2206; x_wconf 92' lang='lat'>111.</span> <span class='ocrx_word' id='word_1_244' title='bbox 1598 2162 1895 2205; x_wconf 88' lang='lat' dir='ltr'>Adversarior.</span> <span class='ocrx_word' id='word_1_245' title='bbox 1915 2161 1964 2204; x_wconf 84' lang='lat'>13</span> <span class='ocrx_word' id='word_1_246' title='bbox 1981 2193 1993 2215; x_wconf 90' lang='lat'>,</span> <span class='ocrx_word' id='word_1_247' title='bbox 2018 2175 2096 2202; x_wconf 89' lang='lat' dir='ltr'>no-</span> 
     </span>
     <span class='ocr_line' id='line_1_44' title="bbox 1244 2225 2145 2285; baseline -0.004 -14"><span class='ocrx_word' id='word_1_248' title='bbox 1244 2236 1434 2283; x_wconf 83' lang='lat' dir='ltr'>taverat,</span> <span class='ocrx_word' id='word_1_249' title='bbox 1450 2244 1547 2285; x_wconf 88' lang='lat' dir='ltr'>quae</span> <span class='ocrx_word' id='word_1_250' title='bbox 1562 2227 1731 2285; x_wconf 78' lang='lat' dir='ltr'>ingenti</span> <span class='ocrx_word' id='word_1_251' title='bbox 1746 2235 1949 2270; x_wconf 84' lang='lat' dir='ltr'>veterum</span> <span class='ocrx_word' id='word_1_252' title='bbox 1965 2225 2093 2282; x_wconf 86' lang='lat' dir='ltr'>serip-</span> <span class='ocrx_word' id='word_1_253' title='bbox 2142 2258 2145 2263; x_wconf 32' lang='lat' dir='ltr'><strong><em>J</em></strong></span> 
     </span>
     <span class='ocr_line' id='line_1_45' title="bbox 1244 2294 2096 2352; baseline -0.005 -15"><span class='ocrx_word' id='word_1_254' title='bbox 1244 2302 1394 2338; x_wconf 83' lang='lat' dir='ltr'>torum</span> <span class='ocrx_word' id='word_1_255' title='bbox 1425 2294 1591 2338; x_wconf 86' lang='lat' dir='ltr'>damno</span> <span class='ocrx_word' id='word_1_256' title='bbox 1610 2294 1793 2352; x_wconf 90' lang='lat' dir='ltr'>periere.</span> <span class='ocrx_word' id='word_1_257' title='bbox 1817 2295 2096 2349; x_wconf 70' lang='lat' dir='ltr'>liquantibus</span> 
     </span>
     <span class='ocr_line' id='line_1_46' title="bbox 1243 2358 2092 2408; baseline -0.005 -4"><span class='ocrx_word' id='word_1_258' title='bbox 1243 2360 1315 2404; x_wconf 89' lang='lat' dir='ltr'>hic</span> <span class='ocrx_word' id='word_1_259' title='bbox 1348 2361 1480 2404; x_wconf 86' lang='lat' dir='ltr'>habet</span> <span class='ocrx_word' id='word_1_260' title='bbox 1511 2358 1888 2404; x_wconf 85' lang='lat' dir='ltr'>Francosurtensis</span> <span class='ocrx_word' id='word_1_261' title='bbox 1911 2375 1922 2402; x_wconf 74' lang='lat' dir='ltr'><em>z</em></span> <span class='ocrx_word' id='word_1_262' title='bbox 1951 2359 2092 2408; x_wconf 86' lang='lat' dir='ltr'>sorte,</span> 
     </span>
     <span class='ocr_line' id='line_1_47' title="bbox 1243 2423 2094 2484; baseline -0.006 -14"><span class='ocrx_word' id='word_1_263' title='bbox 1243 2429 1494 2484; x_wconf 66' lang='lat' dir='ltr'>liquat-ibus.</span> <span class='ocrx_word' id='word_1_264' title='bbox 1518 2423 1621 2469; x_wconf 86' lang='lat' dir='ltr'>Vid.</span> <span class='ocrx_word' id='word_1_265' title='bbox 1643 2423 1697 2468; x_wconf 87' lang='lat' dir='ltr'>ad</span> <span class='ocrx_word' id='word_1_266' title='bbox 1720 2423 1905 2469; x_wconf 88' lang='lat' dir='ltr'>Remed.</span> <span class='ocrx_word' id='word_1_267' title='bbox 1932 2440 2021 2480; x_wconf 90' lang='lat'><strong>177·</strong></span> <span class='ocrx_word' id='word_1_268' title='bbox 2041 2423 2094 2466; x_wconf 92' lang='grc' dir='ltr'>Β.</span> 
     </span>
    </p>

    <p class='ocr_par' dir='ltr' id='par_1_16' title="bbox 1242 2489 2096 2665">
     <span class='ocr_line' id='line_1_48' title="bbox 1297 2489 2092 2543; baseline -0.006 -8"><span class='ocrx_word' id='word_1_269' title='bbox 1297 2492 1338 2535; x_wconf 76' lang='lat' dir='ltr'>G.</span> <span class='ocrx_word' id='word_1_270' title='bbox 1359 2493 1504 2535; x_wconf 81' lang='lat' dir='ltr'>Herba</span> <span class='ocrx_word' id='word_1_271' title='bbox 1521 2494 1626 2534; x_wconf 89' lang='lat' dir='ltr'>solo.</span> <span class='ocrx_word' id='word_1_272' title='bbox 1642 2490 1821 2534; x_wconf 83' lang='lat' dir='ltr'>Tertius</span> <span class='ocrx_word' id='word_1_273' title='bbox 1836 2489 2092 2543; x_wconf 85' lang='lat' dir='ltr'>Vaticanus,</span> 
     </span>
     <span class='ocr_line' id='line_1_49' title="bbox 1243 2555 2096 2612; baseline -0.006 -12"><span class='ocrx_word' id='word_1_274' title='bbox 1243 2559 1371 2600; x_wconf 78' lang='lat' dir='ltr'>herba</span> <span class='ocrx_word' id='word_1_275' title='bbox 1391 2563 1479 2600; x_wconf 82' lang='lat' dir='ltr'>toro</span> <span class='ocrx_word' id='word_1_276' title='bbox 1496 2573 1508 2600; x_wconf 75' lang='lat'>.-</span> <span class='ocrx_word' id='word_1_277' title='bbox 1529 2565 1714 2600; x_wconf 84' lang='lat' dir='ltr'>venuste</span> <span class='ocrx_word' id='word_1_278' title='bbox 1731 2571 1743 2599; x_wconf 70' lang='grc' dir='ltr'>ε</span> <span class='ocrx_word' id='word_1_279' title='bbox 1758 2555 1818 2599; x_wconf 88' lang='lat' dir='ltr'>sic</span> <span class='ocrx_word' id='word_1_280' title='bbox 1835 2570 1946 2612; x_wconf 86' lang='lat' dir='ltr'>saepe</span> <span class='ocrx_word' id='word_1_281' title='bbox 1962 2586 1974 2610; x_wconf 91' lang='lat'>,</span> <span class='ocrx_word' id='word_1_282' title='bbox 1992 2569 2096 2609; x_wconf 76' lang='lat' dir='ltr'>gra-</span> 
     </span>
     <span class='ocr_line' id='line_1_50' title="bbox 1242 2622 1741 2665; baseline -0.006 0"><span class='ocrx_word' id='word_1_283' title='bbox 1242 2627 1405 2665; x_wconf 80' lang='lat' dir='ltr'>mineus</span> <span class='ocrx_word' id='word_1_284' title='bbox 1424 2629 1549 2664; x_wconf 84' lang='lat' dir='ltr'>torus.</span> <span class='ocrx_word' id='word_1_285' title='bbox 1572 2622 1741 2664; x_wconf 77' lang='lat' dir='ltr'><strong>HEINS.</strong></span> 
     </span>
    </p>

    <p class='ocr_par' dir='ltr' id='par_1_17' title="bbox 1241 2682 2095 2875">
     <span class='ocr_line' id='line_1_51' title="bbox 1299 2682 2090 2742; baseline -0.005 -13"><span class='ocrx_word' id='word_1_286' title='bbox 1299 2704 1335 2742; x_wconf 88' lang='lat'>7.</span> <span class='ocrx_word' id='word_1_287' title='bbox 1363 2687 1579 2741; x_wconf 81' lang='lat' dir='ltr'>Multoque</span> <span class='ocrx_word' id='word_1_288' title='bbox 1594 2685 1789 2740; x_wconf 73' lang='lat' dir='ltr'>firacior</span> <span class='ocrx_word' id='word_1_289' title='bbox 1814 2699 1917 2726; x_wconf 70' lang='lat' dir='ltr'>uvoe.</span> <span class='ocrx_word' id='word_1_290' title='bbox 1945 2682 2060 2739; x_wconf 88' lang='lat' dir='ltr'>Lege</span> <span class='ocrx_word' id='word_1_291' title='bbox 2079 2715 2090 2736; x_wconf 87' lang='lat'>,</span> 
     </span>
     <span class='ocr_line' id='line_1_52' title="bbox 1241 2749 2095 2807; baseline -0.005 -13"><span class='ocrx_word' id='word_1_292' title='bbox 1241 2751 1652 2807; x_wconf 75' lang='lat' dir='ltr'>mulloequefi’racior</span> <span class='ocrx_word' id='word_1_293' title='bbox 1659 2764 1757 2793; x_wconf 63' lang='grc' dir='ltr'>τινα.</span> <span class='ocrx_word' id='word_1_294' title='bbox 1769 2749 1953 2804; x_wconf 87' lang='lat' dir='ltr'>Seneca,</span> <span class='ocrx_word' id='word_1_295' title='bbox 1971 2749 2095 2791; x_wconf 90' lang='lat' dir='ltr'>Her-</span> 
     </span>
     <span class='ocr_line' id='line_1_53' title="bbox 1241 2815 1713 2875; baseline -0.002 -15"><span class='ocrx_word' id='word_1_296' title='bbox 1241 2817 1336 2860; x_wconf 90' lang='lat' dir='ltr'>cule</span> <span class='ocrx_word' id='word_1_297' title='bbox 1358 2818 1553 2860; x_wconf 86' lang='lat' dir='ltr'>Furente</span> <span class='ocrx_word' id='word_1_298' title='bbox 1567 2849 1580 2870; x_wconf 91' lang='lat'>,</span> <span class='ocrx_word' id='word_1_299' title='bbox 1602 2815 1713 2875; x_wconf 80' lang='lat'><strong>696:</strong></span> 
     </span>
    </p>
   </div>
   <div class='ocr_carea' id='block_1_11' title="bbox 1281 2885 2072 2928">
    <p class='ocr_par' dir='ltr' id='par_1_18' title="bbox 1281 2885 2072 2928">
     <span class='ocr_line' id='line_1_54' title="bbox 1281 2885 2072 2928; baseline -0.003 -10"><span class='ocrx_word' id='word_1_300' title='bbox 1281 2888 1380 2918; x_wconf 81' lang='lat' dir='ltr'>Estne</span> <span class='ocrx_word' id='word_1_301' title='bbox 1394 2887 1503 2928; x_wconf 80' lang='lat' dir='ltr'>aliqua</span> <span class='ocrx_word' id='word_1_302' title='bbox 1516 2887 1613 2917; x_wconf 82' lang='lat' dir='ltr'>tellus</span> <span class='ocrx_word' id='word_1_303' title='bbox 1630 2886 1757 2918; x_wconf 85' lang='lat' dir='ltr'>Cereris</span> <span class='ocrx_word' id='word_1_304' title='bbox 1771 2893 1803 2917; x_wconf 88' lang='lat' dir='ltr'>et</span> <span class='ocrx_word' id='word_1_305' title='bbox 1818 2885 1939 2918; x_wconf 78' lang='lat' dir='ltr'>Bacchi</span> <span class='ocrx_word' id='word_1_306' title='bbox 1952 2885 2043 2917; x_wconf 80' lang='lat' dir='ltr'>ferax</span> <span class='ocrx_word' id='word_1_307' title='bbox 2054 2885 2072 2916; x_wconf 73' lang='grc' dir='ltr'>’ἶ</span> 
     </span>
    </p>
   </div>
   <div class='ocr_carea' id='block_1_12' title="bbox 1228 2947 2099 3530">
    <p class='ocr_par' dir='ltr' id='par_1_19' title="bbox 1228 2947 2099 3530">
     <span class='ocr_line' id='line_1_55' title="bbox 1246 2947 2065 3000; baseline -0.001 -8"><span class='ocrx_word' id='word_1_308' title='bbox 1246 2947 1479 2992; x_wconf 86' lang='lat' dir='ltr'>Cornelius</span> <span class='ocrx_word' id='word_1_309' title='bbox 1500 2948 1688 2992; x_wconf 85' lang='lat' dir='ltr'>Severus</span> <span class='ocrx_word' id='word_1_310' title='bbox 1702 2948 1749 2991; x_wconf 93' lang='lat' dir='ltr'>in</span> <span class='ocrx_word' id='word_1_311' title='bbox 1768 2948 1907 2992; x_wconf 82' lang='lat' dir='ltr'>AEtna</span> <span class='ocrx_word' id='word_1_312' title='bbox 1920 2981 1932 3000; x_wconf 87' lang='lat'><strong><em>,</em></strong></span> <span class='ocrx_word' id='word_1_313' title='bbox 1955 2948 2065 2991; x_wconf 76' lang='lat'>250:</span> 
     </span>
     <span class='ocr_line' id='line_1_56' title="bbox 1241 3017 2059 3060; baseline -0.002 -10"><span class='ocrx_word' id='word_1_314' title='bbox 1241 3018 1372 3050; x_wconf 81' lang='lat' dir='ltr'>Fertilis</span> <span class='ocrx_word' id='word_1_315' title='bbox 1390 3017 1456 3050; x_wconf 80' lang='lat' dir='ltr'>hoec</span> <span class='ocrx_word' id='word_1_316' title='bbox 1473 3018 1655 3060; x_wconf 79' lang='lat' dir='ltr'>segetisque</span> <span class='ocrx_word' id='word_1_317' title='bbox 1665 3017 1804 3050; x_wconf 77' lang='lat' dir='ltr'>feracior</span> <span class='ocrx_word' id='word_1_318' title='bbox 1815 3041 1827 3057; x_wconf 93' lang='lat'>,</span> <span class='ocrx_word' id='word_1_319' title='bbox 1850 3019 1950 3049; x_wconf 75' lang='lat' dir='ltr'>altera</span> <span class='ocrx_word' id='word_1_320' title='bbox 1967 3017 2059 3049; x_wconf 75' lang='lat' dir='ltr'>vitis.</span> 
     </span>
     <span class='ocr_line' id='line_1_57' title="bbox 1242 3078 2089 3136; baseline -0.002 -14"><span class='ocrx_word' id='word_1_321' title='bbox 1242 3079 1308 3122; x_wconf 86' lang='lat' dir='ltr'>Ita</span> <span class='ocrx_word' id='word_1_322' title='bbox 1328 3079 1440 3136; x_wconf 87' lang='lat' dir='ltr'>apud</span> <span class='ocrx_word' id='word_1_323' title='bbox 1460 3079 1619 3135; x_wconf 87' lang='lat' dir='ltr'>Quint.</span> <span class='ocrx_word' id='word_1_324' title='bbox 1633 3078 1756 3123; x_wconf 90' lang='lat' dir='ltr'>Decl.</span> <span class='ocrx_word' id='word_1_325' title='bbox 1771 3079 2089 3134; x_wconf 76' lang='lat' dir='ltr'>x1112Agellus,</span> 
     </span>
     <span class='ocr_line' id='line_1_58' title="bbox 1240 3146 2099 3202; baseline -0.001 -13"><span class='ocrx_word' id='word_1_326' title='bbox 1240 3163 1325 3189; x_wconf 82' lang='grc' dir='ltr'>ποπ</span> <span class='ocrx_word' id='word_1_327' title='bbox 1346 3150 1503 3191; x_wconf 81' lang='lat' dir='ltr'>vilibus</span> <span class='ocrx_word' id='word_1_328' title='bbox 1535 3149 1725 3193; x_wconf 79' lang='lat' dir='ltr'>consitus</span> <span class='ocrx_word' id='word_1_329' title='bbox 1746 3179 1758 3202; x_wconf 84' lang='lat'>,</span> <span class='ocrx_word' id='word_1_330' title='bbox 1786 3163 1871 3190; x_wconf 85' lang='grc' dir='ltr'>ποπ</span> <span class='ocrx_word' id='word_1_331' title='bbox 1883 3146 2099 3202; x_wconf 80' lang='lat' dir='ltr'>frumenti</span> 
     </span>
     <span class='ocr_line' id='line_1_59' title="bbox 1228 3211 2092 3270; baseline -0.003 -13"><span class='ocrx_word' id='word_1_332' title='bbox 1228 3215 1362 3270; x_wconf 74' lang='lat' dir='ltr'>ferax</span> <span class='ocrx_word' id='word_1_333' title='bbox 1373 3231 1384 3257; x_wconf 85' lang='grc'>,·</span> <span class='ocrx_word' id='word_1_334' title='bbox 1396 3231 1447 3257; x_wconf 86' lang='lat' dir='ltr'>ex</span> <span class='ocrx_word' id='word_1_335' title='bbox 1458 3214 1559 3256; x_wconf 87' lang='lat' dir='ltr'>MS.</span> <span class='ocrx_word' id='word_1_336' title='bbox 1571 3213 1716 3269; x_wconf 79' lang='lat' dir='ltr'>vulgo,</span> <span class='ocrx_word' id='word_1_337' title='bbox 1719 3212 1958 3269; x_wconf 77' lang='lat' dir='ltr'>frumentis.</span> <span class='ocrx_word' id='word_1_338' title='bbox 1971 3211 2066 3270; x_wconf 85' lang='lat' dir='ltr'>Gry</span> <span class='ocrx_word' id='word_1_339' title='bbox 2077 3236 2092 3243; x_wconf 93' lang='lat'>-</span> 
     </span>
     <span class='ocr_line' id='line_1_60' title="bbox 1240 3275 2091 3336; baseline -0.005 -15"><span class='ocrx_word' id='word_1_340' title='bbox 1240 3279 1367 3336; x_wconf 90' lang='lat' dir='ltr'>phius</span> <span class='ocrx_word' id='word_1_341' title='bbox 1382 3278 1533 3332; x_wconf 84' lang='lat' dir='ltr'>edidit,</span> <span class='ocrx_word' id='word_1_342' title='bbox 1531 3278 1664 3334; x_wconf 67' lang='lat' dir='ltr'>ferax</span> <span class='ocrx_word' id='word_1_343' title='bbox 1680 3280 1834 3329; x_wconf 82' lang='lat' dir='ltr'>Cerere,</span> <span class='ocrx_word' id='word_1_344' title='bbox 1851 3275 1969 3333; x_wconf 87' lang='lat' dir='ltr'>quod</span> <span class='ocrx_word' id='word_1_345' title='bbox 1987 3276 2091 3318; x_wconf 88' lang='lat' dir='ltr'>Ma-</span> 
     </span>
     <span class='ocr_line' id='line_1_61' title="bbox 1241 3340 2089 3398; baseline -0.005 -12"><span class='ocrx_word' id='word_1_346' title='bbox 1241 3344 1330 3387; x_wconf 87' lang='lat' dir='ltr'>rius</span> <span class='ocrx_word' id='word_1_347' title='bbox 1345 3377 1357 3398; x_wconf 87' lang='lat'>,</span> <span class='ocrx_word' id='word_1_348' title='bbox 1376 3353 1420 3386; x_wconf 84' lang='lat' dir='ltr'>et</span> <span class='ocrx_word' id='word_1_349' title='bbox 1441 3342 1600 3386; x_wconf 91' lang='lat' dir='ltr'>deinde</span> <span class='ocrx_word' id='word_1_350' title='bbox 1613 3343 1842 3386; x_wconf 90' lang='lat' dir='ltr'>Bersman.</span> <span class='ocrx_word' id='word_1_351' title='bbox 1856 3358 1906 3384; x_wconf 88' lang='lat' dir='ltr'>ex</span> <span class='ocrx_word' id='word_1_352' title='bbox 1920 3340 2089 3383; x_wconf 90' lang='lat' dir='ltr'>duobus</span> 
     </span>
     <span class='ocr_line' id='line_1_62' title="bbox 1239 3405 2089 3465; baseline -0.002 -14"><span class='ocrx_word' id='word_1_353' title='bbox 1239 3409 1358 3452; x_wconf 88' lang='lat' dir='ltr'>libris</span> <span class='ocrx_word' id='word_1_354' title='bbox 1384 3409 1538 3465; x_wconf 81' lang='lat' dir='ltr'>probat</span> <span class='ocrx_word' id='word_1_355' title='bbox 1561 3440 1572 3461; x_wconf 89' lang='lat'>,</span> <span class='ocrx_word' id='word_1_356' title='bbox 1611 3424 1635 3450; x_wconf 91' lang='lat' dir='ltr'>e</span> <span class='ocrx_word' id='word_1_357' title='bbox 1671 3405 1854 3462; x_wconf 88' lang='lat' dir='ltr'>produci</span> <span class='ocrx_word' id='word_1_358' title='bbox 1880 3421 2089 3459; x_wconf 88' lang='lat' dir='ltr'>censens,</span> 
     </span>
     <span class='ocr_line' id='line_1_63' title="bbox 1240 3471 1819 3530; baseline -0.009 -14"><span class='ocrx_word' id='word_1_359' title='bbox 1240 3482 1420 3530; x_wconf 85' lang='lat' dir='ltr'>propter</span> <span class='ocrx_word' id='word_1_360' title='bbox 1438 3472 1636 3516; x_wconf 87' lang='lat' dir='ltr'>incisum.</span> <span class='ocrx_word' id='word_1_361' title='bbox 1658 3471 1819 3515; x_wconf 79' lang='lat' dir='ltr'><strong>BURM.</strong></span> 
     </span>
    </p>
   </div>
  </div>
 </body>
</html>
