2268 3776
292 290 400 346 236
752 297 817 349 P.
869 296 1163 354 OVIDII
1200 299 1573 356 NASONIS

366 406 715 491 Flammaque
745 410 803 468 in
834 427 1028 489 arguto
1057 437 1197 495 saepe
1223 430 1441 496 reperta
1467 415 1610 475 foro.
2002 438 2058 479 ’δυ

286 502 519 562 Subdita
545 527 653 585 qua
679 506 909 567 Veneris
939 508 1082 573 facto
1112 510 1178 568 de
1205 535 1474 571 marmore
1506 510 1712 594 templo

364 600 576 682 Appias
606 603 875 684 expressis
903 611 1024 664 ae‘ra
1049 604 1236 686 pulsat
1264 607 1435 689 aquis.

287 693 387 754 Illo
418 719 558 778 saepe
586 694 709 756 loco
735 699 950 780 capitur
976 699 1264 759 consultus
1293 703 1489 762 Amori
1517 727 1529 774 ;

365 791 590 874 Quique
617 792 737 852 aliis
766 795 933 866 cavit,
966 819 1082 854 non
1115 811 1264 856 cavet
1294 797 1411 879 ipse
1441 798 1565 857 sibi.

282 886 386 947 Illo
415 912 555 972 saepe
582 888 708 949 loco
741 890 940 951 desunt
971 915 1068 951 sua
1098 892 1264 952 verba
1290 892 1498 966 diserto
1523 919 1536 965 ;
2003 916 2056 958 85

363 986 583 1068 Resque
610 1010 762 1047 novae
790 987 1044 1060 veniunt,
1075 1011 1344 1071 causaque
1375 989 1584 1068 agenda
1613 989 1700 1048 sui
1730 1006 1828 1052 est.

285 1080 450 1140 Hunc
481 1083 671 1141 Venus
700 1107 729 1143 e
757 1082 1005 1165 templis,
1041 1107 1159 1165 quae
1189 1098 1321 1143 sunt
1347 1083 1615 1162 confinia,
1645 1085 1790 1146 ridet
1814 1111 1827 1147 :

362 1175 479 1255 Qui
506 1177 674 1236 modo
705 1193 1005 1260 patronus,
1036 1203 1184 1239 nunc
1216 1180 1370 1263 cupit
1397 1204 1512 1242 esse
1545 1180 1730 1242 clienS.

281 1303 401 1363 SED
433 1318 492 1364 tu
519 1305 790 1388 praecipue
819 1308 998 1367 curvis
1023 1331 1215 1369 venare
1248 1307 1507 1370 theatris:

280 1466 393 1523 apud
417 1467 623 1510 Plautum
639 1500 651 1522 ,
677 1468 966 1523 Terentium,
992 1469 1126 1527 Apu-

279 1530 413 1574 leium
434 1540 477 1575 et
492 1533 705 1576 Nostrum
726 1549 912 1589 quoque.
934 1534 1099 1578 BURM.

331 1596 398 1639 80.
428 1598 602 1652 Arguto.
635 1597 841 1642 Clamoso
853 1632 865 1653 ‚
885 1615 963 1642 seu
991 1599 1126 1643 vocali

281 1661 461 1718 explicat
489 1663 669 1717 Douza;
693 1673 738 1708 et
763 1665 823 1708 ita
845 1664 996 1709 Glossa
1016 1666 1127 1709 Lei-

281 1727 424 1772 densis
469 1729 638 1774 codicis.
673 1731 763 1774 Pro
803 1737 963 1786 reperta
976 1766 987 1783 ‚
1039 1732 1127 1775 duo

277 1791 456 1846 restria:
477 1793 582 1837 alius
601 1827 613 1849 ‚
636 1799 801 1850 repleta.

331 1859 396 1901 81.
426 1859 620 1909 «Subdita,
647 1877 729 1916 qua
755 1864 801 1904 V
792 1866 924 1904 enertlr
931 1861 1055 1916 facto
1077 1865 1129 1906 de

277 1939 476 1966 marmore
486 1927 636 1978 templo
645 1934 727 1968 etc.
739 1926 906 1969 Forum
923 1927 953 1969 J
956 1927 1013 1969 ul.
1031 1925 1129 1969 Cae'-

283 1987 386 2030 saris
406 1987 569 2031 indicat
584 2021 595 2043 ,
625 1990 748 2046 cujus
770 1990 815 2033 in
837 1991 984 2034 medio
1003 2000 1128 2034 tem-

281 2053 402 2109 plum
414 2055 581 2097 Veneri
591 2056 790 2112 genitrici
801 2055 1027 2100 dicaverat.
1038 2059 1127 2101 Pro

282 2118 373 2162 aede
400 2129 547 2163 autem
563 2153 575 2174 ‚
597 2130 738 2165 statua
761 2121 942 2166 Caesaris
968 2140 1019 2166 ex
1043 2139 1127 2166 aere

277 2185 478 2228 inaurato
512 2186 594 2229 suit
615 2218 627 2240 ,
660 2186 714 2230 de
749 2204 834 2244 qua
853 2189 913 2232 sic
932 2189 1096 2233 Statius
1113 2222 1124 2243 ,

281 2250 399 2308 Sylv.
423 2264 441 2293 1
458 2283 470 2305 ,
493 2267 625 2295 carm.
647 2266 665 2295 1
681 2284 693 2307 ,
717 2254 770 2308 84
792 2270 802 2297 :

280 2333 380 2363 Cedat
391 2343 494 2374 equus
505 2357 516 2372 ,
535 2334 636 2365 Latiae
651 2334 711 2375 qui
726 2342 835 2366 contra
849 2336 969 2376 templa
985 2336 1125 2374 Diones,

278 2394 413 2424 caesarei
427 2401 491 2425 stat
504 2396 578 2427 sede
590 2395 651 2426 fori
670 2406 679 2427 ε
691 2396 788 2437 quem
803 2396 928 2427 tradere
944 2407 978 2427 es
991 2407 1090 2427 ausus

277 2454 392 2486 Pellaeo
404 2479 415 2494 ‚
435 2456 581 2497 Lysippe
591 2481 602 2495 ,
616 2456 714 2497 duci;
733 2468 808 2488 mox
819 2458 952 2488 causaris
968 2468 1023 2488 ora

281 2512 408 2555 Aurata
420 2516 545 2546 cervice
559 2516 636 2546 tulit
647 2523 709 2548 etc.

281 2579 391 2623 Erat
404 2595 535 2637 porro
550 2581 745 2624 mirabile
762 2582 863 2638 quid
886 2592 929 2626 et
941 2593 1129 2640 porten-

281 2652 428 2688 tosum
447 2645 493 2687 in
516 2661 630 2702 equo
650 2646 723 2688 illo
739 2678 750 2699 ,
776 2665 798 2684 «
813 2663 947 2702 quem
974 2658 1128 2692 natum

283 2709 397 2766 apud
409 2726 455 2753 se
467 2739 479 2763 ‚
493 2710 675 2767 pedibus
696 2727 830 2768 prope
845 2712 1046 2757 humanis
1059 2747 1070 2767 ,
1084 2723 1128 2758 et

281 2776 327 2817 in
349 2775 535 2818 modum
557 2775 795 2832 digitorum
813 2778 986 2834 ungulis
1005 2779 1125 2834 fissis,

285 2857 423 2896 quum
461 2841 707 2898 haruspices
742 2842 978 2898 imperium
1014 2843 1128 2887 orbis

280 2907 655 2963 terraesignificare
667 2907 847 2950 domino
858 2925 1031 2964 pronun
1038 2910 1129 2953 tias-

282 2984 380 3017 sent
395 3007 406 3028 ,
429 2990 586 3031 magna
600 2991 702 3018 cura
723 2974 828 3017 aluit
851 2973 1020 3029 Caesar,
1046 2991 1129 3020 nec

283 3040 522 3094 patientem
556 3039 730 3082 sessoris
761 3039 933 3083 alterius
964 3039 1128 3095 primus

285 3103 498 3146 ascendit:
513 3104 635 3159 cujus
651 3105 782 3147 etiam
796 3105 931 3148 instar
944 3120 1022 3161 pro
1035 3104 1126 3147 aede

285 3170 473 3213 Veneris
489 3171 704 3227 genitricis
717 3180 864 3227 postea
877 3170 1126 3214 dedicavit.»

286 3234 408 3276 Suet.
429 3235 475 3276 in
494 3235 524 3276 J
528 3236 583 3278 ul.
602 3234 709 3278 Caes.
733 3250 820 3278 Lxl.
838 3235 939 3277 Vid.
955 3250 1128 3291 quoque

286 3299 399 3342 Plin.
415 3314 502 3343 vul
518 3332 529 3353 ‚
548 3302 597 3354 42
615 3318 624 3352 ;
646 3310 689 3343 et
702 3301 835 3344 susius
852 3300 1069 3344 Plutarch.
1081 3300 1126 3343 in

284 3365 445 3408 vita.—
458 3369 572 3420 Quoe.
601 3370 694 3421 Qua
713 3367 972 3424 legendum,
988 3366 1031 3411 id
1049 3375 1126 3421 est,

286 3430 373 3473 ubi.
397 3430 526 3476 Clor.

1265 1471 1330 1513 82.
1359 1470 1526 1526 Appias
1553 1475 1761 1526 expressis
1788 1477 1892 1516 ab'ra
1912 1477 2062 1528 pulsat

1207 1541 1340 1593 aquis.
1358 1536 1551 1579 Fontem
1569 1535 1779 1593 intelligas
1792 1569 1804 1591 ,
1817 1551 1952 1593 quem
1965 1537 2057 1592 Ap-

1199 1605 1336 1658 piada
1368 1602 1667 1661 patronymice
1697 1602 1900 1645 nominat
1918 1635 1930 1656 ,
1958 1603 2057 1659 quia

1207 1683 1363 1711 censor
1377 1667 1544 1725 Appius
1564 1667 1688 1710 illum
1702 1667 1788 1711 huc
1809 1666 2056 1710 adduxerat.

1210 1734 1500 1787 -Expressdn
1523 1732 1706 1790 Propria
1725 1731 1773 1775 in
1794 1731 1874 1776 hac
1894 1748 1941 1775 re
1957 1748 2054 1783 vox,

1210 1812 1348 1853 quum
1359 1812 1469 1853 aqua
1482 1813 1561 1853 per
1573 1796 1736 1840 fistulas
1754 1796 1940 1841 ducitur.
1954 1796 2055 1838 Vid.

1210 1863 1334 1906 Voss.
1356 1863 1409 1906 ad
1433 1860 1590 1906 Caesar.
1612 1862 1721 1905 Bell.
1738 1861 1848 1906 Gall.
1867 1862 1941 1907 lib.
1959 1876 2053 1915 vu,

1209 1942 1299 1984 cap.
1316 1944 1366 1970 22
1379 1960 1389 1977 ‚
1406 1935 1451 1970 et
1471 1926 1579 1970 Bell.
1600 1925 1726 1970 Civit.
1742 1926 1815 1970 lib.
1827 1940 1864 1969 11
1880 1959 1891 1980 ,
1912 1942 2003 1982 cap.
2017 1943 2055 1985 9.

1261 1993 1328 2035 83.
1345 1993 1519 2046 Capitur
1524 1996 1737 2035 consultus
1747 1991 1915 2034 Amore.
1926 1991 2055 2034 Amo-

1209 2061 1268 2100 ris
1289 2058 1544 2102 vetustiores
1571 2058 1680 2101 libri.
1710 2057 1825 2115 Lege
1839 2090 1854 2111 ‚
1876 2058 2046 2107 Amori,

1208 2122 1254 2166 id
1272 2132 1360 2177 est,
1381 2122 1601 2180 Cupidini.
1627 2125 1868 2175 consultus,
1891 2139 1971 2180 pro
1986 2124 2058 2179 ju-

1209 2189 1464 2234 risconsulto
1481 2207 1491 2235 :
1507 2199 1556 2233 ut
1567 2191 1728 2234 Noster
1742 2189 1963 2232 Amorum
1975 2189 2002 2233 l.
2018 2191 2053 2243 Ι,

1212 2254 1360 2312 Elegia
1382 2268 1470 2298 x111
1487 2287 1499 2309 ,
1526 2272 1573 2298 21
1600 2271 1612 2298 :

1209 2323 1278 2355 Nec
1291 2331 1330 2354 tu
1342 2325 1489 2355 consulto
1497 2347 1509 2363 ,
1532 2335 1590 2355 nec
1608 2331 1645 2364 tu
1656 2324 1800 2365 jucunda
1812 2323 1933 2355 diserto
1946 2333 1990 2354 es.

1212 2384 1423 2428 Horatius
1442 2398 1461 2427 1
1475 2417 1486 2439 ,
1509 2383 1599 2429 Sat.
1618 2399 1636 2427 1
1649 2415 1661 2438 ,
1686 2402 1732 2439 17
1751 2400 1761 2427 :

1418 2479 1456 2490 ...
1478 2459 1555 2490 Eris
1571 2465 1608 2489 tu
1618 2482 1630 2498 ‚
1654 2459 1712 2500 qui
1726 2457 1823 2489 modo
1834 2456 1927 2487 miles
1940 2479 1951 2495 ,

1209 2520 1392 2558 Mercator,
1414 2525 1452 2549 tu
1468 2520 1629 2555 consultus
1642 2519 1750 2550 modo.

1211 2581 1271 2624 Et
1290 2584 1502 2624 consultor
1518 2578 1633 2637 apud
1651 2578 1844 2623 eundem
1856 2612 1869 2635 ,
1887 2595 1925 2622 v.
1942 2595 1992 2622 ιο
2008 2596 2017 2621 z

1209 2650 1277 2682 Sub
1290 2650 1508 2691 gallicantum
1523 2648 1688 2680 consultor
1701 2647 1757 2678 ubi
1771 2649 1852 2678 ostia
1867 2648 1987 2689 pulsnt.
2010 2652 2052 2681 H.

1265 2712 1331 2756 86.
1351 2713 1568 2766 Causaque
1579 2711 1742 2764 agenda
1753 2713 1827 2751 sui
1836 2713 1910 2751 est.
1926 2709 2055 2752 Unus

1210 2777 1448 2821 Vaticanus
1469 2784 1512 2819 et
1532 2774 1756 2818 Palatinus
1769 2806 1780 2828 ‚
1803 2777 1926 2816 subil.
1942 2774 2057 2817 Rot-

1211 2840 1556 2897 tendorphianus
1572 2872 1583 2894 ,
1604 2843 1755 2882 subest.
1785 2838 1933 2882 Scribe
1953 2855 2056 2882 cum

1213 2906 1416 2951 Politiani
1442 2904 1588 2949 codice
1610 2938 1622 2960 ,
1651 2921 1863 2960 causaque
1893 2907 2057 2960 agenda

1210 2974 1282 3013 sui
1294 2976 1360 3013 est
1371 2987 1384 3013 .·
1402 2970 1469 3013 sui
1482 2970 1611 3026 ipsius
1627 2985 1751 3012 causa
1765 3002 1777 3023 ,
1792 2985 1884 3013 non
1903 2969 2056 3011 aliena.

1266 3038 1331 3092 87.
1359 3038 1484 3079 Hunc
1511 3038 1648 3080 Venus
1666 3052 1689 3078 e
1706 3039 1869 3090 lempltlr
1889 3044 1968 3078 etc.
1999 3036 2056 3078 Et

1210 3118 1312 3144 vere
1333 3100 1510 3157 quidem
1528 3118 1538 3153 ;
1560 3116 1642 3143 nec
1668 3100 1730 3143 ita
1748 3100 1898 3157 procul
1916 3118 1941 3144 a
1958 3101 2054 3142 soro

1212 3167 1434 3211 exstabant
1451 3166 1614 3223 templa
1634 3165 1821 3209 Veneris
1834 3170 1878 3208 in
1903 3167 2020 3210 Circo
2037 3181 2051 3219 ‚·

1219 3236 1425 3284 Vatum,
1447 3234 1593 3283 Calue,
1611 3234 1815 3290 Erycina,
1829 3233 2051 3274 Cluacinoe.

1266 3299 1330 3356 89.
1355 3298 1498 3340 Cumis
1515 3313 1664 3339 venare
1683 3299 1867 3339 theatris.
1886 3296 1951 3339 Ut
1965 3295 2051 3336 duo

1213 3365 1366 3407 Romae
1393 3362 1701 3418 amphiteatra,
1729 3370 1944 3407 castrense
1965 3359 2049 3401 scil.

1213 3439 1256 3473 et
1299 3429 1556 3472 Flavianum
1581 3460 1592 3482 ,
1614 3428 1743 3484 vulgo
1786 3426 2047 3471 Colossaeum

2259 1748 2268 1780 .v.
2250 1258 2268 1735 ,κά--Μμι-Ὰνᾎῂ-ᾼῌε
2260 1216 2268 1243 --
2261 1177 2268 1206 .‹.
2252 1100 2268 1126 Σ..
2251 1022 2268 1061 J...
2263 982 2268 1003 ...
2265 945 2268 949 .
