2268 3776
612 291 1006 348 AMORUM
1057 293 1106 348 1.
1163 292 1411 349 ELEG.
1467 293 1619 349 VII.
1919 297 1982 349 31

303 407 611 471 Plecterer?
638 407 697 467 in
726 407 1005 469 dominam
1029 408 1120 490 jus
1149 409 1287 470 mihi
1313 410 1488 491 majus
1518 409 1668 470 erit?
1941 431 1994 471 30

223 505 466 568 Pessima
492 503 734 587 Tydides
763 503 1027 565 scelerum
1057 519 1416 567 monumenta
1443 504 1682 590 reliquit.

301 598 401 662 Ille
428 600 602 661 Deam
630 599 843 683 primus
872 599 1137 684 perculit3
1167 600 1305 663 alter
1332 625 1455 681 ego.

225 696 332 760 Sed
353 696 535 758 minus
565 695 657 757 ille
687 719 896 758 nocens
923 723 937 759 ε
967 697 1135 772 mihi,
1168 722 1333 783 quam
1362 697 1666 783 profitebar
1697 702 1891 774 amari,

304 795 456 856 Laesa
483 807 567 855 est
595 819 606 853 :
637 792 880 877 Tydides
910 817 1085 856 saevus
1106 794 1167 855 in
1196 794 1358 856 hoste
1387 794 1509 855 fuit.

223 891 251 951 I
276 913 449 963 nunc,
476 888 797 969 magnificos
824 890 1002 951 victor
1027 889 1223 952 molire
1255 888 1603 973 triumphos!
1939 912 1993 954 35

308 992 483 1073 Cinge
512 1016 725 1054 comam
753 991 937 1067 lauro;
966 1006 1206 1076 votaque
1236 990 1404 1053 redde
1431 991 1594 1052 Jovi:

225 1094 476 1181 Quaeque
507 1111 635 1158 tuos
664 1120 858 1159 currus
888 1096 1183 1159 comitatus
1214 1096 1378 1158 turba
1408 1111 1697 1181 sequetur,

307 1197 522 1261 Clamet
551 1224 563 1261 :
591 1201 689 1261 Io!
722 1200 855 1262 forti
883 1201 1026 1263 victa
1053 1198 1241 1285 puella
1267 1200 1421 1262 viro!

226 1299 372 1363 Ante
402 1316 490 1364 eat
517 1300 695 1364 effuso
724 1303 898 1365 tristis
926 1303 1140 1388 captiva
1169 1302 1373 1388 capillo
1396 1349 1413 1376 ‚

308 1403 369 1464 Si
398 1403 642 1467 sinerent
668 1405 838 1481 laesae,
870 1407 1104 1469 candida
1135 1421 1277 1481 tota,
1308 1429 1475 1486 genae.
1948 1426 2002 1481 4ο

192 1559 193 1562 ,
229 1504 435 1589 Aptius
463 1506 746 1591 impressis
777 1522 893 1570 erat
922 1533 985 1570 os
1014 1508 1181 1570 livere
1210 1507 1428 1570 labellis
1450 1554 1466 1582 ,

310 1609 386 1669 Et
413 1607 558 1670 collo
588 1609 781 1671 blandi
804 1611 986 1673 dentis
1014 1611 1220 1674 habere
1247 1626 1456 1674 notam.

232 1709 514 1795 Denique,
540 1712 589 1773 si
616 1713 815 1775 tumidi
841 1714 956 1775 ritu
986 1715 1248 1777 torrentis
1282 1714 1516 1795 agebar,

231 1879 336 1924 tiam
347 1879 642 1937 interpulsam
657 1889 702 1926 et
714 1884 930 1927 verberate
942 1915 954 1939 ,
970 1898 1077 1941 quo·

1287 1893 1443 1938 Namque
1453 1894 1514 1926 eui
1526 1892 1655 1926 nuum
1671 1890 1879 1925 οειοηδίῑο
1893 1904 2008 1927 none·

229 1959 332 1988 rum
352 1944 435 1989 hoc
454 1945 647 2004 gravius,
669 1955 714 1991 et
732 1946 831 1991 ideo
851 1965 874 1992 a
893 1947 1077 1993 Cicero-
1156 1949 1533 1992 romine-inpurum,
1545 1947 1710 1981 *Μ’*
1722 1948 1857 1981 '³⁶¹0‘3·
1868 1949 2006 1981 ‘mk--

229 2024 370 2067 rone,
405 2011 545 2054 Civem
576 2014 792 2056 verberare
818 2015 959 2057 scelus
986 2028 1077 2057 esse

231 2072 361 2128 «ticin
391 2074 510 2132 quod
534 2075 696 2121 Noster
720 2075 774 2120 ad
791 2081 1079 2134 pulsationem

230 2154 310 2197 per
317 2140 694 2199 exaggerationem
703 2142 1082 2200 transtulit,quum

232 2220 389 2249 manus
405 2221 503 2251 suas
527 2239 540 2263 ,
573 2210 702 2251 cedis
720 2211 972 2266 scelerisque
991 2214 1082 2254 me·-

232 2273 390 2314 m‘stms
403 2279 542 2315 vocet.
561 2271 725 2318 Bmufl.

288 2335 314 2378 3
321 2352 355 2379 1.
370 2336 577 2381 Scelerum
588 2344 865 2383 monumenta.
873 2339 1083 2383 Francius

237 2399 424 2444 malebat
438 2432 451 2456 ,
483 2404 734 2447 documenta
762 2421 774 2447 .·
802 2404 912 2448 nihil
941 2420 1083 2461 opus;

239 2472 356 2508 amat
373 2465 534 2511 Noster
547 2467 666 2511 illam
680 2484 834 2513 vocem
854 2485 1085 2513 monumen-

239 2532 306 2572 ta.-
315 2527 362 2572 in
374 2529 463 2574 fine
479 2531 639 2589 Elegiae
650 2538 774 2589 signa
783 2534 1086 2579 vocatBunu.

293 2593 361 2638 33.
376 2597 440 2638 Et
451 2600 589 2641 minus
600 2600 675 2641 ille
683 2614 840 2642 nocens
853 2615 866 2642 .-
886 2615 952 2642 me
966 2615 1088 2656 quam

230 2661 462 2717 profitebar
483 2678 626 2706 amare
643 2696 655 2718 ,
691 2666 816 2708 Lusi.
848 2664 963 2722 Lege
981 2697 993 2719 ,
1025 2666 1093 2708 At

239 2729 400 2776 mrbus,
437 2735 512 2770 aut
538 2744 642 2771 cum
665 2727 927 2772 Sarraviano
946 2762 959 2784 ,
993 2731 1089 2790 Sed.

240 2788 417 2834 Deinde
438 2791 710 2849 Puteaneus,
727 2796 849 2846 mibi,
866 2811 1089 2851 quampro-

226 2856 393 2917 fitebqr
401 2863 558 2909 amati,
579 2860 704 2902 Lesa
717 2863 788 2902 sit.
809 2859 942 2916 Lege,
966 2861 1090 2903 Lesa

242 2923 311 2961 est
325 2933 341 2961 .·
360 2934 465 2963 nam
480 2922 770 2967 Farnesianus
789 2931 834 2967 et
854 2922 1020 2967 Douzae
1036 2923 1092 2966 li-

242 2984 324 3028 ber
333 3017 346 3040 ,
366 3001 432 3030 me
444 3004 568 3044 quam
574 2992 805 3047 pmfitebar
811 3006 955 3033 amam
967 2983 1092 3034 ,ἰθέα

241 3054 323 3093 est.
342 3049 682 3098 Arundelianus:

409 3149 449 3159 ...
463 3129 550 3162 Mihi
558 3153 570 3169 ‚
589 3136 689 3173 quam
705 3132 877 3174 profitebar
889 3142 996 3164 mare
1006 3155 1019 3172 ,

245 3189 338 3222 Ian
348 3196 412 3222 est.
789 3195 925 3227 Eurus.

300 3251 368 3294 35.
381 3253 413 3294 Ι
418 3268 540 3305 nunc,
555 3257 796 3312 magnf‘ficos
807 3264 887 3300 etc.
901 3256 1092 3310 Ironice3

247 3330 340 3359 non
357 3325 451 3361 erat
469 3318 590 3362 enim
611 3319 727 3364 unde
749 3329 923 3364 tantum
941 3339 1096 3379 super-

247 3381 360 3427 biret
375 3415 388 3439 ,
418 3383 519 3441 quia
536 3417 548 3439 ,
578 3393 627 3428 ut
648 3385 708 3430 ait
730 3386 851 3443 Vix-g.
873 3386 978 3431 AEn.
999 3400 1061 3431 11:

1158 2033 1212 2043 —
1229 2012 1539 2054 Ve‘ctormolioe.
1555 2010 1733 2053 Rectius
1743 2008 1878 2053 codex
1891 2009 2012 2054 Dou-

1160 2091 1219 2120 ιε
1232 2108 1244 2130 ,
1273 2078 1430 2119 nolite.
1462 2076 1630 2119 Hnms.
1661 2074 1750 2118 Sed
1785 2076 2011 2131 sequentia

1162 2146 1308 2199 cinge,
1331 2151 1377 2187 et
1396 2144 1525 2187 redde
1538 2176 1549 2194 ,
1574 2142 1713 2200 aptius
1730 2157 1821 2185 esse
1841 2146 2010 2195 molire,

1164 2206 1338 2251 docent.
1361 2207 1526 2251 Bonna.

1218 2273 1283 2331 37.
1297 2276 1580 2318 Come'tantum
1591 2275 1714 2315 turba
1721 2277 1924 2329 sequetur.
1937 2275 2015 2317 Co-

1164 2342 1340 2382 mitatus
1375 2340 1651 2393 Puteaneus,
1673 2354 1754 2396 per
1772 2339 2015 2395 appositio—

1165 2419 1284 2447 nem.
1300 2404 1458 2447 Malim
1476 2412 1623 2447 tamen
1637 2437 1649 2459 ,
1669 2409 1912 2447 comitatrix
1925 2410 2016 2448 tur-

1167 2472 1241 2521 ba‚·
1266 2485 1372 2512 nam
1392 2470 1584 2527 optimus
1606 2470 1851 2526 Palatinus,
1873 2476 2015 2515 comi-

1168 2539 1308 2578 tatur:
1326 2535 1638 2592 Neapolitanus
1657 2543 1703 2579 et
1721 2535 1811 2578 duo
1832 2536 1899 2579 alii
1916 2569 1929 2590 ‚
1951 2554 2017 2581 co·

1168 2604 1348 2643 mitetur.
1363 2600 1393 2643 J
1397 2600 1544 2644 unian.
1556 2633 1569 2655 ,
1595 2606 1857 2645 comitantia.
1873 2602 2018 2645 Arun-

1170 2663 1380 2714 delianus,
1394 2669 2018 2723 com’taturturbaseqaeentun:

1169 2729 1239 2772 alii
1260 2729 1397 2773 aliter.
1417 2730 1585 2774 mes.
1607 2730 1704 2788 Ego
1723 2731 1900 2774 mallem
1917 2744 1928 2771 :

1169 2804 1316 2846 Quaque
1323 2811 1397 2836 tuos
1402 2815 1518 2836 currus
1524 2806 1700 2837 comitatur
1709 2805 1820 2844 turba,
1831 2803 2020 2847 frequenter

1212 2866 1337 2898 cluna
1351 2877 1360 2898 :
1376 2867 1414 2898 10
1425 2873 1489 2898 etc.

1172 2927 1258 2971 Vel
1271 2933 1531 2972 comitantur
1539 2930 1661 2971 turba
1673 2961 1685 2979 ,
1690 2928 1950 2985 frequentes.
1967 2929 2020 2972 B.

1226 2994 1293 3047 42.
1313 2995 1378 3035 Et
1393 2997 1546 3036 collum
1566 2996 1724 3036 blandi.
1747 2996 1867 3037 Collo
1880 3028 1891 3046 ,
1915 2994 2020 3037 dant

1171 3058 1319 3115 scripti
1345 3059 1559 3100 meliores.
1581 3058 1748 3102 HRINS.

1228 3123 1294 3177 43.
1311 3124 1363 3166 Si
1371 3126 1526 3166 tumidi
1533 3128 1617 3166 n'tu
1630 3128 1826 3167 tonentt‘s
1837 3126 1999 3179 agebar
2007 3159 2018 3175 ,

1173 3204 1364 3244 cecoque
1383 3204 1450 3231 me
1475 3196 1555 3232 etc.
1586 3189 1702 3245 Apte
1732 3189 1879 3232 minus
1905 3189 2022 3231 inter

1173 3269 1219 3296 se
1248 3253 1401 3309 figurae
1434 3253 1640 3297 videntur
1668 3253 1739 3298 hic
1771 3253 1990 3298 cohaerere
2010 3273 2021 3305 ;

1175 3328 1221 3362 et
1239 3319 1423 3363 celerius
1442 3329 1570 3376 poeta
1589 3336 1614 3362 a
1638 3320 1896 3377 metaphora
1924 3325 2021 3362 tor-

1177 3387 1329 3438 tentis,
1362 3383 1418 3428 ad
1442 3385 1582 3430 seram
1604 3386 1859 3429 transcurrit
1872 3419 1883 3439 ‚
1917 3385 1986 3429 cui
2009 3417 2019 3436 ‚
