2268 3776
558 296 826 354 ARTIS
876 295 1356 352 AMATORIAE
1406 299 1565 353 LIB.
1621 300 1667 352 Ι.

1876 318 1978 373 277

314 414 578 498 Exemplo
611 414 798 475 doleat
817 414 1017 474 femina
1044 413 1165 473 lusa
1192 437 1311 474 suo.

234 515 308 572 Et
331 511 559 573 lacrimae
585 525 855 594 prosunt3
885 509 1121 571 lacrimis
1148 510 1432 572 adamanta
1458 511 1704 572 movebis
1729 538 1741 571 ε

313 609 418 667 Fac
446 605 687 667 madidas
717 606 921 678 videat,
954 607 1001 666 si
1028 621 1219 689 pote8‚
1251 606 1342 666 illa
1373 630 1554 684 genas,

1905 626 1988 669 660

234 703 295 763 Si
322 702 549 763 lacrimae
566 748 580 775 ‚
608 726 787 784 neque
818 702 964 763 enim
988 704 1218 764 veniunt
1245 702 1302 762 in
1331 716 1579 787 tempore
1606 726 1842 787 semper,
1864 762 1867 765 .

313 796 622 870 Deficiunt,
652 797 759 857 uda
790 797 995 858 lumina
1022 813 1182 877 tange
1207 820 1386 858 manu.

235 891 376 971 Quis
405 892 621 975 sapiens
651 893 870 954 blandis
899 918 1014 954 non
1045 894 1271 955 misceat
1297 891 1484 954 oscula
1512 893 1731 953 verbis?

309 988 411 1050 Illa
438 989 565 1051 licet
593 1014 708 1050 non
739 991 859 1064 det,
890 1015 1007 1051 non
1040 990 1165 1052 data
1195 1013 1344 1051 sume
1376 1004 1571 1051 tamen.

231 1074 509 1174 Pugnabit
532 1087 712 1169 primo
738 1087 1016 1167 fortassis3
1047 1104 1129 1160 et,
1166 1088 1452 1171 Improbe!
1482 1086 1640 1147 dicet.

1907 1103 1990 1147 665

310 1181 617 1259 Pugnando
647 1183 789 1243 vinci
821 1182 913 1244 sed
946 1198 1127 1245 tamen
1155 1183 1250 1243 illa
1277 1181 1440 1243 volet.

93 1342 97 1347 ,
150 1360 158 1364 ⁵
231 1279 498 1351 Tantum,
531 1302 598 1339 ne
627 1294 864 1340 noceant
892 1281 1092 1341 teneris
1121 1278 1259 1341 male
1287 1294 1443 1363 rapta
1471 1277 1712 1350 labellis;

311 1375 457 1434 Neve
481 1374 635 1456 queri
664 1375 843 1460 possit
869 1375 1004 1437 dura
1031 1376 1200 1436 fuisse
1230 1399 1368 1436 cave.

236 1467 441 1529 Oscula
468 1469 564 1551 qui
594 1471 812 1543 sumsit,
843 1470 890 1531 si
915 1495 1031 1532 non
1061 1487 1117 1532 et
1147 1487 1323 1533 cetera
1348 1485 1553 1542 sumet,

314 1565 446 1624 Haec
474 1589 721 1648 quoque,
754 1590 873 1650 quae
904 1567 1029 1628 data
1051 1583 1206 1640 sunt,
1239 1567 1465 1651 perdere
1497 1566 1697 1644 dignus
1726 1566 1847 1627 erit.
1913 1583 1995 1639 670

238 1663 523 1742 Quantum
552 1662 796 1723 defuerat
822 1663 988 1746 pleno
1017 1679 1149 1748 post
1179 1664 1367 1726 oscula
1392 1666 1554 1723 voto!

316 1759 431 1819 Heia
451 1759 612 1819 mihi!
640 1761 941 1834 rusticitas,
973 1784 1087 1821 non
1115 1760 1300 1844 pudor
1327 1758 1419 1820 ille
1444 1760 1566 1819 suit.

231 1855 286 1917 .V
288 1854 362 1914 im
389 1853 516 1915 licet
544 1855 809 1938 adpelleS,
843 1871 995 1935 grata
1022 1872 1105 1917 est
1133 1857 1215 1917 vis
1246 1857 1349 1916 ista
1378 1854 1611 1939 puellis:

314 1951 485 2031 Quod
507 1952 683 2033 juvat,
715 1953 896 2013 invitae
926 1976 1065 2035 saepe
1095 1952 1307 2014 dedisse
1335 1951 1548 2012 volunt.

232 2114 374 2154 merito
383 2111 570 2167 perjuria
577 2113 746 2169 fallunt
759 2130 771 2156 .·
787 2114 904 2170 quod
918 2130 1074 2158 verum

232 2183 362 2231 puto,
385 2184 435 2219 ut
454 2177 699 2234 parenthesi
723 2178 815 2222 haec.
835 2179 1073 2222 includan-

232 2246 317 2282 tur.
339 2239 551 2296 Sequenti
581 2258 708 2285 versu
727 2275 739 2297 ‚
759 2241 926 2297 femina
950 2246 1070 2294 lusa,

234 2319 326 2346 non
346 2308 448 2347 loesa
467 2306 601 2349 codex
620 2323 747 2364 meus
762 2325 771 2358 ;
788 2316 833 2350 et
851 2307 1001 2363 placet.
1014 2307 1074 2350 H.

289 2368 642 2431 662.¹D‹fic1·unt,
664 2374 750 2414 uda
777 2375 935 2413 lumina
953 2377 1077 2426 tange

237 2449 374 2479 manu.
394 2436 571 2491 Primo,
593 2439 802 2495 Deficient
827 2437 956 2490 estjn
978 2453 1077 2480 me—

237 2499 414 2543 lioribus
430 2517 440 2552 ;
464 2499 621 2544 deinde
639 2534 650 2556 ‚
667 2507 793 2545 uncta
805 2518 929 2544 manu
950 2501 1075 2558 Regii

238 2580 339 2607 cum
350 2565 552 2609 Politiani
561 2566 705 2610 codice
716 2575 759 2610 et
768 2567 959 2624 quinque
974 2567 1079 2610 aliis.

239 2628 500 2674 Oxoniensis
514 2663 527 2686 ,
555 2637 707 2674 cuncta
733 2648 746 2674 .·
769 2641 856 2676 tres
871 2665 884 2687 ,
913 2636 1047 2675 tincta
1062 2647 1076 2674 .·

239 2692 327 2737 duo
343 2726 355 2749 ,
375 2698 490 2738 unda
508 2711 520 2737 :
539 2695 615 2738 sed
644 2702 771 2740 uncta
800 2713 955 2739 verum
981 2704 1045 2740 est
1061 2729 1075 2750 ,

240 2773 327 2814 quo
364 2758 529 2803 adludit
563 2760 961 2804 Helmaestadiensis
982 2793 994 2815 ‚
1029 2760 1076 2803 in

241 2838 327 2879 quo
355 2828 464 2867 inita
493 2824 559 2868 vel
588 2830 732 2869 tincta.
764 2825 838 2869 Sic
863 2835 907 2869 et
926 2831 1077 2869 unctas

240 2903 396 2939 comas,
409 2905 488 2945 pro
505 2896 708 2945 unguento
726 2893 934 2934 delibutas
947 2891 1015 2934 lib.
1032 2907 1075 2944 v,

240 2951 471 2995 Fastorum
491 2953 606 2997 dixit.
631 2956 751 2999 Olim
770 2962 936 3012 langere
963 2955 1079 3013 apud

240 3015 443 3058 Persium
467 3015 621 3075 Satyra
645 3032 701 3061 111
716 3051 731 3074 ,
751 3020 803 3074 43
825 3036 836 3063 ;
855 3020 1077 3076 quomodo

239 3077 312 3122 hie
330 3082 488 3123 lumina
504 3087 632 3126 uncta
651 3099 774 3126 manu
792 3091 959 3140 tangere
971 3101 984 3127 :

242 3159 331 3199 Saepe
345 3159 455 3190 oculos
469 3160 600 3190 memini
617 3162 796 3205 tangebam
809 3173 928 3204 parvus
945 3163 1053 3205 olivo,

243 3219 384 3250 Grandia
397 3219 424 3250 si
437 3220 556 3251 nollem
573 3222 722 3253 morituri
734 3222 832 3253 verba
844 3223 974 3256 Catonis

242 3280 358 3313 Dicere
367 3303 378 3321 ,
388 3288 420 3312 et
433 3281 544 3313 insano
554 3282 693 3314 multum
707 3283 867 3315 laudanda
877 3284 1042 3324 magistro.

252 3342 350 3384 Uda
388 3359 512 3386 manu
541 3350 705 3398 langere
720 3377 731 3396 ,
762 3343 939 3400 explicat
967 3345 1085 3388 sim—-

247 3405 414 3463 pliciter
433 3409 743 3465 Burmannus,
765 3418 815 3453 ut
845 3409 1092 3456 madesaetz

1156 2123 1283 2158 antea
1294 2130 1430 2157 manu
1443 2113 1589 2156 oculos
1601 2111 1824 2168 contingat
1840 2128 1851 2164 3
1866 2118 1915 2153 ut
1931 2111 1996 2153 vi·-

1156 2180 1344 2223 deantur
1364 2188 1495 2237 guttae
1514 2179 1594 2221 illae
1610 2212 1622 2232 ,
1645 2186 1853 2233 tanquam
1870 2177 1997 2221 lacri—

1155 2260 1262 2299 mae,
1298 2261 1348 2287 ex
1381 2244 1514 2287 oculis
1534 2242 1700 2286 cadere.
1722 2243 1793 2286 Sic
1821 2242 1931 2285 libro
1947 2254 1964 2283 1
1983 2274 1995 2294 ‚

1157 2310 1311 2353 Amor.
1331 2321 1420 2351 vlu
1436 2341 1449 2363 ‚
1472 2309 1550 2350 83:

1156 2385 1245 2424 Quin
1260 2384 1356 2414 etiam
1369 2383 1494 2414 discant
1511 2383 1597 2414 oculi
1611 2382 1776 2413 lacrimare
1795 2380 1895 2413 meti
1912 2403 1922 2418 ,

1196 2445 1238 2475 Et
1250 2443 1370 2474 saciant
1384 2444 1463 2475 udas
1477 2444 1534 2474 iun
1550 2443 1602 2474 vel
1619 2443 1674 2474 ‘rna
1690 2453 1783 2483 genas
1798 2454 1807 2473 :

1155 2505 1229 2548 ubi
1247 2508 1326 2547 illa
1338 2504 1405 2547 vel
1427 2507 1525 2555 illa,
1549 2512 1729 2561 possunt
1748 2503 1867 2560 capi,
1889 2517 1999 2558 quae-

1155 2586 1341 2627 cumque
1371 2578 1468 2626 apta
1494 2578 1624 2623 sunt,
1658 2569 1712 2612 ad
1734 2567 1996 2612 eliciendum

1155 2635 1275 2679 fictas
1293 2635 1500 2678 lacrimas.
1530 2634 1602 2678 sic
1629 2637 1719 2678 ude
1736 2633 1868 2677 etiam
1883 2649 1998 2686 gena

1155 2699 1360 2757 leguntur
1380 2699 1425 2742 in
1443 2714 1479 2742 11
1498 2699 1608 2743 libro
1629 2700 1882 2749 Fastorum,
1906 2696 1998 2750 406.

1209 2764 1303 2821 670.
1314 2766 1592 2821 Haecquoque.
1602 2764 1706 2807 Sen.
1716 2761 1893 2818 Hippot.
1904 2763 1999 2815 441:

1195 2842 1243 2874 At
1256 2843 1283 2873 si
1295 2843 1369 2885 quis
1382 2843 1468 2874 ultro
1481 2853 1514 2872 se
1528 2842 1621 2872 malis
1632 2841 1725 2872 offert
1741 2840 1853 2871 volens
1865 2863 1879 2878 ,

1197 2906 1300 2946 Seque
1316 2905 1384 2945 ipse
1397 2909 1526 2944 torquet
1537 2927 1549 2942 ,
1559 2902 1702 2943 perdere
1712 2909 1759 2932 ext
1769 2902 1889 2941 dignus
1905 2899 1989 2932 bona

1197 2965 1300 3005 Queis
1317 2965 1418 2995 nescit
1432 2965 1493 2994 uti.
1739 2963 1876 2994 noun.

1211 3025 1262 3082 57
1272 3042 1287 3067 1
1295 3057 1304 3067 .
1333 3027 1464 3067 Pleno
1470 3028 1574 3078 post
1581 3025 1727 3065 oscula
1737 3027 1844 3064 voto.
1864 3025 1999 3065 Facto

1159 3090 1189 3132 J
1191 3090 1303 3132 ureti
1322 3096 1366 3131 et
1387 3086 1594 3130 Intimelii
1605 3086 1723 3129 liber.
1736 3088 1868 3129 Forte
1881 3086 2002 3142 ,sut-

1158 3160 1213 3196 to.
1236 3152 1356 3197 Nihil
1373 3161 1592 3196 mutarem
1603 3184 1616 3206 ,
1630 3152 1729 3196 licet
1749 3151 1867 3195 enim
1871 3151 2002 3206 sacto

1159 3217 1366 3275 explicare
1381 3232 1617 3273 possemus,
1628 3225 1677 3260 ut
1688 3216 1802 3274 apud
1814 3217 1877 3260 Pe
1883 3224 1999 3259 tron.

1159 3299 1250 3338 cap.
1263 3295 1329 3324 x1:
1343 3297 1418 3324 nec
1428 3284 1566 3325 adhuc
1582 3289 1702 3325 erant
1717 3281 2004 3335 omm'asacla.

1161 3347 1288 3390 Idem
1300 3355 1423 3389 notat
1434 3352 1571 3390 volum
1585 3348 1757 3401 Noster,
1769 3346 1897 3399 infra,
1913 3363 1932 3402 7
1942 3363 1958 3389 1
1967 3363 2006 3388 a.

1163 3411 1279 3468 quod
1299 3411 1430 3457 etiam
1449 3411 1497 3457 in
1524 3411 1606 3458 hac
1624 3428 1672 3459 re
1693 3411 1937 3470 proprium*
