2268 3776
362 304 464 374 114

802 302 866 353 P.
934 299 1235 355 OVIDII
1287 298 1661 359 NASONIS

435 417 808 501 Conspicuam
837 413 987 475 fulvo
1018 414 1213 477 vellere
1241 418 1387 477 vexit
1413 443 1586 479 ovem.

352 520 406 579 Ο
434 518 670 587 utinam,
703 538 855 576 remo
886 537 956 574 ne
988 513 1112 597 quis
1141 514 1279 574 freta
1307 512 1477 594 longa
1497 531 1772 588 moveret,

427 624 583 700 Argo
610 619 855 679 funestas
878 642 1067 701 pressa
1092 618 1332 678 bibisset
1359 621 1557 702 aquas!

342 728 484 786 Ecce
513 722 660 801 fugit
687 736 993 804 notumque
1024 736 1235 793 torum,
1261 722 1554 805 sociosque
1583 725 1847 797 PenateS‚

421 826 773 907 Fallacesque
801 825 916 884 vias
942 825 1023 884 ire
1054 822 1299 884 Corinna
1324 840 1498 907 parat.

339 929 497 1011 Quid
529 928 662 999 tibi,
691 952 777 988 me
804 927 1095 987 miserum!
1128 928 1413 1011 Zephyros
1438 930 1735 1011 Eurosque
1764 929 1972 990 timebo
1989 977 2005 1003 ‚

416 1034 494 1091 Et
522 1028 765 1109 gelidum
791 1031 1041 1102 Borean·⁷
1073 1028 1457 1113 egelidumque
1486 1032 1742 1091 Notum?
2071 1065 2117 1092 ιω

332 1137 464 1196 No'n
491 1133 605 1194 illic
634 1133 831 1204 urbes,
863 1157 980 1192 non
1010 1147 1073 1192 tu
1101 1133 1369 1194 mirabere
1397 1132 1594 1194 silvas:

411 1239 541 1296 Una
567 1249 653 1296 est
681 1234 874 1316 injusti
902 1233 1097 1295 caerula
1122 1234 1302 1296 forma
1327 1236 1509 1296 maris.

329 1415 642 1477 Symplegades
681 1416 736 1469 (a
765 1411 1035 1470 συμπλῆσσω)
1057 1412 1176 1456 dice-

322 1486 486 1528 bantur
503 1515 515 1536 ,
537 1497 668 1538 rupes
687 1479 899 1536 intelligit.
915 1480 1009 1522 Has
1028 1487 1178 1522 autem

324 1560 466 1609 poetae
493 1549 611 1593 inter
627 1564 672 1592 se
693 1563 931 1590 concurrere
953 1562 1178 1589 commen·

324 1616 390 1660 titi
412 1623 515 1659 sunt
529 1647 540 1668 ,
565 1613 665 1670 quia
685 1627 819 1669 parvo
842 1610 1084 1654 admodum
1103 1610 1176 1652 in-

322 1680 504 1724 tervallo
533 1679 751 1728 discretae,
784 1675 1040 1720 coeuntium
1066 1691 1175 1732 spe—

319 1747 436 1790 eiem
456 1744 608 1802 procul
624 1741 860 1786 visentibus
876 1741 1085 1798 praebent.
1102 1741 1172 1784 De

322 1811 390 1854 his
424 1810 611 1863 Strabo,
646 1822 663 1851 1
696 1817 741 1852 et
773 1821 839 1859 113
871 1807 985 1850 Plin.
1007 1820 1082 1860 1v,
1110 1823 1172 1848 12.

324 1877 422 1919 Illas
452 1875 618 1931 poetice
656 1873 977 1928 descripserunt
993 1905 1005 1926 ,
1043 1870 1174 1928 Apol-

322 1941 410 1984 lon.
426 1939 571 1984 Rhod.
590 1952 653 1993 11,
673 1939 766 1981 318.
786 1938 935 1981 Valer.
948 1938 1087 1981 Flacc.
1104 1950 1169 1992 IV,

323 2006 398 2050 56ι
419 2039 430 2061 ,
454 2021 545 2062 sqq.
569 2004 759 2047 Homeri
779 2012 964 2059 uterque
983 2003 1171 2060 vestigiis

321 2071 524 2113 insistens
539 2102 551 2124 ,
575 2068 732 2127 odyss,
754 2062 799 2112 Μ’
828 2101 839 2121 ,
863 2069 917 2125 59
933 2100 946 2120 ,
967 2083 1057 2123 sqq.
1082 2082 1169 2123 quo

319 2153 371 2179 ex
389 2135 485 2178 loco
500 2167 512 2188 ,
545 2135 622 2191 74,
643 2133 844 2190 colligere
867 2141 931 2175 est
951 2148 1030 2176 cur
1053 2135 1170 2189 Cya-

317 2216 404 2243 neae
423 2198 700 2242 dicerentur:

496 2266 638 2320 Νεφέλη
667 2266 707 2306 δέ
725 2281 794 2317 μιν
815 2262 1046 2319 ἄμφιόἕέηκε

371 2331 534 2379 Κυανέη.
564 2349 598 2372 κ.
627 2349 662 2372 τ.
686 2333 720 2370 λ.

371 2396 409 2447 4.
442 2396 718 2449 Conspicuam
729 2391 856 2447 fulvo
875 2394 1024 2435 vellere
1050 2396 1171 2434 vexit

315 2474 442 2502 ovem.
459 2458 529 2500 De
547 2473 680 2500 aureo
702 2457 892 2516 Phryxei
913 2457 1056 2500 arietis
1072 2457 1167 2500 vel-

313 2526 404 2569 lere
431 2525 475 2567 in
507 2524 659 2579 vulgus
694 2524 843 2566 omnia
877 2532 994 2566 nota.
1026 2523 1164 2567 Unde

315 2599 465 2633 ortum
482 2588 626 2631 sabula
647 2587 843 2642 duxerit,
868 2589 1005 2631 varias
1028 2597 1071 2631 et
1093 2589 1164 2632 ri-

314 2656 476 2700 diculas
502 2671 647 2698 causas
669 2655 861 2697 afferunt
889 2655 1164 2711 interpretes.

315 2722 478 2765 Totam
487 2735 593 2762 vero
606 2735 720 2772 rem,
741 2718 1015 2762 nobilitatam
1032 2721 1163 2763 maxi-

313 2803 385 2829 me
413 2786 613 2829 instituto
644 2783 798 2826 ordine
823 2784 1022 2839 equitum
1042 2786 1163 2828 aurei

311 2853 498 2907 velleris,
515 2851 696 2895 excussit
716 2850 934 2893 Rabener.
954 2850 1161 2894 Amaenit.

315 2918 533 2974 Philolog.
550 2934 592 2974 p.
618 2916 694 2976 ¹93
713 2949 724 2972 ,
757 2916 849 2972 sqq.

369 3003 404 3044 7.
425 2986 657 3040 Notumque
677 2989 821 3026 torum.
833 2985 1063 3037 Nolamque
1080 2984 1161 3024 do-

310 3067 418 3092 mum
431 3083 442 3104 ,
468 3049 633 3092 Moreti
651 3067 662 3100 3
691 3058 735 3092 et
753 3049 814 3091 ita
834 3050 999 3091 domum
1023 3055 1068 3089 et
1080 3063 1160 3102 pe·-

311 3121 433 3158 nates
457 3115 582 3171 iungi
602 3114 740 3157 solere
767 3113 893 3156 docet
921 3113 1074 3155 Burm.
1105 3112 1158 3154 ad

310 3180 410 3222 val.
433 3179 570 3223 Flacc.
608 3193 700 3233 vn,
731 3182 798 3222 50.
817 3202 873 3211 --
900 3180 1158 3234 Paln'osque.

317 3245 519 3300 Uterque
535 3244 606 3286 lib.
623 3243 849 3286 Maffeian.
860 3247 1161 3298 soct‘osquepe-

311 3316 442 3352 nates.
456 3308 586 3352 CIOF.
608 3309 829 3364 Sociosque
838 3308 996 3364 scripti.
1011 3307 1158 3363 Nupta

312 3375 434 3417 enim
457 3375 670 3427 Corinna,
686 3383 735 3416 ut
753 3383 874 3430 patet
893 3390 943 3416 ex
958 3373 1080 3429 Eleg.
1093 3386 1156 3425 lv,

308 3440 380 3483 lib.
405 3454 447 3495 1,
472 3449 515 3483 et
535 3439 605 3483 lib.
628 3455 689 3493 11,
708 3441 864 3496 Elegia
894 3453 959 3494 11,
997 3448 1089 3492 turn
1113 3449 1155 3482 et

1262 1415 1354 1458 aliis
1364 1415 1480 1458 locis.
1492 1415 1564 1458 De
1576 1419 1706 1458 sociis
1713 1420 1940 1471 penalibus
1958 1419 2113 1462 monui

1261 1479 1314 1522 ad
1334 1479 1471 1536 Epist.
1491 1493 1523 1522 v
1542 1512 1554 1534 ,
1574 1496 1684 1524 vers.
1711 1481 1799 1524 125.
1822 1482 1998 1527 ΗΕΙΝε.

1319 1558 1382 1585 ιο.
1411 1545 1475 1585 Et
1489 1546 1671 1599 gelidum
1693 1547 1863 1588 Borean
1876 1580 1886 1597 ‚
1904 1552 2110 1604 proectjm‘-

1257 1612 1415 1664 temque
1434 1610 1602 1653 Notum.
1613 1611 1782 1652 Borean
1799 1616 1844 1653 et
1852 1614 2111 1668 gelidumque

1257 1674 1437 1724 Notum,
1473 1673 1726 1717 Puteaneus
1757 1682 1802 1717 et
1832 1674 2108 1719 Arundelia-

1253 1753 1348 1781 nus.
1365 1737 1532 1793 Scribe,
1549 1741 1832 1796 egelidumque
1850 1756 1862 1782 .·
1883 1741 2107 1797 quomodo

1252 1803 1446 1859 agnoscit
1467 1803 1637 1846 Seneca
1658 1803 1730 1847 lib.
1745 1817 1799 1855 11,
1820 1803 2104 1849 Controvers.

1252 1881 1294 1910 x,
1324 1867 1472 1910 Etiam
1506 1868 1552 1911 in
1587 1868 1793 1924 Epitome
1827 1870 1880 1912 ab
1922 1869 2104 1914 Andrea

1251 1933 1436 1978 Schotto
1447 1934 1575 1978 edita.
1596 1937 1693 1980 Non
1701 1938 1973 1992 gelidumque,
1988 1937 2106 1981 Nea-

1250 2000 1467 2056 politanus
1501 2009 1545 2044 et
1572 2000 1757 2054 tresalii
1784 2017 1794 2044 ε
1822 2000 1934 2055 duo,
1949 2010 2102 2057 praele—

1241 2068 1478 2123 pidumque.
1509 2067 1676 2110 HEINS.
1708 2065 1823 2109 Vide
1844 2068 1970 2111 Voss.
1997 2068 2103 2111 Inst.

1253 2131 1380 2175 Orat.
1409 2131 1481 2174 lib.
1501 2145 1532 2174 v
1547 2164 1558 2185 ,
1581 2147 1672 2188 cap.
1694 2144 1732 2173 11
1747 2164 1759 2185 ,
1782 2130 1818 2187 S.
1841 2149 1878 2175 2.

1309 2214 1324 2239 1
1333 2214 1370 2239 2.
1383 2196 1552 2252 Injustt'.
1564 2196 1594 2238 J
1598 2196 1801 2250 unianus,
1812 2201 1984 2240 incerti:
1995 2196 2021 2239 d
2027 2213 2099 2251 uo,

1246 2265 1374 2304 emili
1393 2277 1406 2304 :
1434 2260 1504 2303 alii
1527 2260 1640 2316 dun,
1665 2266 1799 2305 iamsi
1811 2278 1824 2305 .·
1848 2263 1962 2305 sorte
1980 2295 1992 2317 ,
2023 2268 2099 2307 in·-

1228 2327 1344 2381 fid1⁰;
1371 2333 1420 2367 ut
1438 2325 1571 2369 Trist.
1592 2340 1642 2369 1v
1657 2359 1668 2381 ,
1692 2326 1814 2383 Eleg.
1837 2341 1912 2382 lv,
1935 2327 1992 2370 60
2013 2344 2024 2370 :

1285 2395 1355 2427 Nec
1370 2396 1478 2427 minus
1491 2395 1598 2439 i'fida
1614 2403 1702 2427 terra
1718 2397 1852 2428 timetur
1867 2409 1964 2440 aqua.

1246 2457 1402 2515 virgil.
1421 2470 1440 2499 1
1456 2490 1469 2513 ,
1495 2457 1657 2515 Georg.
1684 2460 1767 2513 254
1787 2474 1798 2502 t

1243 2532 1287 2564 Et
1301 2533 1433 2575 quaudo
1447 2532 1589 2577 infidum
1603 2533 1700 2564 remis
1715 2534 1883 2576 impellere
1897 2545 2038 2567 marmor

1245 2593 1437 2625 Conveniat.

1243 2655 1397 2697 Posset
1417 2663 1461 2699 et
1479 2656 1632 2711 infesti
1639 2690 1650 2708 ‚
1674 2665 1724 2699 ut
1738 2670 1757 2699 1
1770 2689 1782 2711 ,
1803 2657 1935 2700 Trist.
1956 2673 2001 2711 x,
2020 2658 2093 2702 26:

1240 2724 1319 2754 Plus
1332 2723 1429 2754 habet
1442 2724 1560 2755 infesta
1575 2732 1662 2755 terra
1676 2725 1803 2756 timoris
1820 2737 1915 2767 aqua.
1934 2726 2068 2758 ΗΕΚΝ-ς.

1240 2807 1297 2816 -
1314 2784 1477 2828 Sensus
1497 2794 1563 2829 est
1576 2801 1586 2828 :
1601 2785 1711 2829 nihil
1732 2787 1809 2830 tibi
1827 2796 1923 2830 tum
1945 2803 2092 2832 occur-

1240 2857 1308 2891 ret
1324 2882 1336 2902 ,
1358 2849 1440 2892 nisi
1460 2850 1588 2894 facies
1608 2856 1826 2903 immensi,
1859 2859 2093 2896 immensu—

1238 2918 1387 2958 rabilis
1426 2918 1548 2972 ponti
1574 2951 1586 2972 ,
1626 2919 1804 2976 majoris
1844 2920 2057 2962 nimirum
2079 2953 2089 2974 ,

1240 2997 1372 3037 quam
1389 2991 1437 3024 ut
1451 2983 1582 3039 possit
1597 2984 1747 3027 oculus
1768 2985 2013 3041 complecti.
2024 2985 2092 3027 Eo

1238 3046 1360 3089 enim
1388 3064 1518 3090 sensu
1540 3049 1788 3106 accipienda
1810 3066 1891 3092 vox
1911 3051 2091 3106 injusti,-

1239 3127 1331 3154 non
1362 3122 1412 3155 ut
1441 3113 1590 3169 inepte
1628 3114 1804 3170 quidam
1822 3149 1835 3170 ,
1872 3114 1926 3157 de
1961 3116 2091 3158 maris

1237 3177 1483 3233 iniquitate,
1499 3178 1616 3234 quod
1632 3183 1762 3222 bonos
1771 3186 1817 3222 et
1825 3183 1961 3222 malos
1976 3184 2091 3224 nullo

1238 3246 1476 3286 discrimine
1495 3248 1642 3287 obruit.
1663 3245 1784 3288 Facit
1805 3244 1857 3287 ad
1878 3245 1962 3288 hoc
1983 3246 2090 3287 Vir-

1240 3308 1327 3364 gilii
1347 3309 1466 3352 locus
1482 3343 1494 3364 ,
1529 3308 1690 3366 Georg.
1713 3324 1732 3352 1
1754 3343 1766 3365 ,
1795 3311 1849 3364 34
1870 3325 1881 3352 :

1522 3385 1600 3415 Tibi
1616 3385 1746 3416 brachia
1760 3386 1896 3427 porrigit
1907 3385 2023 3416 ardens

1237 3446 1390 3487 Scorpius
1402 3470 1412 3485 ‚
1426 3452 1457 3477 et
1471 3446 1540 3479 eoeli
1552 3449 1642 3489 justa
1659 3447 1733 3487 plus
1741 3454 1843 3488 parte
1860 3447 2028 3487 relinquit,
