2268 3776
624 158 650 178 l

608 297 1000 355 AMORUM
1044 298 1130 351 11.
1174 295 1418 352 ELEG.
1462 296 1572 353 VI.

1904 302 1977 374 95

285 419 361 479 Et
382 414 560 495 rigido
590 428 802 476 teneras
826 437 1011 493 ungue
1042 427 1231 473 notate
1258 436 1439 491 genas.

207 512 447 576 Horrida
471 537 574 596 pro
604 511 814 574 moestis
844 510 1080 572 lanietur
1105 509 1295 594 pluma
1323 507 1568 594 capillis:
1961 531 1986 573 ς.

289 612 400 672 Pro
428 609 595 690 longa
622 623 883 671 resonent
911 608 1150 670 carmina
1179 621 1357 669 vestra
1387 607 1537 668 tuba.

210 707 365 789 Quid
398 707 574 769 scelus
604 707 819 768 Ismarii
850 707 1117 791 quereri&
1154 704 1489 777 Philomela,
1523 704 1783 789 tyranni?

289 803 519 888 Expleta
546 819 631 866 est
658 805 816 866 annis
847 805 951 866 ista
986 802 1208 889 querela
1241 803 1374 864 suis.

209 899 376 963 Alitis
406 902 464 962 in
489 925 620 964 rarae
643 903 904 964 miserum
936 902 1197 963 devertite
1224 900 1409 962 sunus.

292 997 524 1078 Magna,
556 999 653 1062 sed
679 992 916 1084 antiquiss
951 1023 1112 1061 causa
1135 998 1345 1060 doloris
1377 1001 1508 1083 Itys,
1938 1030 1987 1058 w

215 1094 449 1171 OmneS‚
480 1121 600 1181 quae
629 1097 842 1181 liquido
875 1097 1090 1159 libratis
1120 1098 1179 1157 in
1207 1121 1327 1158 aere
1356 1120 1586 1169 cursus;

295 1193 383 1253 Tu
414 1208 595 1256 tamen
624 1210 749 1256 ante
780 1193 940 1269 alias,
976 1210 1160 1257 turtur
1189 1195 1387 1267 amice,
1421 1193 1565 1255 dole.

214 1287 385 1351 Plena
410 1290 518 1352 fuit
545 1293 707 1354 vobis
739 1293 891 1354 omni
919 1292 1217 1354 concordia
1245 1292 1381 1364 vita,

298 1388 375 1448 Et
401 1389 554 1450 stetit
583 1389 652 1451 ad
679 1390 844 1452 finem
873 1390 1042 1470 longa
1071 1405 1343 1473 tenaxque
1369 1387 1523 1449 fides.

219 1549 334 1592 infra
371 1548 443 1593 lib.
479 1563 535 1594 111
552 1583 564 1606 ‚
601 1550 722 1608 Eleg.
753 1565 791 1594 11
809 1569 819 1604 ;
859 1559 903 1595 et
926 1551 1030 1595 hinc
1050 1585 1062 1608 ,

212 1616 402 1670 pandere
420 1618 601 1660 velorum
620 1619 736 1668 alas,
766 1617 958 1661 Maroni.
979 1618 1038 1661 H.

281 1683 318 1724 5.
347 1683 532 1725 Horrida
541 1699 621 1738 pro
649 1686 811 1726 mestis
839 1691 920 1727 etc.
963 1683 1068 1739 Qua

226 1745 366 1804 figura
384 1751 529 1791 aza-ste·
541 1747 678 1804 capilli
695 1747 860 1805 possint
878 1747 947 1792 hic
967 1749 1064 1799 dici,

225 1815 305 1855 νιζτ.
319 1813 438 1855 videt
450 1811 696 1856 Burmann.
724 1821 768 1856 et
787 1816 897 1856 culti
911 1814 1032 1857 malit
1053 1845 1066 1869 ‚

167 1868 176 1876 ⁶
227 1870 250 1915 τ’(
275 1877 351 1934 qui
390 1877 610 1936 eleganter
623 1911 639 1934 ,
675 1879 819 1936 inquit
839 1912 852 1935 ,
894 1882 1069 1924 horrida·

215 1945 370 1999 pluma
388 1953 730 2001 opponerentur.
753 1945 949 2003 »Figura
960 1962 1070 2004 poe-

225 2007 278 2052 tis
296 2007 568 2052 usitatissima
586 2013 732 2053 mesti
755 2008 962 2054 dicuntur
987 2028 1069 2055 ca—

223 2072 336 2129 pilli,
359 2073 480 2131 quia,
497 2090 635 2132 quum
649 2074 855 2132 innomi,
878 2092 1070 2134 praeser-

225 2143 394 2200 timque
413 2145 590 2195 laniati,
622 2143 740 2188 haud
770 2144 902 2189 dubia
933 2162 1071 2190 mas-

225 2211 330 2259 titiae
345 2207 467 2266 signa
485 2208 736 2266 praeferunt.

280 2273 320 2317 6.
334 2275 419 2317 Pro
426 2276 554 2330 longa
567 2279 765 2319 resonent
774 2281 964 2320 camina
975 2293 1074 2321 vcs-

229 2344 297 2382 tm
327 2341 440 2382 tuba.
471 2341 658 2396 Longa5
700 2349 775 2384 aut
800 2341 963 2398 prolixe
991 2359 1073 2387 so-

230 2402 371 2458 nanti,
392 2405 506 2461 aut(
518 2403 636 2460 quod
656 2405 792 2463 magis
810 2406 973 2463 placet)
997 2407 1075 2450 di-

232 2476 361 2512 recta.
388 2469 504 2514 Nam
529 2478 573 2514 et
599 2471 839 2517 cornicines
869 2473 914 2516 in
935 2473 1076 2516 sune-—

233 2533 351 2578 ribus
369 2533 700 2580 adhibebantur.
738 2538 895 2582 Horat.
933 2538 1076 2582 Serm.

233 2599 344 2643 libro
363 2600 532 2657 primo,
555 2601 698 2662 Satyr.
717 2617 791 2659 w,
815 2605 867 2659 42
891 2619 902 2647 :

452 2702 492 2713 ...
507 2680 556 2712 At
567 2681 620 2713 hic
629 2706 641 2723 ‚
655 2683 683 2713 si
697 2683 840 2724 plaustra
853 2683 992 2716 ducenta
1002 2708 1013 2724 ,

235 2739 496 2781 concurrantque
506 2738 578 2771 soro
590 2740 652 2771 tria
668 2739 802 2780 funera,
820 2752 935 2782 magna
953 2742 1079 2774 sonabit

237 2798 369 2831 Cornua
381 2800 470 2843 quod
483 2802 656 2844 vincatque
669 2802 779 2834 tubas.
868 2804 1034 2836 MARIUS.

234 2883 289 2894 --
306 2861 511 2906 Mallem:
530 2864 614 2906 Pm
625 2866 754 2920 longa
771 2869 966 2908 resonent
981 2882 1080 2909 car-

233 2930 349 2970 mina
377 2934 513 2972 rostra
536 2933 663 2983 tuba‚·
698 2940 838 2975 rostra
855 2935 950 2976 loco
970 2936 1083 2976 tuba·

234 3002 443 3039 resonent
474 2994 671 3054 lugubria
691 2997 898 3049 ,carmina
923 3011 934 3039 :
961 3015 1079 3043 reso-

232 3075 334 3106 aare
344 3060 464 3104 enim
476 3078 576 3106 cum
593 3064 832 3109 accusativo
843 3082 945 3110 casu
955 3082 1078 3111 cons-

214 3125 342 3169 xtruit
372 3126 522 3185 virgil.
543 3127 690 3186 Eclog.
712 3143 754 3184 Ι,
775 3133 825 3175 5;

233 3196 422 3230 Formosam
435 3207 584 3231 resonare
597 3198 692 3231 doces
708 3200 916 3244 Amaryllida
928 3201 1056 3232 silvam.

287 3275 328 3318 9.
363 3258 566 3303 Mili-erum
585 3262 794 3305 devmere
802 3260 954 3317 funus.
976 3263 1079 3305 De·-

237 3329 402 3375 verme,
424 3326 582 3384 scripti.
599 3327 714 3386 Lege
729 3361 740 3382 ,
763 3330 973 3371 devertere
992 3344 1005 3370 .-
1025 3327 1079 3371 ad

238 3389 526 3435 Philomelam
546 3391 666 3436 enim
685 3408 831 3436 sermo
851 3401 940 3443 est3
962 3391 1081 3449 quud

240 3474 290 3501 ex
309 3474 436 3502 versu
453 3460 648 3516 proxime
663 3459 864 3514 sequenti
881 3458 981 3503 satis
998 3458 1077 3502 ad-

1146 1561 1283 1610 paret.
1298 1551 1456 1595 Malim
1478 1565 1653 1609 quoque
1672 1552 1795 1594 alitis
1813 1553 1860 1593 1⁶ae
1879 1567 1997 1602 care,

1149 1634 1282 1675 quam
1301 1635 1416 1669 ram,
1443 1618 1544 1675 quia
1564 1633 1665 1660 mox
1684 1616 1897 1673 sequitur,
1918 1623 2009 1661 mri

1138 1683 1285 1740 foma
1301 1686 1468 1727 coloris.
1490 1684 1658 1726 Hzms.

1210 1765 1270 1792 10.
1293 1750 1477 1804 Magna,
1499 1750 1582 1791 sed
1590 1752 1768 1805 antiqua
1787 1754 1858 1792 est
1872 1764 2005 1792 causo

1149 1815 1308 1858 doloris
1329 1815 1433 1872 llys.
1462 1814 1550 1856 Sed
1573 1818 1743 1870 antiqui
1765 1831 1898 1858 causa
1918 1816 2005 1858 do—

1150 1882 1264 1929 lon‘s,
1283 1878 1396 1922 bene
1412 1878 1720 1923 Sarravianus:
1737 1885 1908 1937 antique
1921 1886 2001 1932 est,

1152 1944 1490 2001 Neapolitanum
1513 1953 1732 2003 corrupte.
1756 1946 1924 1990 nnms.

1211 2026 1227 2053 1
1240 2027 1272 2053 1.
1286 2011 1476 2069 Libratis·
1488 2014 1533 2053 ia
1552 2027 1661 2054 aere.
1679 2010 1859 2068 Legitur
1871 2011 2006 2055 etiam

1151 2075 1198 2119 in
1221 2075 1539 2133 exemplaribus
1570 2076 1757 2133 aliquot,
1787 2080 1967 2120 vibratis
1988 2091 2003 2128 ‚·

1154 2156 1251 2197 quae
1281 2140 1409 2184 lectio
1444 2141 1556 2184 sorte
1587 2141 1755 2184 melior.
1796 2141 2008 2185 MAtuus.

1155 2207 1331 2249 Lz‘bmre
1351 2209 1564 2256 volatum,
1596 2206 1730 2250 Silius
1748 2239 1760 2260 ‚
1785 2220 1870 2261 XV,
1894 2208 1973 2264 427
1998 2223 2008 2249 ;

1154 2279 1281 2310 Aum-
1296 2291 1436 2321 puerum
1451 2281 1596 2322 rapiebat
1612 2281 1654 2311 ud
1667 2281 1783 2312 euber-
1796 2292 1902 2323 penu·
1914 2305 1926 2322 ,

1154 2342 1217 2373 Per
1228 2342 1331 2373 nubes
1343 2342 1467 2384 Aquila
1480 2366 1491 2382 ,
1514 2343 1637 2375 intento
1651 2343 1765 2374 libra-1·
1780 2344 1902 2375 volatu.

1158 2402 1231 2447 Sic
1269 2403 1391 2446 enim
1432 2420 1484 2447 ex
1523 2404 1699 2461 optimis
1739 2406 2009 2450 membranis

1155 2470 1448 2515 scribendum.
1471 2471 1638 2516 Hnms.

1217 2552 1278 2578 12.
1311 2537 1355 2578 T
1347 2541 1467 2579 artur
1479 2541 1634 2586 amice,
1657 2538 1765 2580 dole.
1788 2536 1868 2581 Est
1888 2538 2009 2581 enim

1158 2600 1366 2645 naturalis
1385 2601 1585 2658 quaedam
1605 2602 1723 2645 inter
1737 2602 1952 2647 Turtures
1965 2612 2012 2648 et

1158 2666 1369 2711 Psittacus
1388 2667 1588 2710 amicitia.
1605 2668 1772 2711 Plinius
1784 2701 1795 2722 ,
1820 2669 1930 2712 libro
1953 2684 1980 2712 x
1998 2701 2015 2724 ,

1157 2749 1249 2790 cap.
1273 2735 1337 2792 74.
1369 2734 1531 2778 Noster
1550 2735 1687 2792 Epist.
1709 2750 1793 2789 XV,
1817 2737 1899 2779 38:

1158 2802 1201 2832 Et
1213 2802 1304 2843 niger
1314 2814 1334 2833 ι
1348 2803 1446 2834 viridi
1461 2805 1589 2834 Tui-tur
1601 2811 1729 2834 amatur
1742 2815 1814 2834 ave.
1845 2805 1988 2837 thsx.

1165 2865 1210 2907 T
1202 2869 1471 2908 urlurarm‘ca
1486 2899 1497 2915 ‚
1523 2881 1637 2908 unus
1658 2865 1896 2909 Vaticanus
1919 2900 1931 2918 ‚
1966 2875 2013 2909 et

1160 2930 1324 2987 Regius
1344 2947 1368 2973 a
1386 2947 1524 2975 manu
1543 2929 1762 2974 secunda:
1782 2931 2009 2987 quomodo

1160 2995 1244 3039 dici
1263 3012 1383 3053 posse
1405 3005 1565 3039 notant
1585 2995 1639 3038 ad
1668 2997 1903 3054 Virgilium
1923 3014 2010 3041 ve-

1160 3072 1274 3107 teres
1296 3063 1578 3121 grammatici.
1602 3063 1770 3107 HEINS.

1220 3129 1280 3171 13.
1294 3128 1543 3183 Plenasuit.
1556 3128 1757 3172 Imitatus
1774 3127 2009 3171 claudian.

1160 3193 1269 3237 Bell.
1307 3192 1423 3236 Gild.
1452 3195 1479 3248 4
1514 3208 1525 3236 :
1568 3195 1801 3236 Concordia
1822 3194 2010 3249 fratrum

1160 3263 1296 3304 Plena
1315 3262 1435 3303 redit.

1220 3327 1280 3379 14.
1302 3327 1452 3380 Longa
1470 3331 1679 3382 tenaxque
1694 3329 1826 3384 fides.
1860 3327 2009 3383 Frag-

1160 3399 1363 3434 mentum
1385 3391 1647 3434 Patavinum
1666 3425 1679 3444 ,
1700 3401 1745 3435 et
1765 3392 1899 3436 editio
1916 3393 2010 3449 pri-

1160 3460 1423 3515 ma‚fir1r1a‚
1448 3459 1563 3501 utin
1582 3459 1713 3502 Pont.
1736 3474 1753 3503 ι
1769 3492 1781 3513 ,
1806 3473 1880 3513 ιν,
1896 3476 1943 3517 ¹7
1968 3474 1978 3500 z
