2268 3776
623 328 1015 387 AMORUM
1065 331 1114 385 I.
1157 329 1403 387 ELEG.
1459 332 1583 386 111.
1926 352 1979 387 ιι

309 445 543 529 Accipe,
575 445 670 528 qui
700 469 838 529 pura
866 443 1017 505 norit
1046 467 1222 505 amare
1242 442 1365 506 fide.

231 542 291 604 Si
316 566 402 604 me
429 565 544 603 non
572 556 816 603 veterum
845 540 1229 602 commendant
1255 563 1453 619 magna
1480 554 1769 623 parentum

312 637 577 710 Nomina3
603 638 649 698 si
673 637 851 698 nostri
879 637 1162 716 sanguinis
1190 651 1383 698 auctor
1408 660 1611 719 eques3

231 734 343 796 Nec
369 758 522 795 meus
548 734 847 795 innumeris
875 747 1167 795 renovatur
1194 755 1419 816 campus
1449 733 1641 793 aratris
1664 756 1678 805 ;

310 831 604 914 Temperat
631 845 687 892 et
714 835 927 891 sumtus
956 852 1151 914 parcus
1180 843 1410 912 uterque
1439 852 1669 912 parens;
1943 860 1991 890 10

228 927 308 989 At
334 927 606 1001 Phoebus,
639 928 974 1011 comitesque
1004 950 1228 998 novem,
1258 926 1495 1009 vitisque
1522 941 1770 1009 repertor
1788 972 1802 999 ‚

309 1024 434 1083 Hoc
461 1022 687 1098 faciant;
717 1038 794 1096 et,
826 1047 911 1084 me
943 1022 1038 1106 qui
1066 1022 1169 1083 tibi
1198 1020 1398 1093 donat,
1424 1021 1636 1094 Amor3

225 1119 301 1180 Et
328 1117 470 1181 nulli
498 1143 714 1181 cessura
736 1118 901 1192 fides3
933 1119 1051 1180 sine
1080 1117 1304 1179 crimine
1334 1140 1549 1189 mores;

303 1215 573 1300 Nudaque
603 1216 951 1301 simplicitas;
981 1238 1404 1302 purpureusque
1426 1213 1624 1299 pudor.

278 1386 316 1430 8.
336 1386 760 1443 Sinostn'sanguinis¹
774 1390 927 1431 auctor
934 1401 1068 1443 eques.

226 1449 328 1495 Fuit
348 1449 467 1495 enim
497 1467 548 1494 ex
569 1449 758 1508 equestri
786 1450 882 1495 loco
911 1458 1039 1494 natus
1055 1483 1068 1505 ‚

225 1524 275 1558 ut
293 1515 382 1573 ipse
402 1523 610 1571 testatur,
635 1516 749 1559 Fast.
769 1528 828 1570 11,
855 1532 928 1573 ¹27
949 1528 959 1555 z

223 1591 339 1623 Sancte
348 1597 439 1632 puter
450 1591 575 1633 patrino,
589 1590 649 1621 tibi
663 1590 768 1632 plebs,
781 1590 840 1621 tibi
852 1591 942 1620 curin
954 1601 1072 1622 nome-n

267 1651 341 1684 Hoc
350 1650 439 1683 dedit
451 1661 460 1684 ε
473 1651 535 1683 hoe
548 1651 696 1683 dedimus
705 1662 764 1683 uon
771 1650 830 1682 tibi
839 1661 954 1682 nomen
963 1661 1069 1692 eques.

227 1711 289 1756 Et
318 1727 511 1770 expresse
543 1712 678 1770 magis
699 1743 712 1767 ‚
755 1711 809 1755 de
842 1713 972 1756 Pont.
994 1725 1042 1755 ιν
1057 1742 1069 1766 ,

227 1777 350 1836 Eleg.
371 1790 461 1821 vm
476 1809 489 1832 ‚
515 1794 560 1835 ¹7
580 1793 591 1821 ε

221 1853 287 1884 Seu
302 1862 400 1894 genu·
415 1852 579 1892 οιοιιῑίιις
602 1851 728 1894 aquius
742 1851 783 1882 ab
798 1850 920 1892 origine
942 1850 1044 1893 prima
1058 1874 1070 1891 ‚

262 1913 380 1956 ‘Usque
394 1923 452 1955 pei·
467 1914 654 1946 innumero·
667 1913 872 1945 inveniemur
883 1923 972 1944 nvos.

224 1972 340 2029 Qum
354 1988 460 2017 vero
475 1973 608 2018 suerit
624 1973 693 2017 illa
706 2007 717 2025 ‚
744 1989 840 2031 quae
857 1973 1069 2017 natalium

218 2038 449 2096 splendore
469 2039 528 2083 ita
547 2040 807 2096 ferociebat,
844 2049 893 2084 ut
914 2040 991 2098 ipsi
1022 2040 1068 2083 in

223 2103 449 2146 Omhestm
467 2105 658 2148 senatori
680 2104 969 2149 adsidendum
990 2105 1069 2148 so-

215 2175 286 2210 ret
296 2198 308 2221 ,
322 2183 406 2212 nec
414 2177 583 2213 constat
596 2170 696 2214 satis
707 2202 720 2225 ‚
740 2171 882 2214 necin
897 2178 1068 2227 tempus

216 2239 339 2275 vacat
347 2233 585 2289 exquirere.
596 2233 769 2278 Sufficit
779 2234 862 2278 hoc
871 2235 1067 2278 nnumin

217 2296 370 2341 Ovidii
379 2298 570 2354 laudem,
587 2301 886 2347 seminaseum
895 2316 1070 2357 semper

218 2361 415 2406 ambiisse
427 2395 439 2418 ,
454 2379 550 2420 quae
561 2364 728 2422 priores
740 2365 894 2408 Romae
903 2366 1070 2409 obtine·

219 2434 334 2471 rent.
353 2448 408 2459 —·
427 2429 635 2471 Sinostn:
657 2429 835 2473 Rectius
856 2429 946 2481 alii,
977 2433 1071 2474 Nec

217 2495 365 2534 nostri.
402 2491 568 2536 HEINS.
604 2493 704 2536 Imo
730 2494 902 2552 vulgata
933 2495 1079 2551 proba

218 2563 309 2610 est,
326 2556 622 2601 etretinenda.
638 2557 752 2615 Quis
767 2558 888 2602 enim
897 2558 1070 2617 ignorat

219 2618 370 2664 Ovidii
389 2621 570 2679 stirpem
595 2631 843 2680 equestrem
858 2657 871 2680 ,
893 2633 1022 2681 atque
1043 2641 1069 2668 a

218 2686 388 2743 proavis
417 2703 555 2744 usque
589 2697 814 2732 auctorem
847 2690 1069 2748 sanguinis

218 2751 413 2808 equitem
448 2752 579 2797 fuisse
603 2752 623 2796 ?
662 2753 752 2797 Sed
783 2754 956 2799 sordida
975 2754 1068 2799 haec

219 2817 367 2861 amicae
381 2817 475 2874 eius
490 2817 716 2862 videbatur
732 2819 925 2863 conditio
941 2853 953 2875 ,
970 2836 1067 2877 quae

215 2880 459 2926 fastidiebat
488 2883 654 2940 equites
669 2916 682 2938 ‚
718 2893 763 2928 et
790 2900 881 2928 non
911 2885 994 2930 nisi
1019 2886 1066 2929 in

219 2943 457 2990 Orchestra
470 2947 623 3009 sedere
638 2949 810 2993 volebat
829 2963 839 2990 :
860 2948 1066 2995 subintel-

216 3009 300 3066 lige
322 3025 425 3068 ergo
445 3017 607 3056 tantum
626 3030 639 3056 :
658 3015 693 3058 si
713 3023 885 3059 tantum
902 3033 1035 3073 eques
1049 3051 1062 3072 ‚

215 3090 309 3118 non
332 3085 507 3120 senator
535 3079 591 3123 sit
616 3086 767 3124 auctor
786 3087 926 3126 nostri
952 3099 1065 3126 sau-

212 3146 367 3197 guinis.
387 3141 550 3186 BURM.

268 3221 308 3265 9.
328 3208 418 3250 Nec
431 3223 547 3250 meus
564 3213 790 3254 innumeris
803 3221 884 3256 etc.
902 3212 950 3257 Si
968 3229 1061 3256 non

215 3270 277 3314 ita
295 3286 394 3315 sum
416 3270 533 3315 dives
561 3275 671 3330 agris
686 3306 699 3328 ,
728 3284 777 3318 ut
793 3284 873 3320 etc.

274 3351 338 3378 10.
373 3338 594 3392 Temperat
613 3344 660 3381 et
679 3344 849 3382 sumtus.
877 3340 1034 3384 Malim
1047 3374 1060 3396 ‚

217 3397 251 3441 si
267 3414 345 3455 per
356 3401 534 3457 scriptos
551 3401 718 3446 codices
730 3402 855 3446 liceat
872 3436 884 3458 ,
899 3409 1037 3446 sumtu
1050 3417 1064 3444 .·

219 3469 269 3506 ut
281 3469 416 3508 sumtu
423 3481 504 3522 pro
512 3467 842 3512 sumtuidicatur
853 3468 1061 3528 ἀρχαῑκῶς,

1150 1392 1225 1429 aut
1250 1383 1494 1442 prepositio
1524 1380 1879 1439 subintelligatur.
1915 1379 1973 1423 H.

1210 1467 1225 1493 ι
1239 1467 1270 1493 ι.
1299 1451 1495 1505 Ιαηζσᾳιιε
1511 1452 1703 1503 repertor.
1725 1445 1797 1491 Sic
1818 1444 1993 1503 quidem

1150 1514 1196 1557 in
1226 1513 1442 1570 impressis
1466 1511 1779 1569 exemplaribus
1809 1510 1965 1567 legitur
1983 1528 1995 1560 ;

1150 1579 1226 1623 sed
1243 1578 1388 1622 nullus
1401 1578 1559 1621 decens
1571 1592 1720 1621 sensus
1734 1576 1825 1619 elici
1844 1582 1996 1632 potest.

1153 1644 1273 1687 Hinc
1298 1659 1381 1701 ego
1406 1643 1510 1686 olim
1539 1657 1734 1685 errorem
1766 1643 1844 1694 (ut
1875 1640 1995 1691 erat)

1152 1708 1398 1753 existimans
1411 1740 1423 1762 ,
1460 1708 1553 1750 sine
1587 1706 1714 1749 ullius
1744 1704 1998 1762 exemplaris

1150 1772 1405 1817 auctoritate
1422 1804 1435 1827 ,
1449 1772 1543 1815 loco
1555 1773 1675 1814 luris
1686 1803 1698 1821 ‚
1723 1771 1834 1813 Vitis
1847 1768 1997 1825 legen-

1149 1836 1257 1881 dum
1285 1853 1374 1881 esse
1413 1836 1644 1880 arbitratus
1673 1850 1784 1879 sum.
1819 1834 1878 1877 Et
1908 1833 1996 1877 hec.

1149 1919 1247 1946 mea
1262 1901 1475 1946 correctio
1486 1934 1498 1956 ,
1521 1901 1631 1946 sicut
1645 1908 1689 1944 et
1704 1899 1795 1942 aliae
1807 1899 1998 1956 complu-

1148 1969 1278 2013 resin
1293 1967 1376 2012 hoc
1391 1983 1522 2025 opere
1541 1999 1554 2021 ,
1576 1966 1643 2010 vel
1661 1964 1917 2008 doctissimis
1934 1964 2000 2006 vi-

1147 2035 1206 2079 ris
1232 2034 1402 2092 placuit.
1426 2034 1635 2077 Manus.
1666 2032 1725 2076 Et
1751 2040 1923 2089 recepta
1943 2030 1995 2074 ad

1147 2115 1229 2144 nos
1250 2115 1387 2157 usque
1410 2098 1604 2142 invaluit.

1208 2183 1269 2208 ιιι.
1284 2167 1380 2208 Hoc
1380 2165 1560 2220 [σεῖσαι
1569 2172 1650 2206 etc.
1675 2162 1787 2207 Mihi
1803 2171 1844 2205 te
1858 2160 1998 2204 conci-

1147 2230 1255 2274 lient
1270 2228 1593 2284 (deficientibus
1609 2227 1695 2271 avis
1708 2259 1720 2281 ,
1741 2225 1887 2269 fundis
1896 2225 1996 2277 etc.)

1149 2294 1292 2338 Amor
1305 2327 1318 2349 ,
1338 2291 1487 2342 Fides,
1506 2292 1696 2335 Phoebus
1710 2299 1755 2334 et
1770 2291 1911 2334 Musa
1920 2305 1997 2334 co-

1148 2362 1277 2405 mites
1295 2392 1308 2414 ,
1333 2368 1378 2403 et
1397 2356 1604 2402 Bacchus.

1207 2426 1270 2468 13.
1293 2427 1356 2468 Et
1371 2425 1484 2467 nulli
1495 2438 1679 2466 cessum.
1702 2422 1756 2466 In
1771 2422 1971 2466 Palatino
1986 2455 1998 2476 ,

1147 2491 1212 2532 Et
1228 2505 1311 2533 non
1330 2491 1510 2538 cessuri,
1534 2503 1618 2531 non
1630 2489 1755 2531 Dis...
1774 2488 1970 2531 Fortasse
1984 2521 1996 2541 ,

1147 2556 1214 2598 Et
1228 2558 1473 2597 concessuri
1484 2569 1569 2596 nou
1591 2555 1678 2596 Bes
1689 2586 1700 2602 ‚
1723 2556 1816 2596 sine
1827 2557 1997 2596 cn'nu'ae

1147 2634 1283 2662 mores
1308 2635 1322 2661 .·
1353 2618 1422 2662 vel
1453 2634 1533 2662 nec
1561 2620 1658 2662 Dt’s.
1681 2617 1802 2661 DAN.
1835 2618 2000 2662 Hnns.

1148 2682 1430 2728 Puteaneus:

1147 2754 1190 2786 Et
1207 2753 1290 2783 nulli
1310 2763 1445 2784 censur-
1460 2759 1491 2783 et
1505 2751 1566 2785 Dis
1584 2752 1652 2783 sine
1669 2751 1804 2782 erimine
1820 2761 1934 2781 mores.

1149 2814 1463 2873 Neapolitanus
1484 2823 1529 2858 et
1550 2814 1619 2858 alii
1642 2813 1835 2870 quinque
1861 2824 1871 2850 τ

1146 2881 1189 2911 Et
1206 2881 1290 2912 nulli
1303 2892 1431 2912 cessim·
1448 2882 1545 2920 fides3
1561 2882 1631 2911 sine
1645 2881 1780 2911 crimine
1797 2891 1912 2911 mores.

1151 2941 1288 2998 Quod
1304 2941 1629 2986 admittendum
1639 2957 1753 2985 reor.
1766 2942 1998 2985 H.—S1·ne

1145 3011 1318 3051 crimine
1326 3023 1472 3051 mores.
1483 3007 1609 3050 vitiis
1618 3006 1772 3060 caruit,
1788 3022 1899 3063 quae,
1912 3023 1997 3062 qua

1146 3072 1333 3126 vivebat,
1343 3072 1457 3116 aetati
1470 3071 1590 3115 facile
1600 3070 1930 3122 condonaveris3
1942 3071 1999 3113 vi-

1146 3153 1258 3180 num
1272 3138 1429 3194 quippe
1443 3169 1455 3191 ,
1475 3137 1568 3193 ipso
1584 3145 1689 3180 teste
1702 3169 1715 3191 ,
1735 3153 1845 3192 aqua
1859 3136 1995 3178 multa

1146 3202 1337 3245 diluebat
1349 3234 1362 3255 ‚
1379 3210 1424 3261 et
1438 3218 1462 3244 a
1475 3217 1715 3258 puerorum
1728 3200 1992 3245 commercio

1145 3267 1274 3324 longe
1290 3283 1464 3323 semper
1484 3266 1709 3311 abhorruit
1726 3267 1902 3309 alienus.
1920 3266 1992 3309 Sic

1143 3334 1232 3390 ipse
1247 3364 1259 3386 ‚
1283 3331 1337 3375 de
1359 3333 1490 3376 Pont.
1514 3347 1551 3375 11
1567 3365 1579 3386 ,
1603 3331 1723 3389 Eleg.
1744 3345 1814 3374 vn
1828 3364 1840 3386 ,
1863 3333 1916 3390 49
1935 3344 1947 3370 :

1146 3412 1221 3442 Vita
1236 3411 1325 3452 prior
1341 3411 1423 3442 vitio
1436 3418 1523 3442 caret
1536 3435 1546 3449 ,
1563 3418 1596 3441 et
1609 3411 1678 3441 siue
1691 3409 1763 3440 labe
1777 3417 1904 3451 peraeta
1919 3416 1965 3440 est
1982 3423 1990 3441 ·.

1189 3471 1313 3504 Auxilii
1330 3472 1448 3504 misero
1462 3472 1510 3503 nil
1524 3472 1599 3504 tulit
1614 3472 1669 3502 ina
1682 3470 1773 3501 mihi.
