2268 3776
269 291 374 362 242

737 295 802 347 P.
849 292 1147 350 OVIDII
1187 294 1564 351 NASONIS

345 416 526 491 Junge
551 427 708 472 tuum
737 412 919 486 lateri,
953 437 1116 496 quam
1141 429 1326 497 poteS,
1357 438 1533 497 usque
1563 413 1738 475 latus:

1959 435 2036 491 llffo

263 512 338 570 Et
362 510 503 570 bene
521 556 535 583 ‚
565 509 717 592 quod
745 510 920 588 cogit,
952 510 999 570 si
1026 509 1195 583 nolit,
1224 510 1368 572 linea
1390 512 1588 594 jungi3

343 607 516 687 Quod
543 607 648 667 tibi
679 607 953 686 tangenda
978 616 1069 669 est'
1086 606 1204 687 lege
1230 608 1416 691 puella
1438 608 1566 670 loci.

263 704 367 764 Hic
398 704 503 764 tibi
535 720 806 786 quaeratur
836 706 972 766 socii
1004 706 1273 766 sermonis
1304 706 1496 785 origo:

340 804 415 861 Et
443 817 698 862 moveant
721 802 932 885 primos
960 801 1186 885 publica
1215 803 1384 863 verba
1411 827 1601 864 sonos.
1671 837 1675 842 ·

262 899 435 980 Cujus
464 899 592 981 equi
621 899 868 972 veniant,
897 899 1063 959 facito
1089 897 1336 960 studiose
1362 900 1627 982 requiras.
1960 916 2036 971 145

337 999 453 1057 Nec
482 1021 664 1069 mora;
700 998 952 1081 quisquis
976 997 1104 1070 erit,
1137 996 1226 1056 cui
1253 995 1398 1056 favet
1424 994 1548 1068 illa,
1576 995 1711 1056 fave.

255 1093 333 1151 At
363 1117 535 1174 quum
562 1117 769 1176 pompa
794 1093 1051 1176 frequens
1078 1092 1388 1153 caelestibus
1417 1093 1526 1153 ibit
1554 1093 1782 1154 eburnis
1800 1139 1814 1164 ,

334 1195 424 1254 Tu
446 1196 649 1256 Veneri
674 1195 909 1256 dominae
938 1194 1137 1279 plaude
1163 1195 1378 1257 favente
1406 1219 1591 1256 manu.

256 1299 444 1381 thue
471 1297 557 1370 fit,
591 1299 650 1358 in
676 1299 944 1378 gremium
972 1299 1157 1382 pulvis
1188 1299 1235 1359 si
1261 1298 1404 1359 forte
1427 1297 1627 1383 puellae

333 1397 651 1473 Decideritj
677 1400 863 1480 digitis
890 1400 1250 1462 excutiendus
1276 1400 1381 1460 erit
1403 1425 1417 1473 ;

1955 1431 1968 1458 1
1978 1412 2031 1458 50

250 1505 349 1574 Et,
382 1503 429 1563 si
455 1501 644 1562 nullus
670 1503 774 1563 erit
800 1502 1012 1586 pulvis,
1043 1517 1226 1564 tamen
1253 1517 1445 1564 excute
1473 1500 1708 1562 nullum.

310 1684 398 1737 141.
428 1684 490 1725 Et
503 1685 624 1734 bene,
648 1684 762 1739 quod
771 1687 904 1738 cogit,
927 1687 973 1726 st
994 1658 1120 1726 nolit⁴

249 1751 362 1791 linea
371 1748 511 1802 jungi.
534 1749 720 1798 Sz‘nolis,
743 1747 1101 1805 castigatioresli-

1180 1683 1359 1740 scriptis.
1378 1685 1640 1727 Cer-lantibus
1655 1685 1822 1739 ephebis
1833 1683 2030 1727 Beruen-

1180 1748 1235 1792 sis
1255 1764 1370 1791 unus
1381 1763 1390 1791 :
1401 1751 1673 1791 cantantibus
1691 1747 2007 1792 Ambrosianus
2019 1766 2030 1794 ε

247 1814 315 1856 bri
331 1829 340 1855 ε
357 1828 624 1869 quamquam
638 1817 683 1854 si
692 1816 818 1864 nolit,
839 1812 891 1855 ad
909 1812 1098 1870 puellam
1170 1816 1471 1868 plaudentibus
1513 1813 1680 1856 Moreti
1712 1829 1724 1857 τ
1754 1815 2029 1869 gaudentibus

247 1878 401 1922 referri
424 1877 582 1920 debere
603 1876 816 1920 videatur.

307 1947 396 1999 142.
432 1945 527 1998 Qua
550 1946 633 1986 tibi
644 1946 854 1999 tangenda
877 1949 953 1986 est.
978 1945 1104 1998 Quod

248 2010 412 2066 Regius
428 2042 439 2064 ,
464 2019 509 2053 et
528 2026 643 2052 unus
661 2009 886 2053 Palatinus
905 2043 915 2064 ‚
938 2018 987 2052 ut
1015 2026 1097 2052 re-

246 2078 445 2120 serantur
471 2074 564 2118 haec
586 2073 640 2117 ad
661 2077 703 2118 τὲ
734 2076 796 2116 Et
820 2077 929 2117 bene.
964 2073 1096 2118 Oxo-

244 2141 434 2196 niensis,
462 2142 584 2194 Qum.
621 2139 798 2182 Primus
829 2139 1066 2183 Vaticanus
1082 2173 1093 2195 ,

250 2209 343 2261 Quo
362 2222 375 2250 .·
393 2206 591 2263 proxime
612 2220 781 2247 verum.
802 2204 971 2247 HmNs.

304 2273 393 2326 143.
415 2273 503 2314 Hic
519 2274 829 2325 tibiquoeratur.
851 2270 988 2324 Hinc,
1008 2269 1097 2312 Pa-

244 2337 405 2381 latinus
423 2352 433 2379 ι
453 2352 546 2379 11011
568 2334 680 2378 111318
698 2350 708 2377 2
730 2335 782 2377 ab
800 2335 891 2391 ipsa
909 2334 980 2377 illa
1000 2334 1095 2391 lege

244 2402 327 2445 loci
341 2434 353 2456 ,
373 2417 469 2458 quae
487 2401 603 2458 cogit
622 2409 664 2443 te
687 2409 866 2457 tangere
886 2399 1093 2457 puellam,

245 2468 413 2510 oriatur
431 2483 600 2520 sermo,
629 2481 716 2522 quo
737 2481 909 2510 excuses
929 2474 972 2508 te
993 2481 1096 2522 pre-

245 2549 368 2577 mere
384 2532 515 2575 nimis
537 2540 717 2588 anguste
733 2530 974 2574 sedentem.
997 2531 1094 2574 Ele-

243 2608 399 2659 ganter
418 2607 566 2642 autem
585 2614 758 2654 quarere
776 2615 1020 2650 sermonem,
1038 2599 1091 2642 de

242 2669 324 2712 illis
347 2701 359 2723 ,
392 2666 467 2723 qui
503 2666 776 2708 occasionem
815 2665 1092 2722 colloquendi

242 2740 494 2791 captant‚·ut
503 2730 684 2773 Terent.
695 2729 897 2772 Eunuch.
909 2730 1006 2772 Act.
1016 2743 1089 2784 111,

243 2801 314 2844 Sc.
325 2800 350 2841 3
362 2812 514 2854 :quem
529 2799 774 2838 arcessitum
786 2810 1010 2837 sermonem
1021 2810 1092 2837 vo-

242 2875 312 2910 cat
331 2862 568 2908 Petronius
589 2873 771 2904 cxxmx.
791 2860 953 2902 Bonm.

302 2932 392 2985 144.
427 2930 489 2971 Et
517 2931 708 2969 moveant
735 2930 893 2981 primos
918 2928 1091 2979 publica

242 2998 370 3039 verba
389 3009 528 3036 sonos.
550 2991 616 3034 Ex
634 2991 765 3034 rebus
792 2989 970 3048 publicis
986 3022 997 3044 ‚
1020 2989 1091 3032 vel

242 3079 295 3105 ex
324 3061 418 3117 ipso
445 3059 528 3102 hoc
548 3056 790 3115 spectaculo
813 3089 824 3110 ,
858 3055 1089 3101 materiem

242 3142 386 3170 sumas
403 3158 414 3181 ‚
438 3123 556 3166 unde
577 3122 719 3179 prima
737 3122 869 3164 verba
887 3135 1062 3163 moveas
1075 3151 1086 3173 ‚

243 3201 288 3235 et
303 3193 349 3234 in
368 3188 633 3244 colloquium
650 3203 752 3230 cum
768 3185 909 3243 puella
925 3184 1086 3248 venias.

303 3258 393 3311 145.
423 3255 628 3297 Studiose.
646 3252 881 3308 Tanquam
900 3249 1001 3293 huic
1020 3249 1088 3291 vel

241 3323 302 3366 illi
321 3320 496 3365 sactioni
515 3321 668 3362 faveas.

301 3389 390 3444 147.
419 3387 484 3429 At
500 3401 622 3440 quum
631 3398 786 3438 pompa
792 3381 993 3438 frequens
1005 3387 1086 3423 etc.

243 3450 429 3507 Insignis
460 3449 590 3506 hujus
622 3448 704 3496 loci
737 3455 801 3490 est
831 3447 1012 3493 varietas
1038 3445 1086 3488 in

1179 1878 1312 1932 alius;
1332 1879 1438 1922 alius
1451 1883 1719 1923 currentibus.
1741 1880 1856 1937 Quae
1875 1896 2028 1924 omnes

1178 1941 1386 1987 lectiones
1406 1944 1606 2001 explicari
1624 1953 1800 2002 possent
1818 1962 1828 1997 ;
1852 1961 1934 1988 nec
1954 1946 2028 1988 vi—

1179 2007 1310 2051 detur
1326 2009 1448 2052 facile
1470 2011 1730 2064 Epheborum
1749 2025 1831 2053 vox
1846 2010 2027 2054 librariis

1177 2073 1390 2130 imperitis
1409 2073 1455 2116 in
1475 2083 1675 2117 mentem
1695 2075 1863 2119 venisse
1878 2107 1891 2129 ‚
1909 2091 2027 2119 con-

1178 2147 1246 2182 tra
1269 2143 1446 2183 eburnos
1465 2143 1651 2183 coelestes
1671 2139 1835 2184 facilius
1854 2156 2034 2197 suppo-

1177 2221 1285 2248 nere
1304 2205 1492 2262 potuisse
1507 2204 1617 2248 mihi
1636 2204 1854 2248 videntur.
1870 2205 1918 2249 Si
1931 2206 2026 2262 quis

1177 2286 1282 2314 vero
1292 2270 1645 2328 diligenterlegat
1655 2270 1788 2313 Dion.
1798 2271 1938 2315 Halic.
1946 2271 2026 2314 loc.

1176 2336 1249 2379 cit.
1260 2335 1327 2379 El.
1341 2348 1394 2388 11,
1417 2337 1518 2379 Am.
1531 2349 1605 2388 1113
1619 2335 1691 2379 ubi
1702 2344 1840 2379 totam
1853 2352 2024 2394 pompae

1174 2402 1330 2445 faciem
1346 2435 1358 2456 ,
1382 2409 1427 2444 et
1458 2406 1666 2464 προσ-ἤθους
1683 2402 1839 2458 ¹primo
1868 2402 2023 2446 ordine

1174 2466 1394 2510 incessisse
1408 2499 1419 2521 ,
1436 2475 1517 2509 etc.
1525 2465 1670 2509 videat
1682 2499 1693 2521 ,
1709 2466 1778 2509 ille
1794 2483 1886 2509 non
1900 2467 2022 2511 facile

1174 2532 1393 2589 vulgatam
1428 2529 1665 2575 lectionem
1701 2531 2022 2588 repudiandam

1174 2614 1264 2640 esse
1287 2598 1493 2642 censebit.
1515 2599 1742 2640 Certabant
1755 2613 1858 2640 vero
1878 2597 2021 2652 illi,id

1174 2671 1261 2717 est,
1285 2664 1582 2719 unusquisque
1611 2677 1692 2719 pro
1713 2678 1756 2705 se
1776 2660 1951 2711 sedulo,
1974 2662 2019 2705 id

1174 2727 1291 2783 quod
1304 2737 1397 2771 erat
1421 2737 1424 2738 ⁷
1465 2726 1644 2776 endum,
1657 2735 1706 2768 ut
1720 2726 1872 2769 saltare
1886 2759 1898 2780 ,
1911 2742 2018 2769 can-

1172 2801 1264 2834 tare
1291 2801 1371 2834 etc.
1392 2735 1557 2848 augbat.
1576 2791 1739 2833 Bunm.
1759 2813 1814 2823 -—
1834 2791 1884 2833 Si
1911 2807 2017 2834 vero

1170 2859 1424 2900 certantibus
1442 2859 1609 2911 ephebis·
1633 2854 1871 2912 legendum
1900 2873 2016 2900 cen-

1170 2937 1261 2964 seas
1275 2954 1286 2975 ,
1311 2921 1523 2978 intelligas
1541 2929 1715 2963 necesse
1738 2929 1802 2964 est
1822 2921 1876 2964 de
1901 2924 2017 2964 ludis

1177 2987 1398 3042 Trojani55
1413 2985 1530 3042 quod
1545 2985 1698 3028 ludicri
1713 3003 1849 3043 genus
1864 3004 1886 3030 a
1894 2988 1924 3030 J
1929 2987 2015 3030 ulio

1172 3049 1343 3094 Caesare
1374 3052 1623 3094 institutum
1638 3084 1649 3105 ,
1674 3059 1718 3093 et
1741 3052 1794 3094 ab
1817 3052 2016 3110 Augusto

1170 3126 1213 3160 et
1238 3116 1433 3174 Caligula
1452 3119 1659 3161 iteratum
1678 3118 1824 3162 scribit
1843 3119 2014 3163 Sueto.-

1168 3183 1279 3226 nius.
1303 3183 1423 3240 Virg.
1445 3182 1621 3227 AEneid.
1640 3197 1670 3229 v
1685 3216 1698 3238 ,
1717 3184 1826 3228 602:

1168 3251 1333 3293 Trojaque
1345 3263 1446 3290 nunc,
1458 3252 1550 3293 pueri
1563 3253 1745 3294 Troianum
1754 3252 1877 3285 dicitur
1886 3262 2010 3292 agmen.

1227 3315 1316 3355 151.
1343 3314 1634 3356 Excutiendus
1655 3316 1745 3356 erit.
1773 3312 1874 3356 Hoc
1899 3311 2008 3354 ossi—

1167 3379 1284 3422 cium
1311 3379 1429 3423 inter
1445 3378 1713 3423 characteres
1730 3388 1797 3427 τῆς
1819 3383 2010 3427 κολακείας

1167 3445 1300 3489 etiam
1335 3444 1662 3501 Theophrastus
1697 3450 1901 3488 numerat
1921 3460 1932 3496 ;
1965 3451 2009 3486 et
