2268 3776
274 317 376 369 232
740 318 801 368 P.
850 283 1141 374 omnm
1184 311 1565 543 NASOJIS

352 425 597 506 Quaeque
623 425 763 502 tegis
790 425 1027 499 medios,
1060 427 1250 487 instita.
1277 428 1412 507 long

1460 477 1474 501 ‚
1509 428 1699 511 pedes.

271 520 388 581 Nos
416 522 682 580 Venerem
711 536 911 595 tutam,
945 546 1309 605 concessaque
1332 524 1503 615 furta,
1535 547 1789 585 canemus
1816 548 1829 595 ;

351 618 526 698 Inque
553 642 675 678 meo
702 618 918 678 nullum
946 619 1180 679 carmine
1208 618 1412 717 crime11'1
1442 622 1561 682 erit.

276 734 621 808 PRINCIPIO,
651 737 802 818 quod
830 762 1005 798 amare
1036 737 1196 809 veliS‚
1228 739 1466 820 reperire
1494 737 1686 799 labora
1706 786 1720 810 ‚
1987 756 2040 797 35¹

355 831 471 909 Qui
501 856 643 893 nova
670 857 817 893 nunc
846 834 1084 916 primum
1111 833 1275 894 miles
1294 829 1353 892 in
1376 854 1534 894 armax
1548 835 1715 895 venis.

275 927 565 988 Proximus
592 929 720 990 huic
752 929 916 990 labor
942 945 1052 1003 est,
1080 929 1338 1012 placitam
1368 955 1588 991 exorare
1616 929 1870 1013 puellam.

355 1024 602 1098 Tertius,
634 1041 697 1086 ut
723 1026 895 1105 longo
929 1043 1172 1110 tempore
1204 1027 1363 1087 duret
1389 1052 1558 1089 amor.
1620 1067 1627 1071 -
1707 1059 1710 1062 “

274 1120 380 1178 Hic
405 1123 632 1197 modus;
667 1124 1007 1186 haecnostro
1040 1125 1353 1203 signabitur
1377 1141 1500 1186 area
1529 1140 1728 1186 curru:

354 1221 484 1280 Haec
514 1223 616 1282 erit
645 1223 880 1284 admissa
909 1239 1053 1284 meta
1082 1219 1305 1283 terenda
1332 1237 1469 1283 rota.
1991 1233 2061 1289 40·

276 1318 425 1376 Dum
454 1318 606 1392 licet,
640 1335 695 1379 et
720 1320 857 1380 loris
886 1318 1091 1403 passim
1113 1334 1276 1402 potes
1305 1319 1387 1379 ire
1416 1318 1614 1379 solutis
1637 1365 1652 1390 ‚

356 1413 544 1491 Elige,
577 1415 666 1474 cui
691 1415 838 1475 dicas
869 1431 975 1476 :··tu
1004 1416 1141 1475 mihi
1174 1415 1294 1476 sola
1319 1414 1518 1498 places,

277 1509 408 1568 Haec
440 1509 544 1568 tibi
573 1535 685 1570 non
717 1526 907 1571 tenues
934 1511 1117 1572 veniet
1144 1511 1365 1594 delapsa
1393 1534 1493 1593 per
1518 1532 1676 1570 auras
1700 1532 1712 1567 :

358 1606 666 1685 Quaerenda
696 1623 779 1668 est
807 1607 981 1668 oculis
1011 1623 1138 1691 apta
1164 1607 1350 1691 puella
1379 1607 1505 1667 tuis.

279 1701 395 1760 Scit
422 1703 560 1763 bene
590 1720 841 1778 venator,
872 1706 1042 1767 cervis
1068 1706 1169 1765 ubi
1197 1704 1588 1766 retiatendat:
1995 1715 2050 1772 45

360 1799 478 1858 Scit
504 1800 670 1873 bene,
707 1827 814 1884 qua
841 1802 1102 1863 frendens
1128 1801 1266 1862 valle
1297 1818 1544 1863 moretur
1569 1824 1714 1884 aper.

276 1893 607 1976 Aucupibus
637 1897 1012 1971 notifrutices
1038 1923 1050 1957 :
1076 1899 1172 1981 qu'i
1202 1899 1438 1959 sustinet
1464 1898 1687 1969 hamm,

359 1990 531 2049 Novit
558 2015 677 2074 quae
707 1992 884 2053 multo
915 1994 1065 2076 pisce
1087 2009 1345 2056 natentur
1372 2018 1541 2078 aquae.

279 2160 383 2201 ergo
393 2155 441 2188 ut
451 2154 672 2190 matronas
681 2135 926 2205 puellasque
938 2148 1125 2209 virgines
1207 2152 1353 2195 lorum
1367 2150 1583 2208 Propertii
1589 2154 1600 2204 ‚'
1618 2149 1689 2193 lib.
1703 2161 1742 2192 11
1755 2181 1767 2203 ,
1785 2146 1852 2190 El.
1866 2158 1961 2199 xlx,
1976 2143 2029 2186 05
2044 2160 2053 2186 ε

278 2212 430 2268 procul
447 2211 586 2256 absint
606 2229 630 2255 a
647 2222 741 2256 vate
756 2245 767 2267 ‚
789 2214 863 2270 qui
879 2214 993 2257 canit
1004 2224 1128 2261 ‘ama-

281 2277 391 2319 toria
405 2296 416 2330 ;
441 2278 606 2335 sibique
623 2295 719 2321 rem
733 2296 822 2323 esse
839 2289 1014 2323 tantum
1027 2296 1129 2323 cum

280 2343 401 2387 istius
411 2344 532 2388 modi
547 2346 736 2400 feminis,
753 2347 1010 2402 quibuscum
1022 2346 1131 2391 nihil

284 2422 375 2450 non
396 2408 543 2451 liceret
564 2409 723 2452 audere
737 2442 748 2463 ,
774 2410 842 2459 vel
865 2410 1018 2454 dicere.

335 2471 401 2513 33.
424 2474 513 2514 Nos
538 2476 734 2516 Venerem
757 2480 887 2517 lutam
907 2484 986 2518 etc.
1016 2474 1132 2519 Mu—

279 2534 407 2577 lieres
425 2535 624 2593 intelligit
638 2570 649 2591 ,
671 2537 721 2579 ad
745 2554 848 2594 quas
866 2544 978 2582 lutus
994 2545 1128 2594 pate-

281 2600 356 2643 hat
379 2600 517 2658 aditus
534 2634 545 2655 ,
580 2603 653 2658 qui
683 2604 946 2659 periculosus
967 2603 1130 2648 admo-

284 2665 417 2720 dum,
451 2680 588 2724 quum
618 2667 672 2710 ad
697 2668 952 2725 insigniores
977 2678 1130 2725 tenta-v

280 2741 414 2775 retur.
429 2733 552 2789 Saepe
568 2734 687 2776 enim
701 2767 713 2788 ‚
730 2743 838 2780 teste
855 2736 966 2778 Hor.
988 2734 1129 2779 Serm.

282 2813 324 2852 1,
358 2799 446 2843 Sat.
472 2814 538 2854 11,
562 2802 646 2855 41:

285 2878 352 2908 Hic
365 2888 398 2908 se
412 2878 611 2919 praecipitem
622 2884 707 2910 tecto
721 2879 810 2910 dedit
825 2890 833 2910 :
851 2879 907 2909 ille
921 2871 1054 2919 flagellis

284 2938 340 2969 Ad
355 2945 491 2970 mortem
505 2950 604 2970 caesus
620 2950 627 2970 :
643 2939 769 2980 fugiens
787 2939 838 2970 hic
852 2938 973 2970 decidit
986 2950 1091 2970 acrem

283 2999 476 3030 Praedonum
500 2999 533 3029 in
559 3000 709 3040 turbam;
737 3000 826 3031 dedit
843 2999 896 3031 hio
920 3010 978 3042 pro
1000 3011 1131 3041 corpore

365 3070 516 3091 nummos
529 3083 540 3098 ,
569 3067 630 3091 etc.

338 3123 403 3181 37.
428 3126 648 3166 placitam.
681 3124 888 3168 Restituit
915 3141 966 3167 ex
995 3127 1132 3169 veteri

284 3187 428 3230 codice
448 3188 626 3244 Joseph.
645 3187 836 3244 Scaliger
850 3222 862 3243 ‚
886 3198 930 3232 et
953 3189 1131 3246 quidem

283 3259 398 3294 recte
421 3269 430 3303 ;
470 3252 574 3293 olim
593 3252 711 3294 enim
723 3255 957 3307 placidam.

338 3317 403 3373 39.
429 3319 532 3360 Hoec
566 3323 717 3360 nostro.
745 3320 830 3360 Hz'c
861 3322 980 3361 nobis
1011 3319 1131 3361 Ber—-

286 3383 443 3425 nensis.
467 3386 554 3426 le'c
575 3389 713 3426 nostro
735 3383 804 3426 alii
832 3384 1021 3440 quidam.

338 3449 402 3500 4ο.
426 3450 546 3491 Meta
566 3453 731 3493 terenda
747 3457 849 3493 rota.
868 3451 1057 3496 Memini
1078 3451 1128 3494 il-

1249 2221 1391 2262 Septimn
1405 2231 1503 2262 quem
1518 2226 1638 2250 metam
1652 2218 1782 2249 triverit
1799 2223 1871 2247 ante
1888 2223 1969 2247 rota.

1211 2280 1331 2324 Libri
1343 2289 1490 2323 tamen
1501 2278 1704 2322 meliores
1716 2276 1800 2320 hoc
1812 2277 1908 2319 loco
1919 2307 1931 2328 ‚
1946 2279 2056 2316 meta

1211 2346 1435 2400 premenda
1456 2356 1469 2383 ‚¹
1491 2359 1574 2386 nec
1590 2342 1716 2385 male.
1733 2341 1863 2384 Unus
1880 2339 2058 2382 Vatica-

1212 2428 1296 2455 nus
1318 2408 1732 2454 cumiAmbrosiano
1750 2439 1762 2462 ,
1786 2408 1973 2450 tenenda.

1269 2477 1336 2529 41.
1359 2475 1483 2517 Loris
1498 2475 1659 2518 solutis.
1687 2473 1841 2516 Douza
1858 2471 2053 2528 legebat,

1211 2542 1319 2583 collo
1337 2542 1438 2582 licet
1451 2542 1510 2582 ire
1523 2540 1658 2581 soluto
1672 2554 1685 2580 .·
1702 2535 1778 2581 sed
1794 2552 1887 2579 non
1906 2536 2054 2592 probo.

1265 2607 1333 2659 45.
1361 2607 1451 2647 Ubi
1471 2609 1576 2648 retia
1603 2607 1758 2647 tendat.
1785 2605 1927 2646 Ponat
1958 2602 2055 2644 Ar-

1213 2671 1479 2728 gentinensis
1497 2671 1634 2714 liber:
1659 2670 1791 2713 etiam
1814 2684 1905 2711 non
1926 2667 2052 2710 male.

1214 2733 1286 2778 Sic
1308 2744 1351 2778 et
1370 2734 1484 2777 infra
1507 2735 1611 2789 263,
1637 2734 1734 2777 libri
1757 2733 1985 2776 meliores:

1212 2807 1378 2836 Hactenus
1390 2803 1474 2834 unde
1481 2804 1568 2844 legas
1577 2804 1666 2845 quod
1675 2813 1776 2842 ames,
1787 2802 1842 2833 ubi
1851 2802 1931 2833 retia
1941 2813 2052 2844 ponas.

1213 2865 1419 2923 Virgilius
1437 2864 1596 2922 Georg.
1614 2865 1684 2908 lib.
1707 2878 1725 2907 1
1743 2897 1754 2919 ,
1778 2864 1857 2923 307
1882 2876 1892 2903 :

1213 2935 1305 2966 Tunc
1320 2935 1454 2975 gruibus
1472 2934 1602 2976 pedicas
1613 2940 1646 2965 et
1655 2934 1735 2964 retia
1747 2944 1864 2975 ponere
1874 2934 1989 2965 cervis.
2008 2936 2053 2966 Η.

1266 2998 1331 3052 47.
1356 2997 1541 3038 Sustinet
1554 2998 1713 3038 hamos.
1738 2998 1930 3039 Continet
1940 2998 2074 3055 srag-‘

1213 3069 1415 3103 mentum
1435 3059 1727 3116 Bodleianum
1750 3069 1795 3103 et
1822 3070 1909 3105 tres
1939 3078 2056 3117 qua-

1213 3137 1365 3171 tuorve
1402 3125 1470 3168 alii
1503 3126 1684 3170 codices.
1720 3126 1791 3170 Sic
1819 3126 1931 3169 insra
1953 3129 2055 3181 544:

1213 3193 1390 3232 Pressas
1412 3194 1596 3232 continet
1610 3196 1700 3233 arte
1708 3191 1854 3244 jubas.

1268 3255 1334 3308 48.
1348 3255 1452 3310 Qua·
1461 3256 1600 3296 multo.
1619 3255 1712 3307 Qua
1721 3255 1837 3297 Bern
1843 3270 1931 3297 ens.
1942 3268 2055 3295 unus

1214 3327 1258 3361 et
1278 3319 1371 3380 duo
1384 3320 1466 3362 alii.
1493 3322 1626 3374 Quam
1646 3324 1772 3363 multo
1793 3319 1985 3363 Barthol.
2007 3327 2054 3360 ut

1213 3399 1249 3428 11
1267 3419 1277 3440 ,
1301 3403 1351 3429 ex
1367 3387 1497 3430 Pont.
1517 3400 1611 3442 v11,
1636 3387 1688 3429 26
1707 3403 1717 3429 :

1253 3454 1396 3495 Altaque
1412 3466 1509 3496 quam
1523 3455 1636 3485 multis
1654 3453 1764 3486 floreat
1777 3453 1888 3495 Hybla
1900 3452 2032 3493 thymis.

2242 1597 2247 1606 »
2250 1557 2251 1561 Α
2234 1391 2268 1516 33:⁴21
2244 1331 2255 1374 ς
2242 1279 2249 1305 η
2243 1167 2256 1216 x·
2246 1133 2250 1141 -
2247 1103 2254 1113 .
2247 1079 2250 1082 «
2244 999 2246 1002 «

2258 1503 2268 1636 ;,qefflv
2259 1427 2268 1466 ,ἡ
2258 1311 2268 1411 θ’,μέῖ(.
2262 1251 2268 1274 27⁴
2265 1175 2268 1179 s
2266 1142 2268 1146 ,
2264 1094 2265 1098 Α
2264 1016 2265 1019 Α

2265 1839 2268 1844 .
2255 1632 2268 1831 ssyfl-R-z-J13ffa5-
