2268 3776
508 293 775 350 ARTIS
825 290 1301 346 AMATORIAE
1339 293 1498 347 LIB.
1544 292 1680 347 111.

286 414 469 475 Prona
496 413 645 474 venit
673 409 887 494 cupidis
913 409 972 468 in
1002 431 1101 469 sua
1126 423 1253 469 vota
1281 409 1434 470 fides.

208 510 430 594 Spectet
456 506 743 570 amabilius
772 507 1062 588 juvenem;
1092 505 1335 588 suspiret
1363 506 1432 566 ab
1462 506 1573 565 imo
1888 522 1972 579 675

286 604 532 676 Femina;
558 617 668 663 tam
696 625 818 663 sero
851 625 949 662 cur
975 601 1266 685 veniatque
1297 617 1472 680 roget.

206 700 483 762 Accedant
510 697 772 770 lacrimae‚
798 697 961 758 dolor
987 713 1043 760 et
1069 698 1136 760 de
1165 697 1360 782 pellice
1390 698 1552 759 fictus
1574 746 1588 760 .

286 798 363 856 Et
394 794 563 856 laniet
590 794 779 874 digitis
809 794 960 855 illius
990 819 1084 855 ora
1114 794 1246 856 suis.

207 893 243 953 J
247 891 544 954 amdudum
572 917 868 977 persuasus
898 892 1035 964 erit,
1062 890 1415 952 miserebitur
1443 888 1629 963 ultro;

287 991 361 1050 Et
389 988 564 1050 dicet:
588 1013 716 1050 cura
744 989 988 1073 carpitur
1016 988 1122 1048 ista
1150 986 1284 1048 mei!

1893 1004 1978 1048 680

208 1085 514 1168 Praecipue,
542 1086 589 1146 si
619 1083 800 1146 cultus
828 1086 965 1157 erit,
997 1082 1338 1168 speculoque
1368 1080 1638 1165 placebit,

288 1182 460 1244 Posse
487 1206 589 1243 suo
621 1183 770 1262 tangi
797 1181 981 1243 credet
1010 1205 1194 1242 amore
1225 1181 1387 1241 Deas.

211 1278 319 1340 Sed
351 1293 433 1352 te,
465 1303 820 1363 quaecumque
851 1302 909 1340 es
928 1325 943 1351 ‚
969 1278 1246 1340 moderate
1273 1277 1472 1359 injuria
1503 1276 1719 1348 turbet;

287 1376 410 1436 Neu
438 1375 543 1447 siS‚
574 1376 759 1437 audita
789 1374 982 1459 pellice
1001 1422 1016 1449 ‚
1048 1375 1247 1436 mentis
1278 1374 1463 1457 inops,

210 1474 324 1534 Nec
354 1472 464 1533 cito
495 1473 790 1534 credideris
815 1498 827 1533 :
856 1488 1123 1555 quantum
1150 1472 1261 1533 cito
1293 1471 1511 1533 credere
1540 1470 1702 1532 laedat
1720 1515 1736 1544 ,

1901 1488 1987 1533 685

293 1570 622 1655 Exemplum
650 1570 810 1632 vobis
839 1595 955 1630 non
986 1570 1102 1631 leve
1129 1570 1356 1630 Procris
1380 1569 1501 1630 erit.

212 1686 327 1747 EST
348 1709 522 1769 prope
551 1710 862 1770 purpureos
893 1685 1063 1748 colles
1093 1686 1338 1748 florentis
1369 1686 1618 1770 Hymetti

293 1789 444 1849 Fons
474 1812 646 1862 sacer,
675 1804 730 1849 et
754 1788 916 1849 viridi
945 1789 1150 1872 cespite
1182 1787 1366 1850 mollis
1394 1788 1614 1848 humus,

214 1889 363 1952 Silva
389 1915 583 1952 nemus
609 1916 727 1952 non
754 1891 865 1953 alta
891 1890 1023 1952 facit
1047 1916 1059 1952 :
1087 1892 1225 1970 tegit
1252 1891 1485 1952 arbutus
1515 1890 1778 1951 herbam:

293 1996 413 2056 Ros
441 1995 635 2068 mariS‚
667 2009 723 2056 et
752 1994 919 2067 lauri,
945 1995 1212 2079 nigraque
1240 1993 1497 2079 myrthus
1529 1992 1684 2055 olent
1708 2017 1722 2053 z

1897 2011 1987 2068 690

212 2097 327 2158 Nec
357 2096 539 2158 densae
566 2095 718 2157 foliis
746 2096 914 2171 buxi,
941 2096 1271 2181 fiagilesque
1302 2096 1547 2180 myricae,

267 2256 362 2315 675.
380 2257 543 2312 Spectet
557 2259 784 2300 amabilius
800 2264 882 2300 etc.
900 2257 1065 2311 Spectet

215 2323 452 2364 amabiliter
467 2321 702 2365 Bernensis
723 2337 836 2364 unus
855 2334 865 2361 t
889 2325 1063 2365 amabi-

215 2389 326 2430 libus
344 2386 539 2446 Barthol.
560 2386 677 2443 quod
697 2402 791 2430 non
813 2387 1065 2444 displicebat

220 2451 406 2496 Heinsio
428 2468 511 2496 nec
531 2452 640 2496 mihi
664 2468 674 2495 z
694 2461 743 2496 ut
762 2456 894 2495 oculis
913 2453 1068 2496 subin-

221 2514 462 2573 telligatur3
487 2515 862 2573 quemadmodum
883 2516 1066 2560 dicimus

220 2583 334 2624 linulr
350 2587 551 2637 spectare.
569 2583 731 2626 Bumu.

276 2644 372 2702 677.
385 2647 543 2697 Dolor,
559 2652 603 2689 el
610 2648 661 2688 de
667 2649 821 2701 pellice
815 2648 962 2703 fictus.
977 2644 1066 2688 Sed

222 2709 388 2768 sificlus
401 2711 470 2756 ille
485 2712 611 2756 dolor
625 2713 678 2756 sit
692 2745 703 2767 ,
718 2721 814 2770 apte
830 2712 1042 2770 tegendus
1054 2746 1067 2768 ‚

224 2792 280 2820 ne
310 2787 512 2835 appareat
530 2779 777 2823 simulatio:
811 2788 855 2823 et
879 2795 957 2823 cur
976 2795 1069 2822 non

225 2858 379 2886 verum
393 2843 446 2887 de
463 2844 615 2900 pellice
638 2845 841 2889 amatoris
861 2846 927 2889 sui
945 2845 1071 2888 dolo-

226 2923 323 2950 rem
349 2911 572 2966 praeserret
592 2944 605 2966 ,
644 2925 781 2968 quum
809 2929 961 2956 revera
978 2928 1072 2955 non

229 2982 379 3018 ament
406 2976 558 3032 puellae
588 2977 640 3020 ab
668 2978 747 3022 alia
770 2978 914 3022 teneri
943 2995 1073 3022 suum

231 3042 506 3085 amatorem?
528 3042 713 3100 Egregie
728 3060 832 3101 ergo
851 3045 1075 3088 Palatinus

232 3115 278 3151 et
299 3117 485 3164 quatuor
505 3108 574 3151 alii
595 3125 606 3151 :

232 3172 397 3203 Accedant
410 3173 549 3204 lacrima
559 3174 691 3214 ,nolon
702 3181 733 3205 et
746 3176 786 3207 de
801 3176 916 3217 pellice
928 3183 1076 3218 questus.

288 3231 382 3276 686.
392 3235 640 3290 Exemplum
648 3239 767 3278 vobis
777 3253 858 3279 non
868 3239 954 3279 leve
964 3238 1079 3280 Pm-

233 3299 318 3338 cris
336 3305 417 3339 etc.
436 3296 538 3340 Vid.
559 3298 743 3341 Metam.
763 3299 873 3354 VII,
889 3299 966 3342 551
989 3315 1082 3355 sqq.

143 3370 147 3381 ’
235 3361 308 3404 1ὼὶ
326 3378 422 3405 rem
441 3363 529 3419 ipse
549 3374 699 3408 narrat
720 3363 952 3421 Cephalus.

288 3427 382 3487 689.
411 3430 527 3472 Silm
547 3445 688 3475 nemus
706 3447 790 3474 non
811 3432 916 3474 alla.
948 3429 1000 3473 ld
1018 3438 1084 3474 est

1142 2258 1242 2301 licet
1261 2257 1349 2302 sint
1372 2257 1547 2300 arbores
1568 2271 1659 2299 non
1682 2254 1778 2299 altae
1793 2289 1803 2305 ‚
1840 2263 1988 2298 tamen

1145 2330 1243 2379 apta
1267 2321 1551 2364 ambulationi
1571 2329 1615 2363 et
1638 2320 1774 2376 quieti
1801 2328 1865 2363 est
1888 2335 1991 2363 um-

1144 2388 1222 2431 bra
1244 2403 1255 2431 z
1278 2389 1336 2431 ita
1358 2396 1403 2430 et
1424 2386 1477 2430 de
1500 2386 1644 2429 herbis
1662 2390 1812 2428 silvam
1841 2386 1997 2430 dixisse

1147 2453 1383 2510 Virgilium
1406 2453 1478 2496 lib.
1499 2466 1516 2495 1
1535 2486 1547 2506 ‚
1573 2451 1734 2509 Georg.
1762 2454 1836 2496 153
1854 2468 1863 2495 :
1883 2456 1999 2495 subit

1146 2534 1298 2574 aspera
1323 2520 1433 2560 silva
1446 2551 1457 2568 ,
1489 2517 1721 2573 Lappaeque
1750 2520 1967 2572 tribulique
1981 2550 1994 2568 ‚

1146 2590 1271 2624 notat
1292 2581 1470 2625 Servius
1493 2594 1503 2620 :
1526 2589 1570 2623 et
1586 2588 1736 2623 contra
1757 2579 1810 2623 de
1831 2596 1997 2636 quercu

1147 2647 1219 2690 lib.
1240 2647 1309 2690 III
1325 2679 1337 2701 ,
1360 2645 1535 2689 AEneid.
1554 2646 1637 2688 680
1659 2661 1669 2688 z
1688 2649 1798 2688 silva
1814 2650 1906 2688 alla
1920 2648 2000 2688 Jo-

1151 2718 1224 2756 vis.
1255 2714 1411 2756 Silvam
1431 2721 1578 2756 autem
1598 2721 1642 2755 et
1661 2729 1804 2755 nemus
1829 2712 1999 2755 diversa

1151 2797 1241 2824 esse
1261 2779 1459 2823 videmus
1473 2813 1485 2834 ,
1511 2780 1556 2823 ΙΙ
1577 2781 1762 2822 Metam.
1783 2780 1874 2834 438.
1893 2780 1944 2822 B.

1204 2847 1303 2907 690.
1321 2849 1412 2889 Ros
1428 2850 1557 2889 maris
1569 2852 1613 2888 el
1620 2849 1774 2888 laurus.
1791 2847 1891 2887 Hos
1906 2863 2001 2888 ma-

1153 2915 1212 2955 ris
1224 2911 1406 2955 Palatin.
1423 2910 1497 2953 sed
1516 2912 1607 2952 Ros
1621 2914 1752 2951 maris
1763 2918 1879 2952 recte
1892 2943 1901 2960 ,
1923 2911 2003 2952 ali-

1155 2985 1223 3020 ter
1251 2978 1527 3018 Rosmarinus
1544 3008 1555 3024 ‚
1602 2973 1765 3017 Graecis
1793 2978 2004 3023 λιθυώτις.

1156 3043 1326 3084 Pullum
1350 3045 1524 3097 myrtum
1547 3038 1652 3081 dixit
1682 3040 1839 3082 Horat.
1860 3038 1931 3081 lib.
1954 3053 1971 3081 1
1986 3073 1999 3092 ,

1159 3106 1247 3151 Od.
1268 3119 1297 3147 x
1314 3138 1326 3159 ‚
1349 3108 1400 3147 25
1416 3138 1427 3159 ,
1452 3120 1583 3160 quam
1601 3121 1681 3147 nos
1700 3109 1861 3160 nigram
1877 3105 2005 3161 expli·

1158 3188 1330 3224 camus,
1363 3187 1464 3214 cum
1488 3170 1698 3214 Salmasio
1717 3204 1729 3225 ‚
1754 3172 1825 3228 qui
1851 3181 2005 3214 contra

1162 3236 1396 3280 Heinsium
1411 3236 1580 3292 egregie
1593 3235 1795 3295 disputat,
1818 3236 2006 3279 Exercit.

1162 3299 1275 3342 Plin.
1296 3315 1390 3356 pag.
1410 3299 1503 3357 674.
1524 3299 1689 3357 ᾹῙῙΗΜ
1702 3304 1808 3350 olet,
1827 3299 2008 3343 Moreti.

1217 3365 1313 3423 691.
1342 3367 1606 3419 Fmgdesque
1620 3370 1796 3422 myricoe.
1824 3367 2008 3407 Virides-

1162 3446 1239 3487 que
1259 3430 1456 3474 Vatican.
1484 3433 1735 3486 humilesque
1763 3430 1945 3487 Neapol.
1965 3437 2010 3472 et
