2268 3776
544 260 798 319 ARTIS
846 259 1321 317 AMATORIAE
1363 261 1526 315 LIB.
1573 260 1623 314 1.
1872 260 1979 313 255

204 383 323 445 Aut
351 381 539 448 cadere
569 393 694 442 ante
724 400 844 439 aras
874 389 1294 459 commentaque
1324 401 1476 439 sacra
1501 376 1723 456 coegit:

286 481 362 540 Et
393 477 567 540 tenuit
596 474 718 538 laeta
742 471 957 559 pellicis
983 487 1108 535 exta
1133 496 1317 535 manu.

205 572 505 635 Pellicibus
535 570 752 656 quoties
781 567 1020 654 placavit
1047 568 1275 632 numina
1301 568 1454 630 caesis
1471 615 1489 640 ‚

287 673 472 754 Atque
501 669 604 743 ait,
635 682 760 730 exta
790 682 1017 730 tenens:
1045 667 1156 739 Ite,
1183 662 1394 750 placete
1421 667 1578 726 meo!

206 776 281 836 Et
304 772 472 834 modo
503 795 560 833 se
582 773 848 855 Europen
875 769 1027 843 fieri,
1058 767 1230 830 modo
1256 766 1508 853 postulat
1534 770 1598 828 Io
1622 793 1636 829 :

285 874 475 938 Altera
505 874 655 959 quod
679 875 787 936 bos
818 888 930 948 est;
961 871 1132 934 altera
1157 885 1311 934 vecta
1332 871 1496 932 bove.

206 980 364 1040 Hanc
391 993 574 1040 tamen
602 976 882 1061 implevit,
913 1000 1073 1037 vacca
1099 974 1363 1059 deceptus
1392 996 1613 1046 acerna,

1905 992 1988 1034 325

287 1083 420 1144 Dux
450 1082 665 1162 gregis;
691 1096 747 1143 et
775 1095 938 1165 partu
969 1079 1227 1164 proditus
1255 1092 1451 1139 auctor
1473 1092 1604 1139 erat.

209 1186 404 1248 Cressa
430 1184 786 1269 Thyesteosi
814 1208 871 1246 se
903 1182 1267 1245 abstinuisset
1293 1205 1513 1254 amore;

292 1289 346 1350 O
379 1302 648 1372 quantum
676 1300 786 1362 est,
816 1287 917 1348 uni
944 1310 1108 1371 posse
1136 1284 1355 1370 placere
1384 1285 1539 1345 viro!

208 1392 341 1452 Non
364 1389 609 1452 medium
637 1389 882 1474 rupisset
910 1390 1041 1463 iter;
1076 1413 1353 1473 curruque
1374 1402 1586 1450 retorto

291 1494 569 1555 Auroram
597 1494 769 1555 versis
799 1493 1049 1555 Phoebus
1080 1493 1286 1555 adisset
1313 1493 1488 1576 equis.

1919 1509 2001 1552 330

210 1595 352 1658 Filia
381 1616 694 1682 purpureos
722 1597 864 1659 Niso
895 1596 1075 1658 furata
1105 1594 1338 1680 capillos
1355 1641 1371 1669 ,

268 1775 362 1836 319.
394 1776 710 1831 Commenlaque
724 1790 862 1818 sacra.
878 1773 1064 1817 Metalla

214 1839 438 1884 Palatinus
457 1855 571 1884 unus
597 1847 642 1883 et
664 1839 835 1897 Aprosii
851 1872 862 1894 ,
886 1856 966 1898 pro
987 1838 1064 1883 ‹li-

213 1921 339 1949 versa
368 1903 569 1949 lectione.
599 1904 756 1948 Douza
782 1905 963 1962 explicat
978 1938 990 1961 ‚
1015 1914 1066 1949 ut

211 1971 438 2017 indictivas
453 1971 605 2028 serias,
621 1987 728 2029 quas
748 1971 839 2029 ipsa
854 1971 935 2015 sibi
951 1988 1067 2016 com·

211 2043 353 2082 menta
369 2044 476 2081 erat.

266 2102 361 2146 325.
397 2103 542 2146 Vacca
556 2103 755 2158 deceptus
772 2118 942 2146 acerna.
959 2100 1061 2160 Ope

212 2166 372 2212 scilicet
391 2165 625 2211 Dedalea:
647 2169 767 2217 Οὗτος
789 2169 898 2231 (γὰρ)
915 2174 1068 2224 ξυλίνην

213 2238 304 2288 βοῦν
325 2233 386 2277 ivn·
405 2238 553 2294 τροχῶν
567 2234 876 2287 κατασκευάσας,
893 2239 959 2277 καὶ
978 2236 1065 2276 ταύ-

213 2317 284 2349 την
304 2302 426 2342 λαθὼν
445 2303 512 2341 καὶ
535 2298 708 2346 κοιλάνας
724 2301 859 2342 temon
874 2330 886 2352 ,
904 2299 1070 2360 ἐκδείρας

216 2383 256 2407 τε
277 2369 391 2418 βοῦν,
414 2368 484 2414 τὴν
510 2363 622 2424 &ol-»Seu
639 2363 860 2424 περιᾷῥοιψι
875 2395 888 2417 ,
905 2369 972 2407 καὶ
985 2371 1071 2411 ,θεὶς

218 2430 255 2472 ἓν
265 2429 360 2487 ᾧπερ
373 2433 494 2480 εἶθιςο
508 2430 524 2471 ὃ
538 2435 671 2489 ταῦρος
683 2433 840 2482 λειμῶνι
850 2431 1069 2481 βόσκεσθαι,

219 2500 289 2546 τὴν
302 2493 508 2549 Πασιφάην
524 2494 745 2536 ἕνεθίὸοισεν.
764 2494 874 2536 aean
892 2497 933 2535 δὲ
947 2494 967 2536 ὃ
981 2500 1072 2536 ταῦ-

217 2579 278 2622 ρος
291 2590 303 2613 ,
325 2561 374 2606 ὦς
399 2557 556 2623 ἄλῃθινῇ
577 2560 647 2612 βοῒ
663 2562 852 2601 omanem.
868 2555 1069 2613 Apollod.

219 2636 278 2667 111
290 2655 303 2678 ,
322 2640 357 2666 1.
369 2645 424 2655 -—·
434 2623 617 2667 Acema.
631 2623 788 2664 Aheno
800 2637 915 2665 unus
930 2621 1070 2665 Vatic.

275 2689 370 2747 3²7·
402 2690 556 2733 Cressa
588 2688 792 2746 Thyesteo
821 2695 903 2730 etc.
927 2687 1072 2730 AEro-

224 2770 308 2812 pen
331 2753 517 2809 indicat,
541 2752 668 2796 Atrei
686 2752 935 2810 conjugem.
956 2753 1072 2798 Nota

223 2816 445 2861 sabula.--
461 2820 627 2870 Cressa.
647 2817 816 2874 AErope
836 2834 847 2861 :
869 2817 1073 2875 Appollo-

226 2883 359 2928 dorus
378 2893 423 2927 et
443 2883 633 2929 Ovidius
654 2885 699 2928 in
721 2885 936 2928 Tristibus
949 2918 960 2939 ,
978 2885 1073 2943 (lib.

227 2960 282 3001 11,
296 2944 467 3007 391.)et
479 2947 646 2992 Seneca
660 2949 708 2991 in
716 2948 922 3007 Thyeste.
941 2947 1072 2993 C1or.

227 3035 284 3044 —
301 3013 351 3055 Se·
363 3027 410 3056 se
428 3015 711 3068 abstiamlrset.
742 3015 910 3058 Versus
929 3014 1072 3071 paullo

229 3076 404 3120 durior:
416 3092 530 3122 unus
545 3077 766 3121 Palatinus
778 3110 791 3132 ,
805 3083 851 3121 si
859 3095 906 3122 se
919 3084 1075 3122 tenuis-

226 3147 303 3185 set.
321 3140 580 3199 Cogitabam
599 3141 832 3197 aliquando
844 3173 856 3196 ,
877 3147 923 3185 si
935 3158 981 3185 se
998 3159 1074 3186 re—

229 3211 391 3250 nuisset
413 3212 552 3250 amori
564 3239 576 3260 ,
594 3205 640 3249 id
668 3215 760 3262 est,
781 3216 1003 3264 negasset,
1025 3217 1075 3252 ut

230 3272 416 3316 Metam.
436 3285 485 3315 υ(
502 3305 513 3327 ,
538 3271 647 3315 506:

227 3340 275 3374 At
291 3351 356 3371 non
371 3339 505 3372 AEolidae
518 3339 675 3380 thalamos
687 3349 822 3371 renuere
838 3349 999 3371 sororum.

230 3399 319 3444 Sed
349 3417 470 3444 nunc
500 3399 610 3443 nihil
638 3408 778 3443 muto.
807 3398 973 3442 Plinius
1001 3398 1072 3442 lib.

1146 1786 1312 1827 xxvtu,
1324 1788 1418 1829 cap.
1432 1774 1458 1827 4
1471 1787 1482 1815 :
1495 1771 1540 1813 A
1542 1773 1722 1816 bslinere
1729 1785 1776 1813 se
1785 1773 1882 1813 cibo
1889 1777 2010 1814 omne·

1145 1843 1223 1882 au!
1233 1843 1339 1894 polu
1350 1871 1362 1889 ,
1384 1841 1431 1881 e‘ae
1444 1840 1787 1892 presentesse‘ems
1810 1839 2003 1880 remediis

1145 1906 1332 1946 habetur.
1355 1902 1519 1946 Eunu.

1203 1966 1297 2026 329·
1328 1968 1535 2022 Rupis-se!
1551 1970 1642 2009 iter.
1658 1967 1894 2022 Bapau’sse!
1908 1964 2006 2010 edi-

1147 2031 1310 2076 derunt
1345 2031 1451 2076 olim
1481 2031 1671 2086 Veneti,
1706 2031 1869 2076 deinde
1903 2032 2005 2075 Mi-

1147 2097 1283 2157 cyllus
1296 2130 1308 2151 ‚
1328 2098 1632 2141 Bersmannus
1646 2129 1659 2151 ,
1678 2097 1939 2140 Vincentius
1960 2106 2005 2139 et

1150 2164 1342 2208 Plantin.
1366 2163 1485 2221 quod
1508 2172 1553 2207 et
1579 2163 1627 2206 in
1658 2164 1853 2220 quinque
1874 2162 2008 2207 codi-

1149 2229 1270 2273 cibus
1302 2238 1450 2273 exstat.
1485 2228 1575 2272 Sed
1607 2245 1751 2284 rapere
1780 2234 1863 2272 iler
1889 2228 2006 2272 aliud

1150 2304 1297 2350 notat,
1314 2312 1363 2339 ac
1378 2303 1507 2352 poeta
1520 2294 1658 2337 voluit
1673 2298 1812 2350 :rupit
1823 2299 1906 2337 iter
1916 2294 2006 2349 sol,

1150 2359 1194 2403 id
1217 2369 1307 2414 est,
1323 2376 1348 2402 a
1364 2358 1513 2402 medio
1534 2375 1665 2403 cursu
1684 2357 1737 2402 ad
1761 2368 1911 2402 ortum
1932 2376 2008 2403 re-

1153 2425 1245 2469 diit.
1267 2426 1392 2469 Bene
1412 2440 1520 2469 vero
1541 2424 1662 2468 addit
1681 2426 1861 2469 medium
1875 2460 1886 2476 ,
1905 2426 2007 2483 quia

1151 2496 1234 2534 12¹er
1245 2507 1433 2547 rumpere
1448 2491 1582 2534 etiam
1596 2489 1757 2534 dicitur
1771 2490 1825 2534 de
1841 2490 2006 2535 difficili

1152 2558 1244 2607 via,
1266 2572 1404 2613 quum
1432 2556 1647 2600 obstantia
1666 2559 2006 2615 perrumpimus.

1206 2621 1301 2665 330.
1314 2622 1524 2665 Auroram
1534 2626 1682 2664 ursis.
1692 2625 1897 2666 Adversis
1904 2623 2007 2667 Lin-

1152 2686 1231 2731 col.
1242 2706 1254 2742 ;
1264 2687 1384 2731 unde
1396 2688 1606 2732 Heinsius
1618 2689 1883 2744 conjecerat,
1895 2707 2008 2735 aver-

1151 2758 1227 2796 sis.
1262 2753 1331 2797 Ita
1365 2762 1484 2797 certe
1524 2754 1696 2796 Auctor
1727 2754 1890 2798 AEtuae.
1922 2772 1976 2798 πο
1995 2774 2007 2801 :

1154 2820 1435 2875 Aversumque
1442 2821 1578 2871 d1’em;
1593 2827 1638 2861 et
1654 2817 1883 2862 claudian.
1898 2820 2008 2864 Bell.

1154 2882 1374 2927 Gildonic.
1389 2885 1471 2938 400
1491 2900 1502 2926 ε
1524 2883 1569 2925 A
1573 2887 1768 2939 certaque
1778 2885 1900 2928 diem.
1916 2885 2006 2929 Sed

1153 2947 1263 2991 nihil
1282 2964 1405 3005 opus.
1427 2948 1591 2991 Bunn.

1208 3013 1302 3056 331.
1331 3014 1447 3056 Filia
1467 3027 1704 3066 purpureos.
1727 3011 1797 3055 De
1819 3022 2006 3072 utraque

1154 3077 1310 3136 Scylla,
1327 3093 1433 3133 quas
1454 3085 1594 3133 poetae
1615 3077 1768 3133 saepius
1787 3080 2008 3124 consude—

1153 3150 1285 3191 runt,
1307 3141 1393 3183 vid.
1416 3156 1513 3196 quae
1545 3139 1747 3184 disseruit
1771 3143 1925 3188 Heius.
1949 3145 2005 3188 ad

1156 3205 1296 3250 Ulixis
1310 3205 1521 3262 Epist.33.
1538 3204 1735 3261 Quidam
1747 3223 1854 3251 vero
1868 3225 2008 3266 quum

1154 3269 1336 3312 moleste
1365 3269 1534 3312 ferrent
1563 3270 1761 3316 tribuisse
1792 3274 2006 3319 Nostrum

1155 3334 1249 3378 Nisi
1269 3334 1383 3388 filiae,
1400 3350 1498 3391 quae
1515 3344 1620 3379 sunt
1640 3336 1794 3395 Scyllae
1814 3340 2005 3395 alterius,

1158 3416 1256 3455 quae
1276 3400 1438 3444 Phorci
1458 3401 1569 3455 filia,
1586 3403 1703 3446 varie
1724 3405 1871 3449 locum
1888 3405 2007 3450 hunc
