2268 3776
262 283 331 336 32
725 283 791 336 P.
847 283 1138 340 OVIDII
1187 284 1558 345 NASONIS

342 398 606 480 Caecaque
635 421 722 458 me
749 399 990 482 praedam
1018 399 1223 461 fecerat
1250 401 1331 463 ira
1359 427 1546 476 suam3

256 497 455 556 Nonne
487 495 618 555 satis
649 495 828 556 fuerat
857 496 1061 557 timidae
1090 497 1408 559 inclamasse
1437 499 1665 582 puellae,
1977 521 2030 577 45

337 593 452 651 Nec
480 590 713 651 nimium
741 592 947 671 rigidas
974 593 1286 655 intonuisse
1313 595 1490 655 minas
1512 597 1537 656 ?

259 691 377 750 Aut
410 689 653 748 tunicam
683 712 896 750 summa
925 690 1192 751 deducere
1224 691 1462 774 turpiter
1494 715 1591 752 ora

339 785 431 847 Ad
459 784 729 845 mediam?
754 785 946 846 mediae
975 811 1114 846 zona
1146 785 1364 847 tulisset
1389 811 1566 870 opem.

256 886 334 944 At
360 907 509 943 nunc
540 882 811 955 sustinui,
841 884 1016 966 raptis
1043 908 1074 943 a
1101 883 1285 944 fronte
1316 884 1531 967 capillis
1549 932 1566 959 ‚

337 981 567 1039 Ferreus
598 979 865 1057 ingenuas
895 1004 1083 1059 ungue
1110 994 1304 1040 notare
1336 1003 1519 1058 genas.
1979 1002 2033 1044 50

255 1075 491 1135 Adstitit
517 1073 611 1134 illa
640 1099 851 1148 amens,
885 1075 1043 1149 albo,
1077 1091 1135 1137 et
1163 1076 1282 1137 sine
1311 1077 1608 1156 sanguine,
1639 1076 1796 1138 vultu
1813 1123 1829 1150 ,

339 1170 638 1231 Caeduntur
667 1172 842 1232 Pariis
875 1172 1059 1255 qualia
1088 1197 1217 1234 saxa
1240 1173 1407 1254 jugis.
1674 1186 1680 1190 ’

257 1270 546 1331 Exanimes
576 1285 754 1342 πως,
787 1284 841 1330 et
867 1271 1115 1332 membra
1145 1271 1434 1332 trementia
1462 1271 1602 1344 vidi;
1653 1324 1660 1328 .

336 1369 414 1425 Ut
445 1390 615 1448 quum
643 1365 912 1448 populeas
940 1367 1171 1428 ventilat
1198 1392 1329 1428 aura
1357 1391 1571 1442 comas;

251 1465 329 1522 Ut
356 1462 467 1522 leni
497 1462 750 1545 Zephyro
782 1461 1000 1541 gracilis
1027 1464 1279 1524 vibratur
1307 1463 1523 1524 arundo
1548 1486 1563 1536 3
1974 1481 2028 1523 55

331 1560 618 1619 Summave
650 1583 823 1642 quum
850 1559 1040 1643 tepido
1072 1561 1367 1639 stringitur
1394 1561 1547 1622 unda
1566 1562 1735 1621 Noto.

252 1656 652 1739 Suspensaeque
683 1655 779 1715 diu
806 1654 1040 1717 lacrimae
1065 1656 1269 1718 fluxere
1295 1681 1398 1741 per
1423 1682 1545 1730 ora,

242 1791 440 1850 praedam
453 1791 625 1835 voranti
638 1795 743 1834 iram
756 1791 855 1847 jure
870 1791 1096 1835 adsimilat.

301 1858 368 1913 46.
381 1859 619 1900 Ιπίοιιιιιῖςει·
630 1861 779 1899 minas.
799 1859 959 1900 Manus
976 1857 1098 1901 Nea-

245 1923 462 1980 politanus
474 1931 518 1966 et
531 1923 561 1965 J
565 1923 750 1965 unianus
761 1934 770 1961 :
782 1921 858 1965 sed
871 1922 981 1965 nihil
993 1939 1098 1965 mu-

246 1988 460 2039 tandum;
483 1988 563 2031 nisi
587 1988 743 2045 reponi
762 1987 953 2044 placeret
975 2000 986 2028 t

285 2059 356 2092 Nec
370 2060 544 2090 minimum
562 2060 683 2100 rigidas
701 2059 881 2091 intonuisse
893 2059 1010 2091 minas.

246 2122 339 2165 Nec
356 2123 588 2170 minimum,
610 2119 883 2178 subintellige
893 2119 1059 2176 fuerat.

301 2188 366 2243 47.
402 2187 499 2228 Ora.
522 2186 658 2228 Recte
681 2194 746 2228 est
765 2201 861 2236 ora,
886 2193 977 2228 tam
996 2186 1067 2228 hic
1082 2218 1095 2240 ,

248 2267 379 2306 quam
398 2251 444 2293 in
462 2250 759 2306 Metamorph.
786 2258 831 2293 et
854 2250 1069 2307 decipitur
1082 2284 1094 2306 ,

247 2331 347 2358 mea
369 2315 549 2371 quidem
568 2315 787 2358 sententia
803 2347 816 2370 ,
855 2314 1066 2359 Ciosanus
1082 2348 1094 2370 ‚

246 2380 321 2436 qui
362 2379 552 2436 Regium
596 2380 830 2437 deceptum
862 2388 1011 2425 censet
1048 2380 1096 2423 in

243 2446 375 2501 hujus
395 2445 617 2502 scripturae
644 2445 935 2493 vindicatione
957 2463 968 2490 ε
990 2462 1097 2489 nam

243 2508 398 2567 quanti
416 2543 428 2566 ,
471 2511 648 2554 obsecro
664 2542 676 2565 ‚
717 2519 782 2554 est
816 2512 851 2554 al
859 2521 948 2555 tera
986 2512 1058 2555 illa
1081 2545 1094 2566 ,

244 2592 378 2633 quam
407 2575 523 2632 ipsus
543 2574 670 2618 nobis
689 2576 946 2619 substituere
969 2592 1096 2620 ausus

244 2641 328 2686 hoc
347 2642 443 2685 loco
462 2657 534 2683 on·
547 2675 558 2692 ‚
581 2656 663 2697 pro
678 2640 779 2683 ora!
800 2639 981 2683 DouzA.

298 2708 364 2762 48.
400 2707 463 2749 Ut
478 2708 671 2749 mediam.
697 2705 847 2748 Scribe
869 2721 972 2748 cum
993 2706 1095 2748 Pu-

246 2780 404 2815 teaneo
417 2780 461 2815 et
471 2771 601 2814 tertio
615 2770 831 2824 Palatino,
850 2769 1094 2827 eodemque

245 2839 437 2896 optimo,
461 2847 558 2882 tum
580 2847 625 2882 et
644 2837 785 2895 prima
807 2836 998 2880 editione
1020 2851 1031 2877 :

246 2912 318 2944 Aut
330 2914 475 2944 tunicam
492 2923 622 2945 summa
641 2912 800 2943 deducere
812 2912 952 2953 turpiter
965 2922 1022 2942 orn

285 2972 343 3005 Ad
357 2974 496 3005 mediam
511 2985 520 3005 ι
536 2974 648 3005 mediae
661 2985 742 3005 zoua
756 2972 883 3003 tulisset
895 2983 1001 3014 opem.
1021 2972 1072 3003 11.

300 3037 367 3094 49.
396 3037 567 3089 Raptis.
589 3035 647 3078 Et
674 3034 746 3078 hic
777 3033 865 3077 duo
897 3034 1095 3078 Vaticani

242 3104 376 3156 rupte]-
403 3098 579 3142 habent.
608 3100 816 3143 Francius
834 3133 846 3154 ,
878 3100 992 3143 sorte
1019 3108 1094 3142 ta-

248 3182 353 3209 men
363 3169 550 3220 pmnszk,
574 3165 785 3222 scripsisse
803 3165 933 3209 Ovid.
954 3166 1096 3220 conji-

243 3232 315 3274 cit.
338 3231 403 3274 Ita
424 3238 540 3274 certe
561 3231 745 3284 Noster,
769 3231 882 3273 Met.
900 3226 965 3285 11¹,
988 3231 1092 3290 475:

246 3299 340 3332 Dixit
354 3311 364 3340 ;
379 3306 412 3330 et
425 3299 561 3330 adversa
569 3299 695 3341 prensis
711 3310 730 3330 a
743 3297 849 3334 fronte
860 3299 998 3340 capillis.

247 3357 368 3403 Nihil
387 3367 535 3401 tamen
555 3359 648 3402 sine
670 3358 787 3401 libris
807 3367 945 3401 muto.
968 3359 1019 3401 B.

302 3425 366 3468 51.
397 3425 584 3466 Adstitit
609 3427 690 3465 illa
717 3440 861 3466 amens
892 3432 971 3468 etc.
1004 3424 1093 3466 Pro

1177 1809 1344 1844 amens,
1358 1793 1487 1836 multi
1498 1801 1666 1836 veteres
1677 1824 1688 1846 ,
1702 1806 1871 1846 gemens
1886 1806 1899 1833 t
1915 1790 2002 1833 duo
2014 1823 2027 1845 ,

1178 1861 1362 1900 demens.
1372 1858 1433 1900 Le
1437 1873 1492 1914 go
1500 1890 1512 1912 ,
1526 1863 1707 1900 tremens
1713 1858 1870 1912 pavido
1882 1861 1928 1898 et
1936 1859 2029 1897 sine

1177 1927 1385 1978 sanguine
1394 1926 1529 1965 vultu.
1541 1922 1634 1966 Nisi
1645 1938 1724 1979 pro
1735 1936 1896 1974 amens,
1907 1920 2029 1962 malis

1171 2004 1346 2044 pauens.
1362 1989 1474 2031 Met.
1496 2001 1563 2042 Vl,
1582 1986 1750 2044 5275de
1766 1985 2029 2029 Philomela:

1178 2066 1241 2096 Illa
1256 2065 1366 2096 tremit
1376 2087 1388 2103 ,
1406 2064 1497 2096 velut
1507 2074 1589 2104 tgna
1602 2073 1736 2104 pavens,
1750 2073 1821 2104 quae
1834 2060 1943 2092 saucia
1958 2060 2030 2090 cani

1183 2127 1248 2158 Ore
1265 2137 1401 2157 excussa
1418 2125 1502 2166 lupi.

1178 2188 1358 2230 -Albo
1369 2202 1460 2231 non
1471 2184 1761 2238 movendum,
1775 2182 1893 2240 quod
1905 2199 2029 2226 com-

1178 2252 1346 2310 paratio
1366 2268 1389 2294 a
1409 2265 1630 2293 marmore
1656 2248 1860 2292 *desumto
1879 2248 2030 2304 requi-

1178 2320 1237 2362 rit
1259 2334 1269 2362 :
1303 2317 1660 2362 candidissimum
1691 2315 1813 2358 enim
1845 2317 2027 2357 Parium.

1178 2384 1334 2440 Neque
1349 2383 1482 2426 etiam
1494 2397 1641 2425 amens
1652 2389 1718 2423 est
1730 2378 2024 2430 movendum

1177 2448 1222 2491 id
1243 2457 1406 2491 estnon
1425 2462 1526 2497 sua,
1548 2454 1599 2488 ut
1618 2443 1717 2488 alibi
1737 2443 1863 2495 dicit3
1887 2458 2027 2499 quum

1177 2529 1303 2556 mens
1324 2512 1518 2566 abiisset,
1547 2519 1592 2554 et
1610 2517 1887 2553 consternata
1916 2517 2027 2552 esset

1175 2580 1345 2635 impetu
1365 2593 1492 2627 me03
1515 2584 1560 2619 et
1579 2591 1681 2617 mox
1696 2607 1708 2625 ‚
1740 2564 1921 2616 metnbra
1940 2579 2025 2616 tre-

1178 2638 1337 2686 mente‘a
1355 2649 1613 2696 sequuntur.
1631 2639 1793 2682 BURM.
1854 2659 1856 2661 ·

1232 2707 1297 2749 55.
1306 2706 1522 2748 Summave
1529 2720 1650 2761 quum
1658 2705 1796 2758 tepido
1808 2706 2029 2758 stringitur

1176 2773 1292 2814 unda
1309 2775 1421 2813 noto.
1445 2770 1590 2826 Ipsam
1609 2785 1707 2811 rem
1733 2767 1915 2810 mirifice
1940 2784 2023 2810 ex·-

1177 2836 1302 2894 ponit
1314 2835 1500 2878 verbum
1513 2834 1597 2877 hoc
1613 2837 1824 2888 stringere.
1840 2833 1915 2875 Un
1921 2832 2024 2874 dam

1176 2902 1297 2946 enim
1314 2934 1325 2955 ,
1359 2917 1498 2957 quum
1525 2900 1696 2944 levioris
1722 2908 1859 2942 ventu
1890 2897 2024 2941 assatu

1174 2968 1427 3023 impellitur,
1464 2966 1640 3022 crispari
1670 2964 1784 3008 dicas
1798 2997 1809 3018 ,
1839 2972 1882 3006 et
1903 2963 2024 3019 quasi

1176 3033 1223 3074 in
1241 3048 1368 3088 rugas
1380 3031 1590 3075 contrahi.
1604 3029 1740 3086 Quod
1754 3029 1934 3072 feliciter
1945 3027 2025 3069 ad-

1177 3096 1361 3139 modum
1376 3096 1580 3154 expressit
1595 3129 1607 3150 ,
1618 3096 1805 3152 'antiqua
1826 3095 1892 3136 vir
1908 3091 2022 3149 apud

1176 3162 1439 3205 recentiores
1450 3161 1613 3216 indole,
1625 3170 1708 3204 nec
1717 3161 1816 3204 satis
1827 3173 2020 3214 unquam

1177 3226 1419 3270 laudandus
1440 3235 1609 3270 nostras
1642 3229 1709 3269 La
1729 3228 1933 3268 Fontame
1950 3237 1964 3266 .·

1277 3303 1326 3334 Le
1338 3303 1489 3334 moindre
1502 3310 1581 3334 vent
1596 3302 1654 3344 qui
1670 3302 1857 3332 d’annture

1278 3365 1356 3395 Fuit
1369 3363 1456 3395 rider
1471 3365 1503 3394 la
1516 3363 1586 3396 sace
1601 3364 1643 3396 de
1654 3365 1752 3395 l'aeau.

1173 3446 1227 3456 ·—
1246 3425 1462 3466 Summave
1481 3440 1614 3479 quum.
1636 3421 1888 3478 Elegantius
1906 3435 2018 3462 unus
