2268 3776
205 267 314 337 442
395 271 462 322 P.
496 268 750 324 ovmn
776 267 1102 322 NASONIS
1130 268 1484 323 REMEDIA
1510 267 1828 328 AMoffls.

201 386 346 445 Vina
373 399 572 468 parant
600 384 846 444 animum
874 385 1111 458 Veneri,
1139 385 1250 445 nisi
1278 384 1520 468 plurima
1550 409 1735 448 sumas
1754 435 1770 462 ‚
1907 409 1990 451 805

280 484 356 542 Et
386 497 647 565 stupeant
674 481 854 543 multo
886 482 1051 543 corda
1082 481 1301 565 sepulta
1325 506 1496 543 mero,

202 580 465 640 Nutritur
492 595 686 652 vent0‚
714 596 881 642 vento
911 575 1281 658 restinguitur
1307 579 1492 658 ignis:

283 678 465 738 Lenis„
478 677 578 738 alit
605 678 907 750 flammam,
937 677 1198 757 grandior
1227 701 1360 737 aura
1387 691 1566 738 necat.

204 775 322 834 Aut
349 773 502 836 nulla
535 775 801 848 ebrietaS‚
831 790 928 838 aut
957 790 1109 836 tanta
1138 775 1237 848 sit,
1270 790 1334 836 ut
1362 775 1471 835 tibi
1498 799 1660 837 curas

289 870 510 954 Eripiat
533 896 545 931 ε
571 872 619 933 si
654 896 763 955 qua
793 887 877 934 est
906 873 1051 934 inter
1078 886 1406 957 utramque,
1435 885 1620 934 nocet.
1916 893 1998 933 3η,

206 1009 342 1069 HOC
374 1031 517 1091 opus
549 991 743 1088 exegi:
767 1009 924 1070 fessae
954 1009 1078 1070 date
1103 1024 1249 1071 serta
1279 1009 1512 1081 carinae;

291 1104 645 1184 Contigimus
673 1122 928 1190 portum,
957 1131 1071 1191 quo
1099 1104 1240 1168 mihi
1269 1129 1467 1167 cursus
1493 1120 1622 1167 erat.

208 1204 518 1265 Postmodo
550 1204 793 1266 reddetis
824 1229 982 1266 sacro
1012 1205 1108 1289 pia
1132 1219 1264 1265 vota
1292 1217 1502 1288 poetae,

295 1303 553 1363 Carmine
581 1303 758 1363 sanati
784 1303 990 1364 femina
1016 1303 1211 1387 virque
1238 1326 1380 1362 meo.

210 1471 314 1510 nilis
322 1470 426 1509 meis
440 1467 587 1524 scripti
601 1467 797 1525 plerique
811 1485 915 1512 eum
925 1470 1067 1526 prima
1205 1471 1303 1526 807.
1331 1469 1529 1511 Nutritur
1544 1470 1680 1507 vento.
1700 1465 1842 1518 Ignem
1861 1467 2007 1504 ventus

212 1531 421 1576 editione.
443 1533 560 1590 Lege
579 1549 589 1575 z
1150 1538 1257 1589 alit,
1278 1534 1308 1577 J
1312 1532 1427 1576 ureti
1449 1539 1651 1588 excerpta
1665 1562 1678 1585 ,
1698 1527 1835 1573 codex
1852 1528 2009 1571 Putea-

251 1606 314 1644 Spe
327 1603 460 1634 brevius
474 1604 607 1634 monitis
622 1604 792 1645 expediere
808 1606 900 1636 meis.
1151 1602 1262 1644 n'eus
1275 1634 1287 1655 ‚
1304 1608 1348 1643 et
1368 1615 1441 1643 sex
1460 1597 1531 1641 alii
1547 1614 1557 1641 :
1572 1599 1903 1653 moxflammam
1918 1593 2011 1650 pri·

213 1664 287 1708 Sic
310 1665 357 1707 in
379 1665 496 1708 Fast.
518 1665 589 1708 lib.
612 1666 695 1720 IV,
719 1666 828 1726 669:
1152 1684 1224 1714 ma
1245 1667 1380 1711 editio
1395 1700 1407 1721 ,
1423 1681 1528 1710 cum
1546 1665 1686 1709 tribus
1705 1662 2010 1720 scripti53non

212 1736 353 1777 Expedit
369 1744 532 1767 errantem
544 1738 670 1769 nemori
689 1738 873 1778 gratissima
884 1741 1018 1780 conjux.
1140 1736 1360 1790 flammas·
1378 1732 1550 1775 HBINS.

216 1797 352 1841 Certe
388 1798 624 1842 Vaticanus
664 1816 780 1843 unus
801 1833 812 1854 ,
845 1806 1071 1857 excipiare.
1209 1800 1304 1842 810.
1319 1799 1470 1854 Siqua
1481 1803 1550 1840 est
1560 1801 1671 1840 inter
1679 1801 1915 1850 utrumque,
1934 1808 2013 1834 no-

215 1866 472 1909 Hasniensis
494 1882 587 1909 non
605 1867 719 1910 male
737 1900 748 1921 ,
768 1871 966 1912 erudiere.
988 1871 1049 1913 H.
1154 1872 1233 1908 cet.
1252 1867 1371 1908 Inter
1385 1870 1602 1920 utramque
1613 1863 1728 1906 bene
1742 1859 1890 1916 scripti
1908 1874 2013 1915 qua-

271 1930 366 1973 805.
386 1933 498 1974 Vina
509 1938 671 1987 parant
685 1935 863 1975 animos.
872 1933 1073 1977 Animum
1156 1940 1272 1973 tuor.
1293 1929 1385 1974 Sed
1405 1938 1451 1973 et
1470 1930 1589 1973 inter
1607 1933 1824 1982 utrumque
1835 1922 2015 1967 defendi

216 1992 316 2036 libri
347 1995 544 2053 plerique
572 2005 771 2052 veteres,
795 2014 898 2041 cum
931 1999 1075 2055 prima
1156 1997 1256 2053 iure
1280 2003 1440 2053 potest.

220 2059 427 2105 editione·
452 2062 590 2105 lum.
1213 2061 1263 2104 81
1275 2078 1309 2104 1.
1338 2062 1436 2103 Hoc
1460 2075 1567 2116 opus
1599 2061 1732 2113 exegi.
1763 2057 1880 2099 Ecce
1913 2070 2016 2109 opus

276 2126 372 2168 806.
407 2128 468 2169 Ut
482 2133 689 2183 stupeant.
713 2127 856 2172 Iidem
872 2162 883 2184 ,
907 2131 970 2172 Et
986 2136 1077 2173 stu-
1159 2126 1326 2170 malim.
1349 2126 1519 2170 Hssms.

215 2197 360 2245 peant.
377 2191 544 2237 HEINS.
568 2193 634 2237 Ita
647 2202 692 2237 et
706 2193 873 2238 Douza.
890 2197 980 2239 Fac
989 2202 1080 2238 slu-
1206 2191 1539 2235 813.P0stmodo
1550 2185 2017 2243 reddatissscriptisere

216 2264 367 2311 peanl,
397 2258 621 2304 Leidensis
643 2268 688 2304 et
708 2259 797 2304 duo
816 2259 887 2305 alii
905 2277 915 2306 :
934 2263 1048 2306 sorte
1063 2295 1076 2318 ,
1160 2271 1319 2301 omnes
1329 2271 1434 2301 cum
1446 2256 1628 2300 vetustis
1637 2252 1920 2305 editionibus,
1932 2253 2020 2294 red-

224 2339 279 2366 ae
297 2329 505 2380 stupeant·
1163 2326 1283 2367 detis.
1303 2322 1439 2367 Forte
1452 2356 1464 2379 ,
1495 2325 1581 2367 Vos
1597 2323 1722 2366 modo
1737 2322 1938 2364 reddatis.
1953 2318 2020 2361 In.
