2294 3802
1993 358 2059 377 ων

282 362 592 387 mmm

674 602 839 693 AD
919 602 1659 692 LECTOREM.

288 1469 412 1557 EN
442 1508 624 1556 totum
650 1494 824 1556 habes
842 1540 858 1568 ‚
886 1496 1120 1567 Lector,
1151 1461 1500 1555 Amatoriusn
1526 1494 1820 1556 NASONEM
1844 1515 1859 1554 :
1885 1514 2055 1577 supe-

287 1634 402 1681 rest
441 1633 507 1681 ut
544 1618 797 1682 eumdem
834 1618 940 1680 tibi
977 1642 1126 1681 nunc
1168 1618 1528 1682 exhibeamus
1571 1642 1713 1702 opus
1752 1632 2063 1680 moventem

287 1742 463 1825 majus
481 1789 497 1816 ‚
528 1756 584 1805 et
613 1742 684 1804 ad
710 1741 1058 1803 Homericam
1084 1764 1263 1826 prope
1293 1741 1618 1822 dignitatem
1641 1788 1657 1816 ,
1697 1756 1753 1803 et
1782 1740 2067 1801 Maronia-

284 1889 414 1927 nam
438 1864 767 1945 elegantiam
795 1889 914 1927 non
943 1865 1021 1927 ita
1045 1889 1172 1927 raro
1209 1864 1554 1927 accedentem
1571 1912 1587 1939 ‚
1632 1864 1693 1925 in
1731 1864 1932 1926 eximio
1962 1863 2060 1926 illo

283 1991 520 2053 carmine
537 2037 553 2066 ‚
585 1990 738 2076 quod
764 1990 831 2053 de
859 2015 1042 2053 rerum
1072 1990 1625 2073 Transfhnnattbm'bus
1648 1990 1996 2074 conscripsit.

367 2119 509 2180 Mox
534 2118 827 2203 procedet,
861 2118 1120 2204 Tempora
1139 2143 1240 2204 per
1262 2118 1474 2181 Latium
1503 2142 1692 2180 annum
1714 2118 2029 2197 digesturus
2047 2162 2061 2178 ,

282 2242 783 2327 recognitumsque
818 2242 982 2305 Sacra
1001 2293 1015 2314 ,

823 2495 1157 2508 ...........
1193 2463 1441 2508 Annalibus
1461 2471 1586 2513 eruta
1605 2461 1764 2519 priscis.

369 2685 517 2749 Exul
543 2686 781 2771 denique
798 2734 814 2761 ‚
842 2688 1026 2748 mittet
1051 2686 1157 2748 tibi
1184 2685 1400 2770 Eleffl'as
1416 2734 1433 2757 ,
1464 2709 1557 2746 suo
1580 2698 1714 2745 tunc
1735 2682 1932 2745 nomine
1954 2680 2065 2743 heu

289 2807 461 2872 dictas
489 2811 701 2873 verius!
744 2811 948 2895 Sicque
977 2835 1044 2872 ex
1072 2834 1188 2871 uno
1221 2808 1525 2892 eodemque
1566 2807 1869 2891 scriptore,
1909 2806 2068 2890 quasi

289 2931 628 3015 tripartitum
668 2949 890 3017 poetam
936 2932 1149 3017 poteris
1188 2930 1509 3011 recolligere
1528 2977 1544 3004 ‚
1578 2930 1706 3013 qui,
1740 2929 1873 2990 dum
1911 2943 2066 2989 aetate

288 3054 455 3116 simul
484 3070 541 3116 et
565 3056 792 3135 ingenio
823 3055 1105 3130 lascivior,
1134 3055 1292 3118 Artis·
1313 3104 1329 3126 ,
1366 3077 1531 3137 quam
1556 3053 1676 3136 ipse
1705 3066 2028 3113 tractaverat
2051 3097 2066 3122 ‚

286 3193 561 3263 praecepta
588 3180 852 3242 tradidit:
879 3181 1112 3243 tentavit
1135 3179 1331 3241 deinde
1355 3177 1651 3258 grandiora
1666 3225 1682 3250 ‚
1710 3177 1885 3238 donec
1909 3175 2073 3237 exilio

287 3317 345 3367 et
363 3303 598 3366 miseriis
619 3304 826 3366 fractus
845 3352 860 3379 ,
894 3329 1147 3388 cycneam
1169 3306 1408 3367 animam
1428 3304 1488 3365 in
1497 3304 1741 3384 gemitus
1769 3316 2071 3387 perpetuos

293 3440 349 3504 et
377 3427 614 3509 ejulatus
631 3476 646 3505 ,
678 3443 801 3491 ante
826 3444 1043 3513 tempus
1069 3430 1339 3493 exhalavit
1362 3432 1377 3490 !
