2268 3776
263 272 329 302 “²
720 269 785 325 P.
834 268 1130 328 OVIDII
1175 270 1555 329 NASONIS

259 292 332 342 04

332 389 569 467 Tingere
600 409 765 470 quam
791 386 971 470 possis
990 433 1004 459 ‚
1032 387 1143 468 jam
1173 388 1278 447 tibi
1307 387 1460 449 nulla
1487 413 1643 450 coma
1672 404 1777 450 est.¹

256 488 363 559 At,
396 484 443 544 si
470 504 631 566 passa
659 481 834 554 foreS‚
868 481 1002 564 quid
1028 497 1144 542 erat
1173 484 1477 565 speciosius
1504 484 1650 545 illis?

341 579 704 658 Contigerant
724 579 895 638 imum
913 625 928 651 ,
962 602 1070 661 qua
1093 593 1247 661 patet
1275 580 1481 663 usque,
1514 581 1675 642 latus.

260 677 451 759 Quid?
480 675 634 759 quod
662 689 818 735 erant
847 690 1065 746 tenueS‚
1099 689 1153 734 et
1185 699 1327 757 quos
1360 701 1554 739 ornare
1584 679 1835 751 timeres;
2007 694 2032 737 5

337 773 476 834 Vela
503 771 733 832 colorati
764 771 947 854 qualia
970 772 1132 830 Seres
1158 771 1397 832 habent:

259 871 364 933 Vel
392 869 532 954 pede
565 869 719 953 quod
750 867 941 947 gracili
971 867 1195 928 deducit
1219 892 1414 929 aranea
1440 866 1595 930 filum
1613 855 1641 942 ‚l

342 968 534 1047 Quum
562 966 679 1028 leve
710 966 927 1027 deserta
959 965 1064 1025 sub
1093 965 1247 1025 trabe
1276 966 1449 1026 nectit
1479 966 1666 1050 opus?

259 1142 381 1171 croco
399 1132 583 1168 vertere.
617 1123 764 1168 Pudet
783 1140 853 1168 eas
874 1123 1006 1167 etiam
1025 1138 1109 1165 na-

262 1190 391 1233 tionis
410 1204 520 1243 suae,
544 1187 661 1244 quod
681 1203 774 1230 non
799 1190 1018 1230 Germanu-
1034 1194 1109 1228 aut

266 1257 406 1299 Gallae
432 1253 518 1296 sint
546 1261 813 1309 procreatae:
845 1252 909 1295 ita‘
924 1249 1108 1308 patriam

262 1319 414 1377 capillo
432 1318 727 1362 transferunt!
760 1335 781 1355 ³»

318 1402 356 1427 2.
385 1386 561 1439 Tingere
575 1399 696 1440 quum
703 1387 859 1437 possis.
878 1383 995 1426 Puto
1013 1396 1110 1424 rec-

261 1451 345 1493 tius
357 1451 540 1507 ,fingere
555 1482 565 1499 ‚
582 1464 639 1491 ne
652 1448 716 1491 bis
727 1447 846 1490 idem
863 1446 975 1490 dicat
992 1464 1002 1498 3
1019 1447 1110 1502 jam

263 1516 384 1559 enim
424 1517 631 1558 medicare
672 1516 851 1570 capillos
885 1511 1111 1569 praecessit.

265 1580 388 1624 Med.
410 1580 554 1624 Faciei
570 1589 582 1619 t

265 1651 355 1681 Rure
370 1650 500 1688 sedent,
507 1649 707 1694 finguntque
723 1656 843 1679 comas.

268 1712 364 1756 Art.
387 1711 488 1754 Am.
509 1710 619 1753 libro
639 1710 806 1767 primo,
830 1709 912 1751 306
933 1723 944 1750 ε

266 1784 358 1824 Quid
374 1783 469 1814 toties
486 1782 607 1824 positas
623 1781 720 1823 fingis
734 1781 843 1821 inepta
858 1778 992 1811 comas?
1009 1779 1057 1810 H.

267 1866 321 1878 ·--
333 1845 469 1888 Recte
486 1842 665 1900 quidem
660 1845 839 1900 fingere,
856 1842 903 1884 in
918 1841 1020 1884 locis
1037 1839 1116 1883 ad-

267 1910 382 1962 latis3
404 1908 480 1953 sed
500 1908 660 1962 rectius
680 1907 821 1950 multo
841 1907 927 1960 hic,
945 1908 1115 1961 tingere.

321 1976 360 2018 3.
386 1976 503 2028 Quid
509 1979 604 2016 erut
619 1976 850 2029 speciosius
863 1975 952 2015 illis
967 1975 991 2016 ?
1009 1972 1118 2027 Spa-

268 2045 432 2090 tz'osius,
450 2040 700 2082 Puteaneus
712 2053 814 2081 cum
827 2036 996 2080 duobus
1010 2035 1115 2089 aliis,

270 2114 313 2150 et
334 2105 478 2148 Jureti
501 2103 708 2160 excerptis
729 2119 739 2146 ε
761 2111 893 2146 recte.
917 2102 975 2144 H.
1010 2101 1117 2145 Sine

270 2168 404 2212 dubio
425 2183 526 2210 vera
545 2167 671 2210 lectio
695 2183 705 2218 ;
729 2173 773 2209 et
792 2166 852 2208 ita
872 2166 1119 2222 conjecerat

271 2234 436 2276 Douza.
455 2235 689 2275 Pretiosius
704 2266 714 2282 ,
752 2230 906 2273 tertius
934 2229 1118 2273 Palatin.

271 2302 511 2342 Formosius
522 2332 531 2348 ‚
554 2296 721 2339 Mox-eti
737 2296 915 2352 primus.
929 2295 1092 2338 Bumu.

327 2366 365 2406 5.
388 2365 561 2406 Tenues.
578 2361 764 2405 Summa
777 2361 823 2404 in
835 2360 994 2418 capillis
1005 2376 1120 2403 com-

273 2427 497 2471 mendatio
519 2442 530 2470 :
548 2427 648 2469 infr.
669 2440 726 2469 111
741 2460 752 2481 ,
779 2426 899 2483 Eleg.
923 2440 975 2480 x,
999 2426 1024 2467 3
1042 2441 1052 2468 ι

272 2499 374 2530 Flava
387 2499 481 2530 ceres
495 2520 505 2536 ‚
524 2505 633 2528 tenues
653 2497 751 2537 spicis
766 2497 917 2527 redimita
932 2495 1078 2539 capillos.

274 2558 378 2604 Vid.
411 2557 604 2601 Broukh.
626 2556 680 2598 ad
703 2556 800 2599 Tib.
820 2570 838 2598 1
854 2589 866 2611 ‚
890 2556 957 2598 El.
975 2570 1004 2599 x
1021 2589 1032 2611 ‚
1055 2556 1122 2599 68.

272 2649 329 2659 —-
347 2626 461 2679 Quos
479 2638 626 2666 ornare
644 2626 823 2664 timeres.
846 2620 997 2663 Codex
1018 2621 1125 2663 Mo—

273 2692 386 2746 reti,
407 2705 488 2747 pro
508 2688 675 2731 diversa
694 2686 880 2730 lectione
902 2718 913 2740 ,
934 2690 1124 2741 spectare

275 2760 468 2801 deceret:
488 2755 600 2797 sorte
618 2786 630 2808 ,
646 2768 819 2808 pexare.
839 2752 1007 2794 HEINS.

329 2823 369 2866 6.
407 2824 513 2866 Vela
533 2823 716 2863 colorati
734 2820 876 2874 qualia
898 2817 1018 2859 Sere's
1036 2818 1125 2858 ba-

278 2891 389 2931 bent.
426 2889 530 2930 Vela
556 2900 637 2942 pro
658 2883 846 2927 vestibus
872 2882 1016 2925 sericis
1042 2880 1126 2924 dici

279 2954 500 3010 eleganter
515 2967 635 3008 posse
653 2965 746 2993 non
765 2957 873 3006 puto
890 2981 901 3002 ,
924 2947 1024 2990 licet
1043 2946 1126 2989 illae

277 3017 404 3062 fluxae
422 3025 565 3060 essent
584 3025 627 3058 et
648 3015 764 3059 laxae.
800 3013 952 3069 Quare
974 3021 1126 3069 putem

275 3083 348 3126 hic
367 3081 653 3139 repetendam
682 3095 836 3123 vocem
857 3095 908 3122 ex
927 3077 1128 3134 sequenti

278 3164 406 3192 versu
408 3150 496 3206 fila
510 3181 521 3199 ‚
546 3162 641 3203 quae
662 3146 819 3202 passim
839 3162 862 3187 a
881 3144 1018 3201 poetis
1035 3143 1127 3187 Se—

278 3214 398 3257 ribus
418 3212 735 3255 adscribuntur.
755 3212 917 3254 BURM.
939 3233 994 3241 -
1022 3211 1127 3253 Vela

278 3277 349 3321 hic
367 3294 446 3335 pro
465 3277 624 3320 vellera
644 3284 871 3333 ponuntur
887 3307 899 3330 ,
929 3291 1007 3318 seu
1026 3278 1129 3317 lana

279 3347 421 3385 mollis
434 3377 445 3395 ,
477 3358 562 3399 qua
580 3358 731 3385 canere
748 3340 1009 3397 AEthiopum
1036 3356 1127 3382 ne-

283 3424 407 3451 mora
427 3408 543 3452 canit
561 3407 682 3463 Virg.
702 3405 862 3463 Georg.
884 3419 937 3460 11,
961 3421 1062 3459 1203
1085 3415 1128 3449 et

1192 1137 1324 1178 quam
1357 1123 1447 1180 ipse
1477 1126 1637 1166 vellera
1649 1122 1855 1180 proxime
1888 1120 2038 1165 subse—

1192 1188 1346 1244 quenti
1377 1205 1504 1232 versu
1532 1188 1745 1231 nominat.
1782 1187 1913 1230 Hanc
1932 1202 2039 1230 vero

1192 1252 1312 1309 quasi
1350 1253 1604 1311 lanuginem
1625 1285 1637 1308 ,
1683 1253 1891 1296 arborum
1928 1252 2040 1294 soliis

1191 1316 1763 1375 inhaerentem‚populorum
1772 1316 1901 1374 primi
1911 1316 2041 1359 Seres

1191 1381 1239 1424 in
1267 1382 1339 1425 fila
1360 1382 1578 1427 duxerunt
1594 1416 1606 1438 ‚
1634 1383 1971 1438 intexeruntque
1993 1380 2039 1423 in

1193 1462 1376 1503 pannos,
1391 1447 1510 1491 unde
1519 1457 1658 1491 vestes
1668 1448 1750 1491 illae
1759 1445 2021 1491 tenuissimae
2028 1479 2039 1499 ,

1196 1530 1217 1548 «
1236 1512 1390 1568 quibus
1404 1544 1416 1567 ,
1439 1520 1489 1555 ut
1508 1512 1567 1556 ait
1587 1512 1762 1556 Solinus
1778 1545 1789 1567 ‚
1821 1519 2042 1555 ostentare

1193 1577 1336 1634 potius
1357 1593 1564 1634 corpora,
1588 1593 1722 1634 quam
1751 1577 1907 1620 vestire
1923 1609 1935 1631 ‚
1956 1577 2043 1618 sae-

1193 1643 1326 1687 minis
1338 1643 1549 1701 persuasit
1567 1642 1746 1686 luxuriae
1760 1641 1904 1685 libido.
1925 1659 1946 1678 >›
1961 1643 2045 1684 Co-

1194 1712 1482 1752 lorutiautem
1498 1709 1629 1759 Seres,
1645 1707 1744 1764 quia
1761 1707 1881 1750 Indis
1898 1706 2045 1749 finiti—

1194 1774 1258 1816 mi
1271 1806 1283 1828 ,
1308 1773 1382 1830 qui
1402 1773 1539 1817 nimia
1559 1773 1658 1817 solis
1676 1773 1894 1817 vicinitate
1915 1787 2045 1815 com-

1194 1838 1310 1882 busti
1347 1838 1669 1896 nigrescentem
1708 1837 1812 1881 inde
1852 1837 2046 1881 colorem

1196 1912 1435 1947 traxerunt.
1653 1908 1655 1910 ’

1255 1988 1290 2027 7.
1327 1973 1411 2014 Vel
1425 1971 1536 2025 pede
1565 1970 1680 2026 quod
1696 1970 1853 2024 gracili
1879 1970 2053 2010 deducit

1197 2053 1356 2080 aranea
1358 2038 1500 2094 filum.
1514 2038 1698 2091 Fmgili,
1725 2035 1772 2078 in
1787 2034 1923 2076 altero
1944 2032 2050 2075 Me-

1199 2102 1344 2153 dice03
1363 2099 1889 2156 undefaciliconjiciebat
1902 2097 2050 2140 Hein-

1197 2167 1296 2211 sius.
1308 2168 1523 2217 Producit,
1536 2165 1724 2209 Sarravii
1735 2181 1744 2208 z
1755 2165 1930 2213 frustra;
1945 2178 2050 2205 nam

1195 2234 1367 2287 gracilis
1383 2239 1426 2274 et
1439 2232 1642 2273 deducere
1660 2228 1834 2287 propria
1847 2228 1893 2270 in
1908 2227 1989 2270 hac
2001 2243 2051 2269 re

1199 2297 1329 2340 verba
1342 2330 1354 2351 ,
1376 2304 1426 2339 ut
1446 2304 1490 2339 et
1512 2287 1559 2338 in
1581 2294 1771 2338 lanificio
1791 2292 2051 2350 puellarum.

1201 2364 1403 2419 Propert.
1423 2375 1472 2405 lv
1491 2393 1503 2415 ‚
1528 2360 1648 2418 Eleg.
1672 2373 1730 2401 111
1744 2392 1756 2414 ,
1779 2359 1831 2401 33
1850 2371 1860 2398 ε

1241 2434 1283 2464 Et
1297 2432 1400 2474 Tyria
1418 2431 1451 2462 in
1466 2430 1574 2462 radios
1590 2430 1711 2460 vellera
1725 2429 1830 2460 ducta
1844 2438 1932 2459 suos,

1203 2487 1262 2530 Et
1290 2485 1344 2544 ad
1372 2484 1465 2529 haec
1493 2484 1680 2528 adducta
1703 2483 1776 2527 illa
1807 2481 1979 2540 Virgilii
2005 2481 2054 2525 in

1206 2555 1350 2596 Culice
1370 2549 1662 2608 comparatio:

1202 2629 1358 2661 Lusimus
1371 2652 1382 2667 ,
1399 2627 1536 2666 Octavi,
1562 2625 1686 2667 gracili
1700 2623 1887 2655 modulante
1910 2621 2026 2652 Thalia
2043 2643 2053 2657 ‚

1203 2690 1315 2731 Atque
1328 2688 1477 2720 araneoli
1490 2695 1622 2718 tenuem
1633 2684 1846 2717 formavimus
1859 2693 1978 2714 orsum.

1204 2752 1271 2795 Ut
1295 2749 1416 2793 enim
1443 2763 1602 2791 aranea
1622 2752 1786 2789 tenuem
1809 2760 1947 2787 orsum
1963 2777 1974 2794 ‚
2007 2741 2056 2785 id

1206 2816 1402 2872 estfiluin
1417 2849 1427 2867 ‚
1453 2813 1571 2871 quod
1590 2811 1762 2855 orditur
1779 2845 1792 2866 ‚
1821 2815 1944 2855 tenue
1961 2811 2057 2853 sor-

1204 2891 1296 2926 mat
1326 2883 1437 2937 pede
1462 2881 1638 2936 gracili,
1694 2878 1754 2920 ita
1790 2891 1870 2918 nos
1911 2875 2058 2933 gracili

1205 2951 1336 2993 Musa
1349 2948 1529 2991 lusimus
1546 2962 1556 2988 :
1569 2960 1676 2988 nam
1690 2952 1733 2986 et
1745 2944 1947 2985 deducere
1959 2957 2057 2984 cura

1205 3031 1299 3058 meu
1317 3046 1328 3067 ,
1360 3028 1447 3069 quo
1470 3012 1631 3055 Noster
1652 3023 1668 3051 1
1683 3042 1694 3063 ‚
1717 3008 1901 3051 Bletam.
1923 3008 1950 3061 4
1967 3038 1979 3060 ,
2012 3012 2058 3047 et

1206 3079 1305 3123 alibi
1324 3094 1434 3135 saepe
1452 3076 1615 3128 utitur,
1639 3072 1826 3116 deducta
1840 3071 1943 3114 hinc
1958 3086 2057 3113 me-

1205 3144 1388 3201 taphora
1405 3175 1418 3198 ,
1439 3141 1618 3185 dictum.
1636 3139 1800 3182 BURM.

1260 3211 1298 3253 8.
1317 3211 1463 3253 Nectit
1471 3222 1585 3262 opus.
1613 3206 1656 3247 T
1648 3208 1741 3247 exit
1753 3202 1821 3245 vel
1837 3205 1954 3244 nevit
1965 3216 2056 3243 ma-

1204 3276 1320 3321 lebat
1339 3275 1444 3317 olim
1461 3271 1669 3316 Heinsius
1685 3286 1694 3312 :
1716 3267 1874 3312 deinde
1892 3283 1994 3310 cum
2010 3267 2056 3308 in

1208 3341 1500 3385 Ambrosiano
1547 3336 1775 3394 reperisset
1799 3336 1935 3389 fingit
1948 3366 1959 3383 ‚
1996 3332 2058 3373 il-

1205 3408 1282 3460 lud
1302 3406 1491 3464 praejulit
1517 3423 1527 3458 3
1557 3412 1601 3447 et
1629 3404 1689 3446 ita
1709 3399 1842 3445 codex
1863 3397 2040 3441 Douzae.
