2268 3776
258 319 365 373 302

733 319 799 371 P.
850 319 1147 375 OVIDII
1188 318 1571 377 NASONIS

333 433 593 511 Frigidus
621 447 675 492 et
703 434 855 495 nuda
885 458 1028 519 saepe
1055 437 1265 518 jacebis
1292 437 1483 497 humo,

259 530 535 614 Cynthius
562 529 788 591 Admeti
817 555 1005 593 vaccas
1034 534 1249 615 pavisse
1279 535 1532 596 Pheraeas

333 630 563 699 Fertur,
598 643 653 687 et
682 628 741 687 in
770 653 939 712 parva
969 630 1254 692 delituisse
1286 656 1423 692 casa.

1961 649 2041 706 240

253 724 429 804 Quod
459 723 738 785 Phoebum
765 727 980 799 decuit,
1019 752 1185 810 quem
1213 753 1331 788 non
1359 729 1553 789 decet?
1580 752 1715 790 exue
1744 729 1948 801 fastuS,

334 822 538 881 Curam
564 823 811 882 mansuri
846 825 1101 906 quisquis
1132 826 1336 885 amoris
1365 824 1555 885 habes.

250 918 311 978 Si
347 918 451 978 tibi
479 943 579 1001 per
610 934 824 994 tutum,
856 921 1200 1005 planumque
1229 922 1532 1001 negabitur
1552 923 1657 996 ire,

329 1017 516 1099 Atque
545 1016 648 1075 erit
679 1019 939 1101 opposita
963 1019 1131 1099 janua
1157 1018 1297 1079 fulta
1325 1043 1479 1092 sera3

249 1114 326 1173 At
360 1128 421 1173 tu
451 1137 550 1197 per
575 1139 820 1198 praeceps
851 1131 998 1177 tecto
1034 1115 1284 1177 delabere
1316 1131 1506 1200 aperto
1534 1141 1548 1176 :

328 1211 441 1270 Det
472 1235 696 1294 quoque
719 1212 951 1275 furtivas
983 1213 1094 1274 alta
1121 1214 1363 1275 fenestra
1390 1215 1523 1274 vias,

248 1308 396 1367 Laeta
427 1309 559 1381 erit,
594 1324 658 1368 ut
686 1335 905 1371 causam
936 1311 1043 1371 tibi
1071 1335 1126 1371 se
1159 1312 1295 1372 sciet
1324 1335 1442 1373 esse
1468 1309 1662 1394 pericli
1687 1335 1700 1370 :

330 1408 453 1466 Hoc
490 1408 726 1469 dominae
755 1410 891 1470 certi
920 1410 1128 1492 pignus
1159 1409 1363 1470 amoris
1394 1410 1515 1471 erit.

246 1502 401 1585 Saepe
433 1518 528 1564 tua
556 1520 810 1587 poteras,
839 1507 1118 1580 Leandre,
1153 1531 1334 1568 carere
1364 1505 1584 1589 puella:

327 1604 640 1676 TranabaS‚
676 1605 923 1665 animum
951 1620 1147 1665 nosset
1174 1620 1240 1665 ut
1263 1603 1358 1665 illa
1389 1618 1563 1664 tuum.
1957 1617 2039 1660 250

242 1699 358 1760 Nec
385 1701 574 1783 pudor
607 1702 862 1775 ancillaS,
892 1719 957 1764 ut
985 1728 1217 1787 quaeque
1249 1704 1354 1765 erit
1384 1703 1579 1763 ordine
1608 1702 1817 1786 prima,

319 1799 436 1857 Nec
466 1798 570 1858 tibi
598 1799 671 1859 sit
697 1823 883 1860 servos
915 1799 1252 1862 demeruisse
1280 1802 1482 1885 pudor.

241 1893 480 1955 Nomine
516 1896 790 1980 quemque
823 1922 955 1972 su0,
988 1898 1146 1959 nulla
1175 1914 1260 1960 est
1279 1899 1519 1980 jactura,
1554 1897 1766 1958 saluta:

240 2085 314 2129 Sic
333 2089 537 2129 coelestem
551 2103 724 2143 aquam,
751 2088 908 2131 Horat.
926 2088 997 2131 lib.
1021 2102 1096 2144 111,

243 2150 334 2194 Od.
367 2167 430 2193 ιο.
466 2151 586 2194 Dixit
615 2161 659 2195 et
689 2154 850 2197 Noster
881 2154 981 2196 infr.
1003 2155 1098 2197 352.

239 2218 400 2259 Imbres
414 2220 579 2260 solutos
591 2227 780 2274 quatuor
793 2219 890 2262 libri
905 2223 1096 2262 :imbrem

226 2284 429 2338 fluentem
450 2299 576 2327 unus.

293 2348 386 2389 238.
407 2350 606 2402 Frigidus
619 2354 663 2390 et
674 2351 790 2391 nuda
804 2365 913 2405 saepe
920 2349 1097 2404 jacebis

237 2414 375 2456 humo.
397 2415 594 2457 Manebis
625 2425 825 2473 excerpta
846 2417 993 2460 Jureti
1014 2433 1024 2461 :
1048 2425 1097 2459 ut

238 2478 353 2533 apud
378 2480 641 2534 Horatium
664 2481 735 2524 lib.
758 2482 779 2525 I
795 2515 806 2536 ,
831 2481 919 2525 Od.
942 2500 956 2524 1
978 2498 1099 2525 :ma-

237 2549 310 2585 net
324 2547 401 2585 sub
430 2547 536 2587 Jove
554 2545 722 2600 frigido
754 2554 939 2590 venator.
976 2548 1096 2591 Hinc

237 2616 487 2652 emansores.
507 2609 670 2653 Glossae
690 2611 920 2668 Stephani,
934 2615 1096 2655 Eman-

237 2678 327 2724 sl'o‚
351 2679 630 2730 Παννυχισμές.
659 2678 865 2729 Emanet,
895 2681 1064 2733 διαμένει
1081 2711 1093 2733 ,

236 2743 472 2794 παννυχεύει.
504 2740 670 2784 HEINS.

294 2804 389 2864 239.
398 2807 575 2847 Favisse
579 2811 800 2860 peroestus.
814 2806 975 2864 Scripti
985 2808 1095 2851 mul-

237 2869 269 2912 ti
284 2902 296 2924 ‚
307 2887 384 2924 per
396 2873 571 2925 herbas7·
591 2871 666 2919 sed
685 2880 759 2914 aut
773 2873 927 2916 Pberei
941 2873 1096 2930 legen-

237 2934 351 2977 dum'
367 2952 469 2979 cum
491 2937 632 2994 Regio
648 2970 659 2992 ‚
682 2938 829 2982 Jureti
848 2971 860 2992 ‚
885 2938 1091 2995 Scaligeri

237 3017 285 3043 ac
296 3002 485 3044 Puteani
499 3003 724 3059 excerptis,
738 3012 783 3046 et
796 3003 1093 3047 Lincolniensi

238 3065 385 3109 codice
404 3085 413 3118 3
439 3076 515 3110 aut
535 3070 751 3121 memus,
774 3085 876 3112 cum
896 3085 987 3111 uno
1002 3071 1093 3112 Va-

236 3131 383 3174 ticano
415 3141 460 3175 et
484 3133 724 3188 Patavino,
749 3151 798 3177 ae
818 3135 958 3191 prima
987 3134 1091 3178 edi—

237 3195 371 3238 tione.
407 3197 522 3240 Vide
550 3214 646 3254 quae
668 3200 759 3255 jam
780 3216 830 3243 ea
851 3200 904 3244 de
927 3217 975 3243 re
993 3233 1004 3255 ,
1035 3200 1090 3243 ad

242 3259 378 3317 Epist.
398 3275 453 3315 v,
482 3265 573 3306 151.

293 3327 386 3381 243.
398 3328 535 3370 Sitibi
536 3345 614 3383 per
622 3335 753 3372 tutam
759 3333 1011 3387 planumque
1023 3348 1090 3373 ne-

232 3395 404 3447 gabitur
418 3398 489 3437 ire.
512 3397 811 3451 Placidumque
824 3397 970 3454 scripti
987 3397 1089 3453 ple-

233 3458 361 3515 rique
382 3477 392 3515 3
415 3459 491 3503 sed
513 3459 589 3503 diu
609 3470 672 3505 est
694 3462 811 3518 quod
835 3466 1090 3520 planumque

1181 2087 1270 2130 vidi
1303 2085 1617 2144 corrigendum
1640 2117 1651 2139 ‚
1687 2082 1803 2141 quod
1839 2098 1953 2125 unus
1986 2098 2036 2124 ex

1175 2152 1408 2196 *Vaticanis
1429 2151 1716 2208 postmodum
1745 2148 2037 2192 confirmavit.

1179 2222 1320 2262 Plana
1329 2218 1575 2275 praecipitiis
1584 2225 1629 2260 et
1641 2215 1786 2259 arduis
1795 2224 1838 2257 et
1846 2226 2035 2271 praerup—

1179 2284 1232 2326 tis
1244 2292 1544 2340 opponuntur.
1566 2283 1734 2325 Seneca
1746 2314 1757 2334 ,
1774 2283 2006 2323 Phoenissis
2021 2295 2034 2321 t

1181 2349 1266 2404 (ita
1283 2349 1403 2391 enim
1421 2348 1614 2405 optimus
1628 2346 1858 2389 Mediceus
1879 2345 2035 2388 inscri-

1178 2414 1243 2457 bit
1256 2413 1535 2470 Tragoediam
1552 2446 1564 2468 ,
1581 2428 1678 2470 quae
1701 2414 1929 2455 Thebaidis
1948 2426 2033 2453 no-

1179 2480 1302 2523 mine
1323 2497 1557 2538 perperam
1578 2478 1918 2532 circumfertur.)
1937 2494 1948 2521 ε

1218 2557 1258 2587 In
1274 2557 1370 2598 plana
1384 2557 1491 2588 tendis
1502 2557 1520 2588 ⁹?
1534 2557 1618 2588 vado
1633 2567 1643 2589 ε
1659 2562 1821 2598 praerupta
1833 2554 1958 2596 appetis
1973 2553 1991 2584 ⁰?

1217 2618 1295 2649 Non
1308 2618 1418 2659 obst03
1434 2618 1491 2649 sed
1508 2618 1664 2659 praecedo.
1832 2617 1965 2647 Hmus.

1241 2680 1335 2733 244.
1377 2680 1583 2734 Opposita
1602 2679 1747 2732 janua
1776 2680 1891 2720 sulla
1920 2691 2027 2718 sera.

1175 2744 1388 2799 Apposita
1402 2743 1510 2786 alter
1522 2744 1708 2799 Regius:
1724 2742 1909 2785 diximus
1925 2742 2026 2785 Am.

1175 2820 1232 2849 111
1250 2840 1261 2861 ‚
1287 2807 1410 2864 Eieg.
1431 2821 1512 2849 XIV
1528 2840 1540 2862 ,
1567 2823 1630 2850 10.

1231 2875 1323 2927 245.
1336 2874 1508 2928 Aperta.
1521 2873 1594 2915 Ab
1608 2876 1699 2915 alto
1709 2872 1840 2915 unius
1851 2873 2028 2930 Regius.

1231 2941 1322 2995 247.
1353 2941 1404 2982 Se
1423 2944 1539 2982 sciet.
1561 2941 1613 2982 Se
1620 2941 1747 2995 feret.
1765 2939 2025 2982 Beruensis:

1172 3009 1332 3047 sentiat
1356 3006 1494 3049 Palat.
1526 3011 1680 3049 sentiet
1708 3005 1949 3049 Beruensis
1983 3014 2028 3048 et

1173 3078 1261 3113 tres
1282 3071 1351 3114 alii
1372 3088 1382 3114 ε
1406 3078 1451 3114 et
1466 3088 1612 3115 casum
1632 3075 1717 3115 tibi
1732 3076 1895 3123 sentiet,
1913 3087 2027 3114 unus

1174 3135 1362 3179 Heinsii.

1226 3204 1496 3256 248.Amoris
1502 3205 1766 3247 en'tAmoris
1775 3205 1883 3245 habe
1892 3201 2028 3245 Palat.

1227 3285 1250 3309 2
1257 3271 1489 3312 50.Nosset.
1500 3271 1634 3312 Sciret
1642 3269 1837 3319 Vossiiet
1846 3269 1934 3311 duo
1944 3269 2026 3311 alii.

1227 3336 1320 3375 252.
1332 3335 1475 3377 Servos
1490 3338 1739 3378 demeruisse
1746 3339 1893 3391 pudor.
1906 3338 2025 3378 Eme-

1168 3403 1303 3441 ruisse
1317 3399 1452 3442 codex
1474 3401 1664 3455 Moreti,
1686 3410 1731 3444 et
1753 3417 1868 3443 unus
1886 3401 2021 3442 Vati-

1169 3480 1325 3510 canus..
1337 3464 1450 3511 Vide
1466 3466 1602 3514 Notas
1618 3466 1672 3509 ad
1688 3466 1824 3522 Epist.
1836 3480 1908 3522 VI,
1931 3465 2019 3508 1332
