2268 3776
578 289 966 346 AMORUM
1007 291 1101 348 11.
1158 291 1399 348 ELEG.
1450 292 1567 347 IX.

1870 313 1971 368 109

277 398 616 478 Tangentem
645 414 845 482 portus
867 415 1064 461 ventus
1094 401 1153 460 in
1182 400 1291 462 alta
1320 402 1497 485 rapit:

198 493 289 555 Sic
314 518 400 555 me
430 518 569 579 saepe
602 496 770 557 refert
797 496 1006 558 incerta
1036 497 1332 581 Cupidinis
1362 520 1524 569 aura,

277 592 531 675 Notaque
558 616 872 676 purpureus
901 593 1009 655 tela
1036 595 1266 656 resumit
1291 596 1483 656 Amor.

197 686 354 765 Fige,
384 711 550 771 puer;
581 690 782 773 positis
809 690 996 752 nudus
1023 691 1127 752 tibi
1155 691 1409 777 praebeor
1434 691 1615 752 armis.
1920 709 1974 751 35

279 782 386 844 Hic
410 783 515 845 tibi
540 783 654 846 sint
679 786 848 862 vires,
871 787 963 848 hie
993 802 1087 849 tua
1115 788 1303 851 dextra
1331 787 1478 849 facit.

200 880 353 953 Huc,
385 894 647 966 tanquam
672 883 861 966 jussae,
893 886 1126 946 veniunt
1150 886 1262 967 jam
1291 899 1492 969 sponte
1523 885 1735 964 sagittae
1761 909 1774 944 :

278 977 390 1038 Vix
418 977 554 1053 illis,
584 1004 697 1064 prae
722 1005 807 1043 me
825 1028 839 1054 ,
872 997 1006 1042 nota
1034 982 1293 1065 pharetra
1322 1004 1422 1043 sua
1453 997 1551 1043 est.

198 1072 426 1149 Infelix,
461 1091 579 1138 tota
606 1078 939 1163 quicumque
968 1079 1246 1163 quiescere
1269 1094 1435 1140 nocte

281 1170 556 1246 Sustinet,
584 1188 641 1235 et
668 1198 894 1236 somnos
921 1175 1145 1259 praemia
1172 1175 1589 1254 magna‘vocat!
1935 1184 1990 1240 4⁰

201 1263 410 1341 Stulte,
441 1268 576 1352 quid
605 1285 690 1332 est
718 1294 977 1345 somnuS,
1010 1270 1339 1350 gelidaenisi
1363 1270 1560 1331 mortis
1589 1267 1813 1346 imago?

279 1363 477 1445 Longa
510 1367 827 1451 quiescendi
858 1383 1110 1452 tempora
1137 1368 1249 1430 fata
1274 1367 1504 1429 dabunt.

203 1458 300 1520 Me
328 1460 495 1523 modo
526 1462 806 1547 decipiant
833 1488 997 1525 voces
1026 1462 1236 1525 fallacis
1265 1463 1483 1525 amicae:

285 1555 574 1640 Sperando
605 1574 750 1620 certe
781 1558 979 1639 gaudia
1005 1584 1202 1639 magna
1230 1560 1415 1622 feram.

206 1653 284 1713 Et
310 1652 480 1714 modo
506 1653 804 1718 blanditias
836 1656 1008 1729 dicat,
1039 1658 1210 1719 modo
1237 1658 1420 1740 jurgia
1448 1672 1653 1740 quaerat
1672 1703 1687 1728 ,
1936 1672 1991 1726 45

261 1805 327 1849 32.
368 1800 624 1864 Tangentem
651 1814 803 1865 portus
836 1814 987 1853 ventus
1009 1813 1056 1853 in
1134 1812 1349 1864 veniunt5
1382 1824 1467 1852 nec
1505 1815 1694 1851 noscunt
1734 1805 1988 1864 pharetram

207 1873 303 1915 alta
333 1876 457 1928 mpii.
494 1875 654 1917 Ventus
693 1865 754 1917 et·
777 1891 884 1918 aum
898 1908 910 1931 ,
942 1892 1056 1920 unus

209 1935 388 1980 Moreti.
410 1939 570 1981 Ventus
587 1944 636 1981 el
650 1941 784 1991 unda,
811 1939 920 1983 alter
939 1941 1059 1998 ejus-

209 2001 313 2045 dem
330 2019 341 2055 ;
369 2011 414 2046 et
433 2002 608 2047 videtur
626 2004 719 2049 hoec
739 2004 867 2048 lectio
889 2004 1058 2050 firmari

211 2082 262 2112 ex
285 2066 367 2125 Ep.
386 2081 466 2111 xxx
481 2101 493 2124 ,
520 2070 568 2125 4ι
596 2085 606 2113 :
628 2070 703 2114 sed
724 2086 813 2114 non
838 2079 936 2129 apte
957 2071 1059 2117 huic

209 2131 305 2177 loco
324 2134 531 2179 convenit
558 2151 569 2180 τ
599 2146 705 2179 nam
725 2136 843 2193 quod
862 2136 1061 2194 sequitur

211 2201 397 2244 verbum
428 2200 581 2259 refert,
613 2203 853 2260 opponitur
882 2204 987 2260 illis,
1015 2209 1061 2249 in

212 2268 305 2308 alta
326 2270 450 2321 rapit.
485 2266 662 2323 Referri
673 2268 793 2311 enim
809 2269 1062 2327 navigantes

215 2329 423 2374 dicuntur
438 2364 450 2384 ,
473 2347 611 2388 quum
624 2333 669 2375 in
691 2333 828 2377 altum
842 2337 1060 2392 provecti,

217 2396 473 2442 adversante
493 2407 628 2442 vento
642 2433 653 2454 ,
674 2399 744 2443 vel
766 2400 849 2443 alio
870 2418 972 2445 casu
991 2419 1064 2446 re·-

216 2461 311 2506 dire
328 2472 546 2520 coguntur
554 2464 746 2516 eo,unde
756 2465 1063 2510 solveruntJn.

273 2527 340 2583 34.
367 2531 572 2586 Notaque.
601 2529 812 2574 Francius
842 2531 1062 2576 malebat:

218 2595 391 2638 Lapsaque
408 2595 584 2627 continuus
603 2595 666 2626 tela
685 2596 822 2626 resumit
842 2595 958 2628 Amor.

223 2657 348 2715 Quid
372 2674 465 2702 non
486 2673 594 2716 opus
614 2665 759 2702 totum
783 2659 971 2717 refingat
989 2659 1010 2704 ?

275 2722 341 2765 36.
363 2724 450 2765 Hic
468 2727 543 2766 tua
561 2723 846 2779 dextrasacit.
863 2723 1065 2781 Uterque

224 2785 448 2831 Mafseian.
469 2790 620 2831 datm
638 2791 779 2832 valet:
794 2804 910 2832 vere.
935 2788 1066 2833 CloF.

226 2850 383 2895 Malim
399 2885 411 2908 ,
432 2855 514 2897 huc
523 2854 668 2910 facit,
708 2862 753 2898 et
770 2886 783 2910 ,
805 2858 897 2897 sint
915 2858 1023 2897 vires
1046 2869 1063 2907 ,·

229 2915 345 2972 quod
361 2918 571 2974 posterius
589 2919 635 2962 in
652 2919 794 2976 prima
811 2919 1002 2963 editione
1024 2929 1070 2963 et

229 2979 398 3024 duobus
410 2982 573 3039 scriptis
589 2991 723 3028 exstat
742 2985 1069 3041 exemplaribus.

283 3044 350 3088 38.
377 3047 461 3089 Vix
475 3049 565 3106 illrlr
583 3056 663 3092 etc.
683 3047 837 3092 Douza
851 3050 1039 3093 malebat
1055 3082 1067 3104 ,

238 3113 324 3156 Via·
350 3113 432 3153 ulli
441 3127 533 3166 pm
553 3128 619 3157 me
644 3119 747 3156 nota
764 3116 965 3169 pharetra
995 3121 1072 3158 tua

230 3181 308 3219 est.
325 3176 419 3220 Nec
437 3176 569 3219 etiam
588 3186 705 3221 caret
719 3194 796 3222 sua
814 3195 974 3223 venere
991 3179 1072 3224 lec-

225 3244 293 3288 tio
311 3242 572 3287 Scriveriani
592 3241 748 3287 codicis
761 3276 773 3298 ,
812 3244 886 3300 qui
905 3244 1036 3289 habet
1057 3279 1069 3301 ,

240 3311 324 3353 Vix
342 3311 432 3352 illis
453 3316 550 3365 post
568 3323 639 3350 me
660 3313 761 3351 nota
772 3311 973 3363 pharetra
995 3326 1074 3354 sua

231 3379 301 3418 est
317 3390 329 3417 :
350 3382 581 3431 postquam
600 3373 644 3415 in
668 3388 739 3425 me
761 3382 835 3416 tua
855 3374 940 3417 tela
957 3389 1074 3418 con-

164 3482 168 3487 .
232 3440 364 3497 jicere
377 3439 539 3498 coepisti
548 3472 561 3497 ,
573 3445 720 3496 sponte
738 3448 783 3485 et
790 3440 922 3497 jussa
935 3440 982 3484 in
1001 3456 1074 3485 me

1137 1891 1261 1919 suam
1279 1907 1291 1930 ,
1313 1873 1389 1919 sed
1411 1874 1771 1931 quotiescumque
1791 1881 1837 1915 tu
1857 1872 1992 1917 sumis

1138 1957 1273 1985 novas
1291 1940 1464 1999 sagittas
1482 1973 1494 1996 ,
1526 1948 1575 1983 ut
1605 1939 1820 1997 pharetrae
1842 1938 1992 1982 inclu-

1141 2005 1232 2061 das,
1247 2005 1422 2050 evolant
1438 2022 1461 2049 e
1479 2004 1699 2058 manibus,
1713 2003 1832 2061 quasi
1838 2004 1993 2059 fusse.

1140 2071 1187 2115 in
1209 2087 1295 2116 me.
1331 2071 1486 2128 Quare
1509 2073 1590 2113 huc
1608 2068 1896 2114 retinendum
1916 2086 1926 2120 ;
1948 2077 1991 2111 et

1142 2136 1366 2194 eleganter
1381 2170 1393 2188 ,
1435 2140 1576 2179 venia·
1615 2140 1661 2177 ιἰι
1697 2137 1878 2190 aliquem
1897 2167 1908 2183 ‚
1945 2141 1995 2175 ut

1142 2200 1326 2245 laedatur
1343 2234 1356 2257 ‚
1392 2200 1476 2244 dici
1512 2199 1705 2243 ostendit
1744 2199 1900 2242 Burm.
1939 2197 1992 2241 ad

1143 2266 1386 2311 Phaedrum
1408 2279 1425 2307 1
1440 2298 1451 2319 ,
1475 2265 1580 2308 Fab.
1600 2281 1665 2307 21.

1199 2333 1266 2385 4ι.
1293 2332 1448 2374 Mothis·
1465 2334 1617 2385 imago.
1646 2330 1798 2371 Noctis
1824 2343 1993 2385 perpe-

1145 2411 1242 2439 ram
1264 2395 1353 2438 duo
1370 2395 1479 2438 libri.
1502 2394 1594 2437 Cic.
1610 2393 1740 2437 Tusc.
1761 2392 1930 2448 Quaest.
1952 2407 1968 2435 1
1986 2410 1997 2436 ;

1148 2478 1170 2498 «
1194 2460 1343 2504 Habes
1355 2475 1580 2512 somnum,
1597 2462 1821 2514 imaginem
1832 2462 1993 2507 mot-1115,

1147 2540 1332 2582 eamque
1369 2523 1564 2582 quotidie
1591 2522 1763 2578 induis,
1793 2531 1838 2565 et
1858 2522 1996 2565 dubi-

1148 2598 1228 2644 tas,
1249 2590 1355 2647 quin
1370 2605 1522 2633 sensus
1534 2589 1579 2631 in
1598 2596 1741 2630 morte
1760 2587 1904 2630 nullus
1917 2588 1997 2637 sit,

1148 2672 1287 2714 quum
1305 2657 1350 2699 in
1373 2656 1467 2712 ejus
1489 2655 1721 2699 simulacro
1740 2653 1885 2696 videas
1906 2669 1995 2696 esse

1146 2722 1319 2765 nullum
1347 2738 1526 2765 sensum
1546 2720 1566 2764 ?
1591 2739 1612 2757 »
1635 2719 1837 2762 Valerius
1864 2718 1999 2764 Flac·-

1147 2803 1221 2831 cus
1236 2821 1248 2843 ‚
1271 2800 1382 2839 vm,
1409 2788 1461 2845 74
1480 2819 1491 2840 ,
1515 2785 1567 2828 ad
1590 2785 1811 2828 Somnum
1831 2799 1843 2827 ε

1146 2857 1262 2896 Nunc,
1272 2863 1343 2896 a‘ge,
1352 2857 1457 2896 major
1470 2850 1997 2897 ades‚fi·atriquesimillimeleto.

1151 2918 1337 2976 Egregie
1353 2918 1561 2961 Petron.:
1578 2932 1599 2951 «
1617 2913 1705 2956 Hic
1726 2928 1876 2970 graves
1897 2912 2000 2955 alios

1150 2999 1276 3027 mero
1308 2983 1541 3025 obtruncat
1557 3011 1568 3032 ‚
1614 2986 1659 3020 et
1696 2978 1924 3021 continuat
1952 2978 2002 3021 iu

1151 3058 1344 3093 mortem
1360 3047 1573 3088 ultimam.
1594 3062 1617 3081 υ

1207 3115 1274 3169 44.
1299 3114 1472 3155 Gaudia
1487 3126 1641 3165 magna
1645 3109 1801 3165 seram.
1817 3109 1871 3152 In
1887 3125 1940 3152 an
1947 3109 2004 3153 ti·-

1154 3180 1248 3236 quis
1263 3180 1458 3234 premia,
1483 3191 1575 3218 non
1593 3177 1765 3230 gaudia.
1792 3175 2002 3218 Francius

1154 3246 1275 3288 hunc
1295 3250 1622 3300 pentametrum
1653 3240 1902 3298 parenthesi
1922 3241 2002 3283 in—

1154 3309 1381 3354 cludebat:
1402 3324 1495 3350 non
1514 3307 1642 3350 male.

1211 3378 1276 3431 45.
1295 3377 1446 3430 Jurgia
1461 3380 1617 3417 nectat.
1637 3373 1763 3430 Quin
1782 3382 1900 3417 recte
1920 3373 2004 3416 hoc

1156 3450 1200 3485 et
1231 3440 1365 3485 latine
1399 3439 1566 3485 dicatur
1582 3472 1594 3494 ‚
1627 3439 1739 3483 nihil
1770 3439 1890 3483 dubii
1912 3472 1925 3495 ,
1960 3446 2004 3481 et
