2268 3776
425 282 432 289 ’
486 304 770 363 ’ARTIS
825 303 1307 360 AMAToRIAE
1356 305 1522 359 ΜΒ.
1581 306 1705 359 111.

1884 303 1991 360 363

205 426 467 509 Juppiter
492 448 524 484 a
550 422 712 483 vobis
745 436 855 482 tam
884 419 1071 505 turpia
1093 419 1323 481 crimina
1345 419 1543 504 pellat,

286 523 354 582 In
385 519 590 604 quibus
619 531 703 579 est
729 516 831 578 ulli
863 541 993 578 cura
1022 515 1237 601 placere
1266 518 1423 578 viro!

1916 536 1999 578 380

207 619 331 680 Hos
361 618 555 696 ignava
581 616 740 698 jocos
771 616 973 676 tribuit
1005 617 1218 676 Natura
1239 612 1475 698 puellis:

289 713 525 775 Materia
554 712 757 774 ludunt
787 707 1046 774 uberiore
1076 710 1198 771 viri.

207 811 353 872 Sunt
374 808 484 870 illis
511 807 823 899 celeresque
854 808 1008 893 pilae,
1035 806 1419 891 jaculumque,
1448 805 1742 891 trochique
1759 854 1775 880 ,

287 907 599 990 Armaque,
629 922 685 968 et
714 907 772 967 in
806 931 973 991 gyros
1003 907 1082 969 ire
1114 920 1339 968 coactus
1371 928 1566 988 equus.

159 1033 162 1036 ·
205 1008 320 1069 Nec
348 1030 446 1067 vos
475 996 718 1090 Campus
747 1006 944 1078 habet,
971 1029 1072 1067 nec
1099 1028 1201 1066 vos
1228 1001 1570 1084 gelidissima
1598 1002 1807 1081 Virgo;

1923 1018 2009 1063 385

288 1107 404 1166 Nec
432 1104 692 1165 Thuscus
720 1103 936 1188 placida
969 1103 1189 1166 devehit
1219 1101 1397 1164 amnis
1427 1125 1586 1184 aqua.

207 1202 287 1263 At
309 1200 462 1276 licet,
490 1216 546 1263 et
570 1201 827 1286 prodest,
854 1202 1151 1287 Pompeias
1183 1202 1261 1263 ire
1286 1223 1386 1285 per
1414 1198 1678 1271 umbras;

288 1299 541 1378 Virginis
569 1299 820 1361 aethereis
850 1324 1022 1384 quum
1053 1314 1222 1384 caput
1250 1298 1408 1359 ardet
1437 1295 1613 1381 equis.

210 1395 388 1457 Visite
420 1395 696 1476 laurigero
729 1412 941 1459 sacrata
967 1396 1179 1459 Palatia
1208 1395 1427 1458 Phoebo
1452 1419 1465 1455 ε

119 1555 283 1863 ἶὶί
306 1586 316 1615 :
337 1571 491 1616 tertius
506 1571 686 1630 Regius,
706 1588 787 1630 pro
801 1571 971 1616 diversa
982 1571 1069 1617 lec-

217 1637 336 1680 t'one
355 1669 367 1692 ,
391 1640 507 1680 lulis.
527 1637 683 1681 Scribo
707 1654 717 1682 :

252 1707 317 1737 ulla
334 1706 412 1738 {ides
428 1707 502 1739 talis
511 1730 521 1747 ‚
537 1707 594 1750 qui
609 1719 674 1739 non
688 1718 746 1750 per
760 1715 836 1740 vom
849 1715 1005 1750 petuntur
1019 1720 1029 1750 ς

243 1777 315 1823 ut,
352 1768 471 1826 quod
490 1769 608 1813 malo
626 1802 638 1825 ‚
665 1786 745 1826 pet
758 1775 861 1814 vola
874 1775 1071 1814 teruntur.

165 1863 182 1873 s
216 1833 337 1879 Nihil
357 1834 437 1878 sibi
457 1835 834 1892 promittunt,nec
846 1835 959 1879 bene
976 1851 1073 1893 spe-

215 1909 317 1943 rant
337 1899 391 1944 de
414 1900 531 1957 jactu
551 1899 741 1944 talorum
759 1933 770 1956 ,
794 1900 863 1944 cui
878 1909 979 1945 vota
997 1900 1071 1945 de·

213 1965 313 2010 sint.
336 1965 385 2010 si
405 1969 579 2016 tabule,
611 1982 713 2010 cum
735 1966 879 2024 primo
902 1966 1042 2025 Regio
1059 2000 1071 2023 ,

216 2030 375 2086 mavis,
398 2030 637 2089 legendum
660 2044 671 2073 t

214 2099 317 2132 Nulla
329 2099 407 2132 fides
421 2099 541 2132 tubul·
554 2110 562 2132 :
574 2111 647 2143 qun
659 2110 726 2132 uon
733 2110 791 2143 per
799 2107 876 2133 vot·
890 2100 1075 2143 petuntur?

215 2185 271 2196 —
291 2161 456 2207 Sensus
473 2161 742 2215 intricatior;
772 2179 919 2221 neque
940 2162 1076 2207 satis-

215 2227 384 2272 faciunt
421 2228 689 2284 conjecturae
730 2228 904 2272 Heinsii
927 2261 939 2283 ,
1000 2227 1076 2285 qui

216 2292 352 2336 etiam
368 2292 564 2350 capiebat
584 2295 774 2336 tabulam
790 2327 802 2348 ,
826 2309 907 2351 pro
927 2292 1077 2337 tabula

217 2355 393 2399 lusoria.
422 2355 513 2400 Sed
529 2356 687 2414 planus
711 2357 797 2401 erit
813 2390 824 2412 ,
854 2357 889 2401 si
909 2373 1077 2414 sequa-

219 2439 325 2467 mur
358 2422 490 2467 unius
523 2423 686 2468 codicis
717 2425 951 2469 Heinsiani
986 2425 1080 2469 ele-

220 2487 518 2546 gantissimam
530 2521 542 2544 ,
556 2497 607 2532 ut
615 2488 727 2532 mihi
738 2489 914 2533 videtur
924 2523 936 2546 ,
950 2489 1080 2546 scrip·

221 2565 370 2600 turam
394 2573 406 2601 z

221 2625 326 2658 Nullo
339 2624 437 2667 fides3
451 2625 635 2668 tabulaque
647 2637 742 2658 novm
752 2636 812 2668 per
821 2631 890 2658 tot·
907 2630 1078 2667 petuntur.

222 2687 292 2731 Ut
305 2686 470 2732 indicet
487 2687 680 2732 lusorem
696 2721 707 2744 ,
728 2688 802 2745 qui
816 2686 966 2730 omnia
981 2702 1081 2744 per-

224 2751 386 2796 diderit
406 2785 418 2804 ‚
442 2761 488 2796 et
508 2753 603 2811 plus
624 2753 809 2808 debeat,
833 2768 966 2810 quam
984 2752 1082 2796 sol-

223 2834 327 2862 vere
348 2818 511 2876 possit,
542 2828 695 2877 optare
724 2835 859 2863 novas
885 2819 1051 2862 tabulas
1067 2851 1080 2873 ,

226 2891 277 2926 ut
296 2898 390 2927 non
412 2894 594 2942 cogatur
614 2900 782 2930 nomen
803 2900 934 2928 suum
953 2900 1083 2941 expe-

227 2948 348 3003 dire3
367 2949 461 3004 sed,
480 2951 662 2995 remisso
681 2951 829 2995 debito
842 2951 982 3005 omni,
1004 2948 1084 2994 ite-

228 3029 332 3057 rum
358 3013 580 3071 integrare
601 3016 734 3072 possit
754 3015 899 3060 lusum
921 3033 932 3059 ι
952 3017 1013 3059 ita
1033 3025 1085 3060 ut

231 3079 306 3136 qui
327 3087 455 3122 antea
473 3079 738 3136 perdiderit,
774 3081 968 3124 lucretur
996 3081 1084 3124 ali-

232 3142 350 3201 quid.
378 3144 447 3188 De
475 3146 652 3188 Tabulis
676 3149 794 3189 novis
814 3146 963 3189 omnia
982 3155 1087 3190 sunt

231 3209 471 3253 notissima.
497 3209 661 3253 BURM.
921 3265 923 3268 .

289 3275 384 3318 380.
393 3277 445 3317 In
457 3278 619 3331 quibus.
629 3276 761 3318 Forte
774 3307 785 3329 ‚
800 3279 846 3318 si
852 3278 1001 3331 quibus
1009 3282 1087 3321 est.

289 3341 383 3383 383.
406 3342 514 3384 Sunt
525 3344 614 3383 illis
632 3345 862 3398 celeresque
867 3345 980 3396 piloe.
1009 3345 1088 3386 Te-

235 3411 439 3461 retesque,
466 3406 617 3450 tertius
637 3406 799 3464 Regius
818 3422 898 3464 pro
919 3405 1088 3452 diversa

236 3468 423 3515 lectione
442 3486 452 3515 ι
477 3470 594 3528 quod
615 3471 767 3529 placet.
790 3472 864 3517 Sic
880 3478 987 3516 teres
1002 3490 1089 3516 ma-

1151 1574 1260 1622 lum,
1286 1568 1401 1628 apud
1433 1576 1660 1612 auctorem
1680 1563 1940 1625 panegyrici
1960 1563 2015 1608 ad

1155 1637 1382 1681 Pisonem.

1209 1701 1590 1744 385.Gelide·ss1·ma
1609 1698 1747 1753 Virgo.
1762 1694 2015 1752 Aquamin-

1154 1765 1319 1823 telligas
1333 1798 1345 1821 ,
1367 1780 1393 1808 a
1412 1764 1597 1822 Virgine
1615 1796 1629 1819 ,
1653 1778 1751 1820 quae
1776 1761 1889 1805 illius
1914 1763 2015 1804 son-

1155 1840 1245 1877 tem
1270 1829 1538 1874 indicaverat
1553 1862 1567 1884 ,
1589 1828 1649 1872 sic
1671 1826 1946 1886 adpellatam.

1211 1894 1307 1939 386.
1329 1896 1515 1938 Placido
1534 1894 1701 1937 devehit
1724 1895 1865 1936 amnis
1890 1908 2017 1949 aqua.

1155 1961 1339 2004 Placido
1368 1976 1480 2016 aqua
1514 1958 1654 2019 Tybri
1680 1973 1772 2001 non
1799 1965 1916 2000 recte
1939 1956 2020 2000 da-

1157 2033 1231 2071 tur
1244 2059 1257 2082 ,
1280 2041 1419 2084 quum
1440 2026 1496 2070 sit
1516 2025 1704 2083 rapidus.
1725 2024 1875 2068 Scribe
1892 2056 1903 2077 ,
1919 2026 2018 2078 pla-

1156 2097 1246 2137 cita
1264 2109 1379 2149 aqua
1393 2126 1405 2145 ,
1441 2101 1485 2136 et
1514 2091 1586 2135 adi
1608 2107 1706 2148 quae
1727 2099 1932 2134 notamus
1964 2089 2019 2132 ad

1160 2159 1403 2218 Epistolam
1423 2173 1520 2213 xxx,
1540 2174 1650 2202 vers.
1674 2156 1871 2202 208.Nisi
1884 2156 2017 2211 sorte,

1146 2227 1281 2282 flavis
1315 2227 1481 2268 devehi!
1509 2227 1649 2266 amnis
1680 2226 1815 2279 aquis.
1848 2222 2021 2264 Hssms.

1161 2289 1282 2334 Nihil
1317 2298 1471 2333 muta:
1494 2289 1550 2333 sit
1581 2288 1704 2332 enim
1729 2287 1828 2331 licet
1859 2286 2025 2346 Tybris

1159 2356 1338 2415 rapidus
1350 2390 1363 2412 ,
1384 2373 1479 2400 non
1495 2356 1618 2399 omni
1635 2364 1834 2413 tempore
1852 2353 2021 2397 violen-

1160 2430 1232 2466 tus
1252 2422 1317 2466 ire
1337 2422 1447 2466 solet
1461 2456 1473 2478 ,
1496 2421 1573 2466 sed
1593 2421 1807 2465 imbribus
1829 2427 1875 2463 et
1897 2428 2022 2463 tem-

1160 2496 1325 2546 pestate
1336 2488 1542 2532 incitatus
1552 2503 1665 2545 saepe
1676 2485 1775 2529 fluit
1789 2505 1799 2539 ;
1816 2501 1905 2543 quo
1916 2493 2024 2528 tem·

1162 2569 1270 2611 pore
1300 2553 1489 2597 minime
1518 2569 1564 2597 se
1591 2550 1791 2596 natando
1818 2566 2023 2597 exercere

1162 2627 1306 2679 potest
1326 2620 1536 2677 juventus
1554 2636 1564 2663 :
1590 2627 1696 2663 tunc
1717 2634 1823 2676 ergo
1839 2652 1851 2674 ,
1884 2631 2024 2674 quum

1161 2685 1373 2744 placidior
1385 2693 1451 2730 est
1463 2718 1474 2741 ,
1487 2694 1534 2729 et
1545 2685 1779 2730 tractabilis
1792 2685 2000 2728 nantibus
2012 2716 2025 2737 ,

1162 2751 1347 2809 juvenes
1375 2753 1634 2795 devehantur
1663 2750 1810 2807 (quod
1836 2749 2025 2792 verbum

1162 2818 1264 2862 satis
1284 2834 1463 2862 cursum
1485 2819 1579 2873 eius
1600 2833 1693 2861 non
1723 2816 1924 2873 quietum
1943 2817 2025 2859 in·-

1165 2882 1301 2940 dicat)
1322 2899 1433 2940 aqua
1450 2883 1573 2926 fluvii
1592 2896 1603 2922 ε
1624 2891 1670 2926 et
1690 2882 1923 2940 Virgilius,
1947 2882 1993 2925 II
2010 2915 2023 2936 ,

1166 2948 1346 2992 AEneid.
1385 2950 1461 3007 782
1481 2981 1493 3003 ,
1533 2951 1623 2990 leni
1644 2952 1810 3003 agmine
1834 2947 2025 3007 Tybrim

1153 3017 1288 3071 fluere
1308 3015 1378 3057 ait.
1407 3015 1460 3056 In
1482 3013 1626 3070 primo
1648 3012 1852 3056 Mentelii
1873 3012 2023 3056 codice

1166 3090 1261 3124 erat
1278 3113 1289 3135 ,
1316 3082 1489 3136 liquidis
1507 3082 1674 3123 deuehi!
1687 3084 1827 3123 amnis
1841 3083 1979 3136 aquit.

1221 3147 1541 3204 387.Potnpeias
1555 3150 1618 3188 ire
1627 3162 1707 3200 per
1725 3148 1905 3188 umbras.
1924 3143 2029 3187 Vid.

1168 3228 1265 3270 quae
1276 3211 1329 3255 de
1345 3212 1525 3255 Porticu
1538 3213 1809 3270 Pompeiana
1819 3211 2024 3266 diximus,

1166 3278 1239 3321 lib.
1257 3278 1302 3332 I,
1319 3277 1384 3336 67.
1407 3277 1566 3334 sicque
1587 3278 1718 3335 paulo
1731 3279 1857 3321 infra.
1875 3301 1931 3309 —
1945 3279 2029 3319 Per

1166 3347 1348 3386 umbras.
1361 3344 1446 3385 Sub
1462 3347 1631 3386 umbras
1646 3352 1733 3386 tres
1746 3343 1860 3397 libri,
1874 3343 1935 3385 ita
1951 3341 2026 3384 lib.

1170 3409 1191 3452 Ῑ
1207 3441 1219 3465 ,
1243 3409 1295 3466 67
1316 3420 1326 3447 :
1345 3412 1531 3464 spatiare
1544 3413 1621 3452 sub
1642 3412 1801 3452 umbra.

1227 3473 1322 3533 389.
1346 3476 1481 3521 Visite
1495 3476 1699 3531 laurigero
1711 3481 1885 3519 sacrala
1896 3475 2029 3518 Pala-
