2268 3776
57 2714 127 2848 Θ

595 307 858 365 ARTIS
901 306 1380 363 AMATORIAE
1426 309 1590 363 ΜΒ.
1634 308 1680 361 1.
1823 324 1829 329 -
1923 304 2029 372 245

259 429 400 500 Ecce
426 442 582 512 parat
613 430 792 489 Caesar
818 426 1061 497 domito,
1096 424 1246 508 quod
1277 425 1477 498 defuit,
1510 426 1637 486 orbi

340 529 558 591 Addere
581 554 593 589 ε
619 552 791 601 nunc,
826 528 1031 589 Oriens
1058 526 1275 599 ultime,
1302 542 1495 588 noster
1522 528 1646 588 eris.

262 633 494 705 Parthe,
526 630 684 692 dabis
714 654 906 715 poenas
931 656 942 691 ε
970 630 1155 693 Crassi
1186 628 1418 710 gaudete
1452 629 1685 713 sepulti,

343 734 617 817 Signaque
647 734 961 795 barbaricas
989 757 1107 795 non
1138 733 1280 795 bene
1304 755 1466 816 passa
1491 754 1704 792 manus.

1958 750 2035 792 180

265 834 430 898 Ultor
458 836 640 910 adest3
671 837 975 921 primisque
1006 837 1200 899 ducem
1229 834 1524 920 profitetur
1552 835 1610 894 in
1645 835 1803 895 annis
1827 881 1842 906 ‚

320 1041 336 1067 1
346 1040 410 1083 77.
438 1026 554 1069 Ecce
579 1030 711 1081 parat
741 1028 886 1070 Cesar
904 1057 916 1081 ,
952 1027 1109 1069 domito

260 1091 375 1147 quod
384 1088 521 1144 defuit
536 1093 631 1133 orbi
642 1098 721 1135 etc.
740 1089 808 1134 De
828 1089 937 1135 Caio
955 1091 1106 1147 magis,

263 1169 395 1211 quam
410 1151 465 1197 de
482 1153 662 1199 Tiberio
675 1154 1008 1214 intelligendum
1025 1154 1109 1199 hoc

259 1217 357 1262 loco
376 1227 421 1263 et
438 1220 719 1276 sequentibus
742 1219 916 1264 videtur
937 1236 947 1264 ι
965 1236 1108 1278 prop-

262 1291 383 1327 terea
403 1283 522 1341 quod
541 1283 766 1341 Tiberius,
784 1285 919 1330 Lucio
933 1293 978 1329 et
998 1284 1107 1329 Caio

262 1348 353 1404 jam
371 1349 556 1394 mortuis
567 1382 579 1405 ,
594 1350 639 1393 in
659 1348 883 1394 Caesarum
897 1350 1106 1394 familiam

263 1412 492 1471 adoptatus
518 1414 701 1458 demum
734 1415 815 1459 suit
841 1431 851 1458 z
878 1422 928 1459 ut
954 1431 1032 1473 per
1062 1415 1108 1459 id

263 1487 460 1537 tempus,
478 1473 656 1537 quando
676 1481 763 1538 ipse
785 1481 831 1524 in
848 1480 1110 1525 Armeniam

262 1545 481 1602 profectus
489 1554 568 1601 est,
580 1544 878 1603 quodquidem
888 1545 1015 1603 longe
1030 1562 1112 1589 an-

265 1619 308 1654 te
326 1619 518 1655 mortem
534 1610 630 1654 Caii
649 1619 694 1655 et
707 1610 829 1655 Lucii
842 1613 1005 1655 factum
1023 1619 1087 1655 est
1099 1643 1111 1667 ,

271 1676 414 1720 Cesar
431 1675 515 1720 dici
535 1675 736 1719 nondum
755 1677 959 1734 potuerit.
978 1676 1114 1720 Dein-

265 1739 320 1784 de
334 1774 346 1797 ,
360 1741 476 1798 quod
493 1750 537 1786 et
557 1758 744 1800 puerum
761 1742 884 1788 voc'at
898 1760 907 1788 :
923 1759 1010 1801 quo
1027 1758 1115 1786 no-

267 1807 388 1852 mine
406 1808 629 1852 immerito
647 1842 658 1864 ,
681 1817 731 1852 ut
751 1817 857 1867 puto
874 1842 886 1865 ,
911 1810 1113 1853 Tiberius

265 1883 510 1930 vocaretur,
523 1875 597 1935 qui
610 1875 699 1931 jam
711 1892 840 1933 supra
851 1875 1003 1934 viginti
1016 1885 1114 1920 aeta·

266 1939 319 1983 tis
326 1955 464 1983 annos
474 1940 887 1998 impleverat,quum
897 1941 1114 1999 expeditio

266 2004 442 2064 Syriaca
461 2005 762 2063 susciperetur.
792 2006 935 2050 Porro
955 2005 1113 2050 eodem

268 2083 387 2114 anno
402 2102 415 2125 ,
437 2077 487 2114 ut
515 2069 695 2128 quidam
716 2070 934 2115 tradidere
952 2104 964 2126 ,
987 2079 1117 2116 natus

266 2134 350 2178 suit
362 2134 566 2180 Tiberius
576 2168 589 2191 ,
600 2151 688 2192 quo
707 2137 795 2194 ipse
814 2136 1000 2181 Ovidius
1013 2153 1023 2180 :
1041 2146 1116 2180 aut

267 2215 361 2244 uno
370 2209 544 2245 tantum
558 2203 997 2260 posteriore‚auctore
1009 2203 1118 2247 Sue·

268 2267 404 2311 tonio.
426 2268 660 2312 Postremo
681 2277 725 2312 et
747 2268 852 2312 illud
875 2277 1114 2326 repugnat,

271 2340 360 2390 quo
380 2331 529 2378 minus
549 2334 603 2378 de
625 2335 805 2379 Tiberio
827 2334 945 2379 hunc
970 2335 1117 2380 locum

271 2398 666 2455 accipiamus,quod
677 2401 887 2457 sequitur:
898 2402 1030 2455 Quum
1042 2404 1126 2444 tibi

270 2461 520 2518 siulfi-atres
532 2468 612 2508 etc.
627 2464 782 2522 Neque
798 2464 919 2508 enim
936 2465 1118 2508 fratrem

271 2526 463 2584 aliquem
478 2559 490 2582 ,
512 2537 804 2586 praeterquam
824 2546 966 2573 unum
987 2529 1119 2573 Dru-

273 2607 370 2636 sum
385 2625 397 2647 ,
415 2592 567 2637 habuit
586 2594 788 2638 Tiberius
800 2627 812 2649 ,
829 2595 904 2652 qui
926 2595 971 2638 in
993 2595 1119 2638 Ger-

223 2659 235 2757 (
273 2658 419 2702 mania
447 2659 587 2716 periit.
614 2659 675 2703 At
699 2658 830 2704 Caius
859 2660 1046 2704 Lucium
1075 2668 1122 2704 et

224 2760 230 2784 ³
275 2721 515 2781 Agrippam
525 2723 759 2768 habuit2de
774 2725 929 2781 quihus
943 2725 1119 2769 Merula

226 2785 238 2865 ἰ
273 2788 321 2832 in
355 2788 710 2834 Commentariis.
742 2791 926 2835 Accedit
956 2791 1043 2835 huc
1074 2800 1119 2836 et

274 2853 453 2898 Seneca
482 2855 711 2900 auctoritas
727 2889 741 2912 ,
772 2857 847 2914 qui
876 2857 1119 2915 principem

274 2917 513 2975 juventutis
526 2919 688 2964 Caium
702 2931 850 2978 vocat,
867 2922 983 2979 quod
999 2923 1118 2967 idem

274 2989 320 3025 et
337 2991 466 3038 poeta
485 2982 556 3027 hic
581 2983 682 3028 facit
696 3018 708 3040 ,
728 2987 995 3044 fratremque
1018 2989 1117 3032 Lu-

276 3047 394 3091 cium
410 3048 457 3091 in
470 3059 677 3106 apparatu
691 3052 883 3096 Parthici
901 3054 1001 3096 belli
1015 3053 1124 3098 dicit·

276 3111 465 3156 amisisse
485 3129 495 3156 :
516 3113 633 3169 quod
653 3115 796 3172 ipsum
818 3132 993 3172 quoque
1026 3133 1123 3161 no—

277 3177 444 3220 biscum
464 3178 694 3222 consentit.
714 3180 888 3223 Mum..

335 3257 426 3301 ¹79·
453 3245 605 3289 Crasse·
614 3245 792 3298 gaudete
806 3248 969 3300 sepulti.
995 3245 1119 3292 cns-

277 3320 374 3350 sum
396 3314 633 3363 utrumque
656 3307 1126 3366 M.scilicet·patremet·

279 3371 330 3414 P.
352 3369 518 3426 filium,
546 3372 592 3414 in
620 3371 735 3417 bello
762 3373 966 3419 Parthico
993 3376 1119 3420 inte-

282 3444 446 3480 remtos
463 3437 692 3494 sepulchro
719 3440 902 3484 caruisse
919 3448 982 3484 tot
999 3457 1119 3486 cons-

1190 1033 1253 1070 tat
1268 1023 1543 1077 testimoniis,
1554 1031 1603 1067 ut
1615 1039 1672 1067 ne
1689 1023 1736 1067 in
1750 1021 1933 1069 dubium
1949 1024 2039 1080 qui-

1191 1089 1294 1135 dem
1316 1106 1386 1134 res
1405 1105 1527 1133 nunc
1541 1089 1595 1133 sit
1615 1088 1872 1133 revocanda.
1887 1088 2039 1145 Quare

1190 1154 1323 1212 igitur
1354 1157 1511 1211 sepulti
1541 1153 1727 1198 Ovidius
1760 1153 1914 1197 dixerit
1946 1167 2042 1196 non

1190 1219 1318 1264 video
1333 1253 1346 1275 ,
1368 1220 1450 1264 nisi
1477 1218 1617 1278 fingas
1645 1219 1831 1263 Parthos
1848 1251 1860 1272 ‚
1884 1219 2040 1263 immi·

1189 1293 1325 1330 nente
1338 1301 1472 1340 novo,
1486 1284 1605 1343 quod
1616 1285 1859 1329 intentabat
1876 1285 2040 1341 Augus·

1190 1358 1281 1406 tus,
1300 1349 1432 1406 bello,
1449 1349 1713 1395 Crassorum
1732 1349 1934 1406 reliquias
1954 1347 2045 1391 rol-

1188 1416 1355 1474 legisse,
1369 1425 1414 1460 et
1428 1415 1657 1474 sepulchro
1675 1414 1928 1460 condendas
1946 1414 2041 1458 Ro-

1192 1482 1333 1526 manis
1348 1481 1587 1526 tradidisse.
1604 1482 1908 1539 Forte,inquit
1926 1482 2045 1525 Bur-

1193 1563 1344 1591 mann.
1358 1547 1440 1591 Bis
1451 1550 1542 1598 ulti,
1562 1564 1584 1590 a
1596 1547 1807 1591 Ventidio
1823 1547 2015 1605 primum
2032 1565 2041 1592 ι

1195 1627 1316 1657 nunc
1340 1619 1488 1656 autem
1509 1613 1563 1656 ab
1584 1612 1784 1670 Augusto
1806 1612 2047 1656 vindictam

1197 1685 1377 1735 parante
1394 1708 1407 1731 ,
1429 1686 1474 1722 et
1505 1676 1614 1721 Ca'i'o
1629 1710 1641 1732 ,
1662 1678 1732 1721 cui
1765 1677 1929 1721 bellum
1964 1677 2046 1720 hoc

1196 1737 1513 1786 demandatum
1538 1740 1642 1785 :sed
1664 1741 1797 1800 petita
1825 1742 1915 1786 haec
1938 1742 2043 1785 lon—

1197 1808 1302 1865 gius.
1331 1809 1487 1853 Dicam
1519 1825 1602 1867 ego
1633 1809 1868 1868 simplicius
1896 1808 2045 1854 Ovidii

1196 1881 1396 1918 mentem
1418 1875 1562 1929 fuisse,
1575 1874 1771 1931 Crassos,
1783 1875 2047 1932 ubicumque

1197 1939 1393 1995 jacerent
1410 1940 1566 1998 sepulti
1583 1973 1595 1994 ,
1632 1941 1698 1985 vel
1719 1942 1811 1998 ipso
1830 1958 1854 1986 e
1876 1943 2048 1985 tumulo

1192 2007 1392 2060 5audere‚
1409 2005 1525 2063 quod
1538 2009 1708 2049 adesset
1718 2010 1848 2058 ullor,
1865 2007 1938 2064 qui
1960 2023 2047 2065 poe-

1197 2083 1275 2112 nas
1296 2068 1476 2113 tandem
1499 2086 1522 2113 a
1545 2070 1719 2114 Parthis
1740 2080 1969 2128 repeteret.

1258 2153 1274 2178 1
1281 2137 1348 2179 80.
1358 2137 1564 2193 Signaque
1571 2140 1813 2181 barbaricas
1822 2147 1902 2181 etc.
1912 2138 2047 2194 Signa

1197 2201 1400 2245 militaria
1416 2218 1513 2259 quae
1537 2201 1695 2246 Crasso
1716 2202 1867 2246 Parthi
1888 2219 2048 2260 rapue-

1198 2276 1321 2323 rant,
1337 2267 1415 2324 ipsi
1431 2268 1652 2325 Augusto,
1669 2267 1868 2312 Orientis
1885 2278 2046 2313 statum

1198 2333 1499 2390 componenti,
1511 2334 1710 2377 restituta
1722 2343 1842 2387 sunt,
1859 2334 1911 2378 A.
1924 2334 1982 2378 U.
1996 2335 2048 2376 (ἶ.

1200 2408 1443 2441 nccxxxlv.
1481 2398 1586 2454 Qua
1619 2399 1798 2443 victoria
1832 2409 2049 2457 quantum

1201 2464 1367 2521 gavisus
1386 2465 1546 2520 suerit,
1570 2474 1787 2510 testantur
1807 2475 1872 2510 tot
1894 2476 1939 2510 et
1959 2477 2048 2510 tam

1199 2529 1316 2572 varie
1338 2545 1389 2572 ea
1422 2529 1476 2573 de
1497 2545 1545 2574 re
1573 2530 1730 2588 signati
1761 2532 1887 2575 numi
1904 2565 1918 2586 ,
1947 2548 2047 2575 cum

1200 2592 1480 2651 inscriptione
1505 2610 1515 2638 :
1537 2608 1691 2640 simus
1710 2609 1947 2641 arcanis.

1262 2659 1350 2701 181.
1372 2660 1501 2702 Ultor
1515 2662 1653 2702 adest.
1677 2659 1833 2716 Caius,
1849 2662 2054 2720 Agrippas

1199 2721 1314 2766 filius
1326 2755 1338 2778 ,
1353 2722 1407 2766 de
1422 2739 1510 2781 quo
1522 2725 1616 2780 jam
1624 2727 1805 2770 mentio.
1819 2728 2053 2783 Primis-que

1198 2790 1344 2832 ducem
1349 2793 1568 2847 profitetur
1578 2797 1624 2834 in
1637 2795 1777 2835 banis.
1790 2792 1906 2835 Meri
1912 2801 1957 2834 to
1963 2800 2054 2847 pri-

1198 2859 1280 2896 m}
1292 2858 1339 2896 ιἰι
1350 2859 1499 2909 ann1k5
1510 2856 1578 2898 vix
1591 2856 1713 2898 enim
1729 2854 1883 2899 decem
1894 2865 1938 2900 et
1952 2866 2051 2900 octo

1199 2933 1337 2962 annos
1359 2928 1488 2963 natus
1505 2953 1518 2973 ,
1541 2924 1654 2963 bella
1663 2937 1795 2976 puer,
1816 2937 1909 2965 non
1924 2937 2057 2977 puero

1199 2985 1425 3028 tractanda
1441 3017 1453 3038 ,
1475 2986 1701 3029 tractabat.
1720 2986 1811 3030 Sed
1831 3003 1933 3031 mox
1951 3021 1963 3042 ,
1986 2997 2052 3031 to-

1199 3057 1268 3093 tus
1288 3050 1334 3092 in
1356 3050 1651 3094 adulationem
1678 3055 1944 3110 compositus
1962 3071 1972 3098 :

1240 3118 1417 3150 Caesaribus
1431 3119 1537 3149 virtus
1554 3121 1694 3164 contigit
1709 3130 1790 3153 ante
1803 3123 1893 3154 diem
1908 3139 1920 3164 ‚-

1199 3179 1318 3223 unde
1331 3196 1435 3223 sane
1449 3179 1721 3227 CORNELIUS
1734 3193 1886 3228 noster
1902 3202 2050 3232 versus

1198 3245 1393 3303 egregios
1423 3244 1663 3302 depromsit
1675 3280 1686 3302 ,
1710 3264 1819 3304 quos
1848 3251 1926 3293 sibi
1954 3252 2043 3307 jam

1198 3311 1334 3354 lector
1354 3311 1535 3369 quisque
1551 3312 1598 3357 in
1614 3324 1813 3359 mentem
1828 3322 2022 3362 revocat:

1197 3385 1430 3427 Jesuisjeune,
1440 3386 1520 3418 ilest
1529 3388 1614 3430 vrai;
1627 3390 1710 3422 mais
1722 3402 1891 3424 mames
1900 3393 1975 3424 bien
1984 3395 2060 3425 ne'es

1206 3447 1257 3478 La
1273 3447 1392 3480 vale-ur
1415 3450 1575 3482 n'attend
1588 3461 1653 3493 pas
1668 3450 1699 3483 le
1713 3451 1851 3485 nombre
1865 3453 1920 3486 des
1935 3456 2067 3487 annio.
