2268 3776
305 290 402 323 112

1559 146 1583 155 ,a

749 270 813 321 P.
862 268 1169 326 ov1n11
1221 254 1615 330 NASONIS

292 382 570 443 Hostibus
599 379 811 442 eveniat
839 382 1007 444 viduo
1040 385 1278 449 dormire
1306 388 1504 461 cubili,

375 479 450 539 Et
478 476 658 537 medio
691 476 808 537 laxe
832 501 1039 560 ponere
1066 484 1314 544 membra
1340 500 1464 547 toro
1489 487 1502 543 !

292 576 370 636 At
397 575 534 635 mihi
566 597 738 635 saevus
769 599 924 636 amor
948 601 1173 639 somnos
1201 581 1495 664 abrumpat
1520 575 1721 643 inertes
1744 605 1756 656 ;

372 671 599 753 Simque
626 671 733 731 mei
762 671 890 732 lecti
914 698 1030 734 non
1059 699 1162 753 ego
1193 675 1348 735 solus
1379 700 1538 736 onus,
2011 712 2065 738 αι»

299 767 394 827 Me
420 790 540 825 mea
567 765 872 848 disperdat,
904 769 1063 830 nullo
1085 770 1448 852 prohibente,
1477 770 1687 853 puella,

371 864 431 923 Si
458 863 590 923 satis
616 887 726 923 una
752 880 940 947 potest
962 891 974 937 ;
1005 867 1052 926 si
1080 867 1264 926 minus
1291 891 1401 927 una
1418 914 1433 939 ‚
1466 867 1586 927 duae
1609 894 1623 927 ;

289 959 578 1019 Sufficiant
607 960 859 1039 gracileS‚
891 963 989 1023 sed
1015 987 1133 1022 non
1164 964 1281 1024 sine
1308 964 1550 1036 viribuS‚
1580 979 1731 1024 artus
1755 990 1771 1036 3

370 1058 650 1131 Pondere,
680 1084 797 1119 non
826 1061 1035 1134 nervis‚
1067 1048 1518 1144 corpora'nostra
1545 1076 1764 1135 carent3

286 1157 363 1216 Et
389 1153 547 1215 lateri
578 1154 735 1214 dabit
762 1156 822 1215 in
848 1157 988 1216 vires
1017 1156 1272 1217 alimenta
1301 1157 1558 1240 voluptas
1580 1182 1594 1218 ε
2012 1177 2067 1218 25

369 1254 617 1335 Decepta
643 1268 727 1313 est
759 1277 928 1336 opera
955 1253 1109 1314 nulla
1136 1254 1324 1337 puella
1350 1279 1484 1315 mea.

290 1349 443 1432 Saepe
472 1373 574 1425 ego
593 1395 606 1421 ‚
635 1348 847 1409 lascivae
876 1365 1171 1410 consumto
1199 1365 1446 1434 tempore
1469 1350 1650 1411 noctis
1668 1396 1684 1423 ,

369 1445 540 1505 Utilis
557 1492 571 1517 ‚
599 1460 655 1505 et
679 1446 814 1504 forti
843 1470 1074 1529 corpore
1103 1471 1262 1507 mane
1291 1447 1390 1507 fui.

284 1540 470 1614 Felix,
503 1564 667 1623 quem
693 1541 926 1600 Veneris
953 1542 1248 1602 certamina
1276 1558 1469 1604 mutua
1492 1543 1766 1626 perdunt!

368 1642 445 1700 Di
473 1639 701 1711 faciant,
734 1637 829 1699 leti
857 1662 1016 1699 causa
1045 1639 1119 1699 sit
1144 1639 1251 1699 ista
1276 1640 1416 1700 mei!
1944 1636 1947 1639 ’
2015 1662 2068 1703 3ο

286 1737 493 1799 Induat
519 1734 759 1795 adversis
786 1735 1060 1795 contraria
1084 1751 1307 1818 pectora
1336 1735 1459 1797 telis

366 1832 560 1906 Miles,
589 1847 644 1894 et
671 1847 935 1893 aeternum
965 1833 1232 1911 sanguine
1259 1856 1464 1892 nomen
1491 1847 1650 1893 emat.

344 2010 406 2050 17.
436 1994 590 2035 Vacuo.
626 1990 762 2033 Vt‘duo
778 2022 789 2039 ‚
824 1988 1037 2032 meliores.
1072 1989 1132 2032 H.

344 2058 406 2100 18.
428 2059 539 2098 Late
544 2071 710 2111 poneret
728 2055 862 2106 laste,
882 2055 1134 2098 Puteaneus

286 2132 331 2167 et
352 2130 541 2179 quatuor
560 2119 628 2162 alii
646 2137 655 2171 ;
672 2118 791 2176 quod
803 2119 901 2162 etin
916 2119 1002 2162 suis
1018 2119 1134 2162 Nau-

286 2187 429 2245 gerius
448 2186 677 2228 invenerat
692 2200 702 2227 ε
717 2183 804 2226 duo
820 2217 832 2238 ,
853 2186 1000 2234 lassas
1016 2183 1134 2240 quod

286 2250 341 2293 ad
360 2247 509 2293 verani
529 2249 790 2305 scripturam
811 2247 991 2290 adludit.
1018 2248 1079 2290 H.

340 2316 405 2358 23.
438 2315 868 2371 Sufficiant-graciles
888 2322 968 2356 etc.
995 2313 1134 2370 Suffi-

283 2385 395 2424 ciam
409 2415 420 2431 ‚
444 2380 578 2424 codex
593 2382 866 2433 Puteaneus3
883 2388 1000 2423 recte
1019 2395 1029 2422 :
1049 2379 1133 2422 nisi

287 2445 405 2502 quod
437 2445 713 2502 Neapolitani
739 2445 835 2488 libri
872 2445 1000 2488 lectio
1037 2461 1131 2488 non

284 2512 431 2555 minus
452 2511 615 2554 arridet
632 2527 643 2554 ι

285 2584 448 2615 Sufficiant
461 2583 594 2623 graciles
609 2606 620 2621 ,
644 2582 702 2613 sed
713 2594 778 2614 non
792 2584 861 2614 sine
872 2583 998 2614 viribus
1010 2589 1112 2614 artus.

339 2660 406 2700 27.
436 2642 555 2700 Soepe
580 2659 658 2698 ego
677 2646 847 2686 lascivae
873 2652 953 2688 etc.
991 2643 1134 2688 Simili

282 2710 515 2766 jactatione
532 2710 732 2766 Propert.
744 2722 797 2763 11,
815 2709 883 2751 El.
899 2722 1035 2764 xvm,
1052 2710 1102 2751 23
1120 2725 1131 2751 :

490 2807 530 2816 ...
550 2787 640 2827 Saepe
656 2791 704 2816 est
717 2791 850 2826 experta
865 2785 974 2825 puella

326 2847 477 2879 Officium
493 2853 561 2879 tota
571 2853 664 2877 nocte
676 2847 784 2877 valere
801 2858 920 2877 meum.

285 2932 340 2940 —
362 2911 588 2958 Consumto
606 2913 787 2963 tempore
803 2912 942 2951 noctis
963 2915 1043 2950 etc.
1066 2906 1134 2950 Sit

285 2975 332 3017 in
345 2975 594 3031 exemplum
603 2991 751 3018 versus
764 2974 849 3029 hic,
864 2990 1002 3030 quum
1015 2973 1132 3018 mille

213 3083 227 3089 „
285 3039 446 3096 possim
461 3039 674 3083 adducere
687 3073 698 3093 ,
719 3039 974 3082 inconsultae
991 3048 1133 3082 teme-

283 3104 422 3147 ritatis
443 3120 527 3160 qua
554 3105 621 3160 jus
642 3105 722 3147 sibi
747 3104 926 3160 quisque
955 3112 1132 3161 poetam

285 3178 488 3212 nostrum
515 3185 595 3226 pro
627 3170 803 3212 arbitrio
830 3169 1129 3224 emendandi,

284 3249 609 3290 nonnunquam
656 3234 789 3277 etiam
836 3233 1084 3291 refingendi
1116 3266 1128 3288 ,

286 3301 564 3357 arrogaverit.
582 3300 670 3343 Alii
686 3300 805 3343 enim
817 3333 828 3355 ,
852 3301 1016 3344 lascivae
1030 3316 1132 3355 gau-

284 3367 359 3408 dia
384 3366 536 3408 noctis.
569 3365 685 3419 Alii,
716 3370 910 3420 tempora,
930 3366 1139 3408 Fuerunt

285 3429 388 3504 qni?
408 3435 623 3474 consumsi
655 3436 840 3486 tempora
867 3434 1028 3487 neptam·
1057 3429 1131 3486 qui

1212 2005 1342 2044 vero,
1364 1998 1531 2033 mutata
1551 1989 1907 2048 interpunctione
1921 2024 1933 2047 ,
1954 2009 2066 2036 con-

1214 2060 1352 2098 sumto
1371 2060 1551 2111 tempore
1577 2059 1715 2098 noctelr
1737 2071 1752 2110 ‚·
1785 2056 1845 2098 ita
1872 2064 1920 2098 ut
1948 2056 2068 2099 nulla

1214 2136 1317 2164 cum
1327 2120 1527 2176 sequenti
1542 2136 1671 2164 versu
1681 2121 1908 2163 connexio,
1930 2122 2067 2164 Maxi-

1214 2202 1287 2228 me
1307 2185 1440 2242 igitur
1460 2184 1703 2229 laudandus
1716 2186 2002 2230 Burmannus
2022 2195 2067 2230 et

1162 2282 1166 2287 -
1216 2250 1426 2294 Heinsius
1465 2250 1744 2307 praesertim,v
1774 2252 1848 2308 qui
1884 2268 1907 2295 e
1945 2261 2067 2296 tanta

1211 2316 1453 2360 lectionum
1470 2315 1650 2372 caligine
1664 2325 1833 2373 textum
1851 2318 2063 2372 eruerint,

1215 2382 1311 2438 qui,
1341 2382 1376 2425 si
1401 2398 1494 2424 non
1513 2397 1687 2438 semper
1718 2390 1761 2425 et
1782 2382 1941 2439 ubique
1962 2399 2067 2426 vere

1216 2445 1461 2490 Ovidianus
1482 2479 1494 2501 ‚
1528 2446 1724 2503 proxime
1748 2455 1898 2489 tamen
1921 2446 1975 2489 ad
1993 2446 2067 2489 in-

1214 2512 1497 2569 geniosissimi
1513 2521 1653 2569 poetae
1669 2511 1908 2555 dictionem
1926 2511 2066 2568 liqui-

1214 2575 1435 2621 dissimam
1455 2587 1499 2621 et
1518 2577 1750 2634 elegantias
1770 2577 1946 2621 accedit.

1270 2644 1334 2686 28.
1366 2647 1508 2687 Fortis
1550 2659 1730 2698 corpore.
1768 2642 1949 2698 Legitur
1988 2650 2033 2685 et
2048 2674 2061 2696 ‚

1200 2707 1321 2763 forli
1332 2724 1523 2761 corpore,
1560 2716 1610 2750 ut
1626 2707 1749 2764 Virg.
1769 2720 1820 2749 1v
1834 2740 1845 2762 ,
1867 2707 1971 2749 AEn.
1991 2720 2029 2749 11
2052 2736 2062 2762 t

1360 2777 1468 2816 Quam
1480 2775 1557 2807 sorti
1575 2782 1703 2817 pectore
1715 2782 1747 2806 et
1764 2777 1876 2806 armis.
1894 2776 2060 2809 MARIUS.

1213 2838 1366 2881 Potest
1385 2845 1568 2893 utraque
1582 2836 1709 2879 lectio
1730 2835 1931 2889 desendi3
1954 2852 2060 2879 nam

1213 2911 1278 2945 est
1309 2911 1547 2958 utrumque
1589 2902 1774 2945 verbum
1811 2902 1858 2944 in
1895 2902 1976 2946 hac
2012 2919 2061 2945 re

1212 2967 1453 3024 proprium.
1485 2960 1658 3010 BURM.¹

1255 3050 1318 3092 29.
1332 3035 1573 3076 Certamt'na
1579 3034 1920 3088 muluaperdunl.
1932 3035 2061 3076 Bum-

1205 3104 1316 3153 punl
1335 3099 1584 3141 Puteaneus
1611 3115 1635 3141 a
1663 3113 1801 3141 manu
1832 3097 2022 3141 secunda
2045 3132 2058 3152 ,

1213 3164 1331 3220 quod
1354 3173 1398 3207 et
1418 3165 1465 3206 in
1487 3164 1577 3206 aliis
1591 3163 1739 3206 multis
1759 3163 1958 3206 invenire
1973 3171 2060 3206 est:

1211 3246 1326 3273 unus
1347 3230 1585 3273 Vaticanus
1600 3262 1612 3285 ‚
1628 3231 1825 3285 produnt.
1859 3227 1978 3272 Nihil
1993 3236 2060 3269 te-

1211 3310 1333 3337 mere
1354 3294 1632 3337 mutandum.
1665 3317 1719 3326 -—
1749 3292 1838 3337 Sed
1869 3297 2063 3346 rumpunt

1211 3360 1263 3402 ab
1281 3360 1370 3416 ipsa
1384 3359 1533 3403 Ovidii
1544 3376 1681 3403 manu
1692 3359 1935 3416 profectum
1951 3371 2058 3402 cen-

1210 3438 1274 3474 set
1293 3429 1588 3477 Burmannus.
