2268 3776
310 327 416 383 290

772 306 837 358 P.
893 304 1190 361 OVIDII
1236 303 1624 361 NASONIS

305 425 503 483 Monte
533 421 718 480 minor
748 417 932 491 colliS,
961 419 1168 502 campis
1194 434 1310 480 erat
1334 419 1500 480 altior
1527 421 1699 504 aequis
1723 446 1736 482 :

386 519 534 579 Hinc
562 518 688 578 data
718 531 849 578 sunt
875 516 1085 577 miserae
1117 540 1349 599 corpora
1371 517 1507 579 bina
1534 517 1696 597 fugae.

299 619 374 676 Et
400 631 585 676 movet
611 615 729 698 ipse
758 638 909 687 suas,
943 628 998 675 et
1027 614 1143 673 nati
1172 615 1399 697 respicit
1429 614 1541 676 alas

383 709 667 782 DaedaluS,
699 723 754 770 et
783 733 977 770 cursus
1005 709 1244 770 sustinet
1268 734 1446 794 usque
1479 735 1631 772 suos.

297 816 531 893 Jamque
560 832 768 868 novum
793 807 1025 868 delectat
1053 808 1184 881 iter;
1218 809 1521 892 positoque
1551 810 1776 882 timore,
2022 827 2077 885 75
2127 803 2131 807 “

376 912 564 969 Icarus
589 905 780 966 audaci
806 905 1006 965 fortius
1037 919 1150 965 arte
1179 903 1344 964 volat.

298 1010 421 1067 Hos
452 1004 678 1087 aliquiS,
709 1001 943 1063 tremula
970 1002 1104 1062 dum
1134 1016 1318 1085 captat
1347 1001 1619 1062 arundine
1648 1002 1831 1085 pisces
1851 1050 1866 1076 ,

376 1103 567 1174 Vidit3
600 1116 655 1162 et
682 1101 967 1184 inceptum
999 1101 1190 1161 dextra
1218 1098 1448 1182 reliquit
1479 1124 1640 1183 opus.

295 1204 330 1261 J
334 1225 420 1260 am
451 1201 647 1260 Samos
674 1223 705 1259 a
732 1197 863 1258 laeva
891 1195 1137 1270 fuerant,
1168 1200 1465 1280 Naxosque
1494 1196 1724 1270 relictae,

375 1299 451 1357 Et
480 1298 680 1369 ParOS,
715 1310 770 1356 et
797 1294 983 1356 Clario
1016 1293 1191 1356 Delos
1220 1310 1398 1356 amata
1427 1297 1569 1356 Deo.
2032 1313 2085 1355 80

291 1396 503 1456 'Dextla
531 1381 858 1477 Lebynthos
888 1407 1075 1465 erant,
1103 1391 1367 1475 silvisque
1396 1391 1665 1453 umbrosa
1697 1388 1991 1474 Calymne,
2058 1416 2061 1420 ·

376 1493 683 1576 Cinctaque
711 1491 948 1600 piscosis
977 1489 1279 1574 Astypalea
1306 1489 1493 1550 vadis:

295 1590 488 1669 Quum
521 1612 689 1671 puer,
716 1587 954 1648 incautis
984 1587 1221 1648 nimium
1251 1586 1573 1648 temerarius
1604 1585 1795 1658 annis,

349 1767 412 1821 78.
436 1767 648 1820 Inceptum
673 1766 823 1806 dextra
848 1765 1017 1819 reliquit
1031 1778 1148 1819 opus.

294 1834 514 1887 Relinquit
538 1829 743 1871 nonnulli
767 1846 777 1880 ;
808 1844 924 1870 unus
945 1829 989 1869 V
992 1827 1145 1870 atican.

285 1899 452 1940 remisit
470 1908 481 1934 ‚⁵
514 1892 622 1937 alter
654 1893 818 1950 Regius
835 1925 846 1948 ,
878 1896 1062 1935 remz‘llil.
1092 1915 1148 1924 --

294 1961 390 2018 Ego
411 1959 519 2003 nihil
536 1967 688 2002 muto:
708 1962 932 2014 relinquere
952 1958 1072 2000 enim
1093 1965 1146 2017 τῷ

292 2031 500 2081 inceptum
522 2024 686 2081 optime
708 2022 958 2080 respondet.
979 2022 1145 2065 Dona-

294 2101 362 2134 tus
383 2091 436 2134 ad
457 2090 526 2133 illa
549 2089 751 2133 Terentii
774 2088 916 2131 Andr.
938 2101 976 2129 11
994 2121 1005 2142 ,
1029 2101 1076 2142 v,
1099 2100 1143 2129 1:

290 2167 403 2198 Herus
421 2178 473 2197 me
491 2191 502 2206 ‚
529 2166 652 2197 relictis
674 2165 770 2196 rebus
784 2188 795 2204 ,
818 2164 917 2206 jussit
937 2162 1146 2204 Pamphilum

415 2227 598 2259 observare.

292 2309 313 2328 «
332 2288 506 2347 Imponi
515 2298 584 2331 tur
597 2303 754 2330 manus
762 2286 1050 2343 rebus,quum
1053 2302 1146 2341 per

272 2361 428 2414 ficitur
448 2354 494 2397 id
523 2353 642 2411 quod
670 2353 850 2411 coeperit
872 2368 882 2396 τ
904 2356 1145 2410 relinquun-

288 2429 467 2465 turvero
480 2437 565 2475 res,
578 2436 717 2477 quum
730 2419 995 2476 imperfectae
1008 2419 1145 2462 relin-

289 2496 509 2543 quuntur3
527 2494 612 2528 »ut
625 2486 747 2542 Virg.
764 2498 822 2527 111
835 2519 846 2540 ,
862 2485 1023 2542 Georg.
1038 2487 1144 2544 519:

288 2556 401 2597 Atque
414 2566 509 2596 opere
522 2556 556 2584 in
570 2553 676 2585 medio
690 2554 793 2585 defixa
807 2553 943 2595 reliquit
962 2561 1080 2584 aratra.

344 2617 409 2659 31.
424 2618 591 2658 Dextra
607 2616 847 2671 Lebynthos
857 2621 965 2665 erat,
989 2619 1144 2672 sylvis·-

289 2698 365 2738 qne
384 2683 577 2723 umbrosa
601 2679 813 2736 Calymne.
836 2680 925 2721 Pro
950 2681 1144 2737 Calydna

290 2748 454 2806 Regius
473 2745 735 2789 veterrimus
748 2778 759 2799 ,
782 2747 998 2787 Palismne
1017 2762 1029 2787 ,·
1051 2745 1143 2801 pri—

290 2830 363 2856 ma
376 2812 510 2856 editio
519 2827 620 2855 cum
627 2809 851 2853 nonnullis
864 2810 1047 2865 scriptis,
1059 2813 1142 2852 Pa-

287 2879 578 2937 lymne.Forte
589 2893 669 2934 pro
685 2877 883 2932 Calymne
893 2888 903 2913 -¹
916 2884 1005 2916 tam
1020 2875 1140 2917 enim

291 2944 581 3003 Calymnam,
605 2958 737 2998 quam
756 2939 1004 2999 Calydnam
1024 2940 1141 2982 inter

285 3009 445 3053 insulas
474 3016 673 3051 recenset
701 3005 963 3063 Stephanus.
1005 3003 1138 3048 Certe

275 3075 360 3118 lib.
380 3087 470 3116 vnl
485 3107 496 3128 ,
524 3073 637 3116 Met.

284 3152 407 3181 Dextra
418 3147 598 3179 Lebinthos
611 3153 679 3177 erat
694 3169 704 3185 ‚
728 3146 944 3187 soecundaque
963 3144 1059 3175 melle
1075 3145 1141 3175 Ca-

394 3212 518 3253 lymna.

289 3271 525 3316 Occurrit
516 3287 560 3313 m
584 3268 738 3312 eadem
753 3268 834 3311 hac
856 3267 1106 3310 narratione
1123 3299 1133 3320 ,

284 3339 346 3381 siv
350 3355 404 3390 e,
454 3339 677 3393 Calymne,
723 3343 772 3376 ut
804 3333 902 3375 libri
934 3332 1137 3374 meliores

284 3409 526 3456 agnoscunt
541 3407 817 3452 constanter,
831 3399 913 3439 nisi
902 3397 1041 3453 quod
1059 3397 1134 3437 ea-

280 3466 428 3524 lydae
418 3481 463 3509 m
479 3480 570 3509 uno
585 3463 820 3520 Reo101111c
835 3461 1025 3506 offendi:
1041 3460 1132 3531 alii,

1231 1763 1421 1820 Calynne
1432 1768 1476 1804 et
1488 1763 1671 1820 Calyne:
1686 1759 1801 1817 apud
1814 1758 2079 1804 Strabonem

1226 1843 1403 1883 quoque
1424 1826 1503 1869 sub
1520 1825 1656 1868 finem
1675 1825 1747 1869 lib.
1768 1840 1795 1867 x
1808 1859 1819 1880 ,
1845 1842 1938 1868 non
1951 1843 2080 1870 cons-

1226 1900 1323 1935 tant
1341 1890 1421 1935 sibi
1441 1890 1611 1935 codices
1627 1924 1639 1946 ,
1671 1891 1746 1948 qui
1774 1891 1909 1934 modo
1939 1891 2076 1945 hanc,

1226 1955 1487 1999 modoillam
1498 1956 1732 1999 lectionem
1742 1965 1997 2013 agnoscunt.
2008 1956 2078 1999 De
2141 1985 2146 1990 ι

1225 2022 1353 2065 melle
1393 2030 1543 2064 tamen
1580 2020 1816 2080 Calymnio
1849 2021 2080 2064 subscribit

1227 2086 1460 2130 Ovidianae
1476 2086 1667 2140 lectioni,
1685 2086 1732 2128 in
1748 2087 2080 2144 Metamorpha

1224 2160 1260 2198 A
1274 2172 1346 2195 παν
1361 2157 1431 2208 μέν
1452 2158 1510 2197 οὖν
1526 2156 1568 2197 τὲ
1583 2155 1796 2198 unctorum&
1807 2155 1896 2207 μέλι
1908 2185 1919 2206 ,
1939 2155 1988 2201 ὥς
2004 2155 2080 2196 ε’πι-

1225 2219 1391 2262 τοπολυ
1373 2220 1504 2270 αςεῖᾶν
1524 2220 1610 2271 ε’ςι,
1633 2238 1697 2261 και
1720 2218 1919 2272 ἐνάμιλλον
1938 2227 1992 2262 τῶ
2009 2225 2081 2263 Ατ·

1224 2293 1332 2344 τικῷ.
1355 2289 1396 2330 τὸ
1421 2290 1459 2329 δὲ
1479 2287 1514 2328 ἕν
1534 2294 1618 2333 ταῖς
1637 2289 1791 2339 νήσοις,
1818 2288 2078 2346 δἰαωεροντωξ

1223 2352 1380 2411 1492qu
1408 2355 1447 2394 δὲ
1478 2354 1520 2394 τὲ
1546 2353 1776 2405 Καλύμνιον.
1801 2349 1862 2392 At
1885 2349 2076 2404 Plinius,

1223 2415 1336 2458 libro
1366 2430 1413 2458 xl
1433 2448 1444 2470 ,
1475 2431 1566 2471 cap.
1591 2415 1639 2457 13
1656 2447 1667 2469 ,
1695 2413 1749 2457 de
1773 2414 1902 2457 melle
1926 2431 1934 2457 :
1968 2433 1988 2463 ς(
2013 2415 2079 2457 Ibi

1225 2482 1445 2538 optimum
1473 2496 1648 2536 semper
1663 2512 1675 2534 ,
1708 2479 1782 2522 ubi
1806 2480 2079 2536 optimorum

1223 2546 1411 2591 caliculis
1423 2545 1586 2588 florum
1600 2543 1817 2589 conditur.
1835 2545 1989 2588 Atticae
2001 2562 2074 2588 rc-

1224 2613 1363 2670 gionis
1376 2612 1447 2655 hic
1459 2620 1502 2657 et
1516 2611 1672 2655 Siculae
1688 2611 1905 2668 Hymetto
1921 2619 1964 2652 et
1975 2606 2076 2669 Hy-

1223 2678 1293 2720 bla
1314 2678 1366 2719 ab
1390 2677 1492 2720 locis
1506 2709 1518 2730 ,
1540 2692 1643 2718 mox
1665 2674 1865 2734 Calydna
1885 2674 2037 2717 insula.
2052 2692 2073 2710 »

1225 2740 1480 2784 Eustathius
1493 2739 1546 2782 ad
1560 2739 1628 2781 illa
1645 2736 1832 2781 Hdmeri
1849 2738 1950 2791 Il.B,
1973 2739 2072 2792 184:

1221 2813 1356 2857 νὴσους
1379 2825 1417 2848 τε
1436 2808 1659 2857 Καλύδνας,
1694 2804 1812 2846 inter
1832 2802 1912 2845 alia
1927 2835 1939 2856 ‚
1962 2813 2074 2846 νῆσοι

1221 2875 1267 2914 αἱ
1285 2873 1479 2916 Καλύώαι
1503 2873 1622 2922 εἰσὶν,
1651 2870 1696 2917 ἃς
1721 2874 1836 2930 ἕτεροι
1857 2870 1923 2911 δίδε
1942 2876 2007 2911 τοῦ
2030 2867 2074 2923 μ’

1221 2937 1407 2997 γράφουσι
1428 2938 1643 2990 Καλύμνος·
1675 2936 1731 2977 ’ὅτι
1762 2939 1800 2977 δὲ
1823 2934 1959 2989 ἀγαθὸν
1982 2938 2074 2990 με’λι

1220 3004 1263 3045 τὸ
1284 3003 1506 3044 Kauana-2.
1525 3020 1558 3042 κ.
1583 3021 1616 3042 τ.
1638 3005 1670 3042 λ.
1693 2998 1868 3041 Deinde
1882 3031 1894 3052 ‚
1916 2998 1991 3041 ubi
2006 2997 2075 3039 di—

1221 3082 1364 3108 versas
1386 3065 1624 3108 sententias
1643 3064 1793 3107 retulit
1817 3063 1870 3107 de
1900 3064 1965 3107 his
1995 3065 2075 3107 in-

1220 3131 1322 3173 sulis
1345 3164 1356 3184 ,
1397 3135 1596 3174 Καλύῶιαι
1626 3140 1736 3174 νῆσοι
1771 3130 1868 3173 κατά
1900 3136 2004 3185 τίνας
2032 3135 2075 3175 αἱ

1220 3199 1404 3259 Σπσίιάδες
1419 3229 1429 3248 ,
1467 3197 1515 3240 ὧν
1533 3203 1608 3252 μία
1630 3199 1826 3243 Καλύμνα.

1276 3263 1341 3304 83.
1354 3264 1546 3304 Incanll's
1557 3266 1729 3316 nimium
1742 3264 1981 3303 temerarius
1992 3276 2072 3302 an-

1220 3333 1300 3370 nis.
1324 3331 1469 3370 Armis
1489 3327 1629 3384 prima
1650 3326 1784 3369 editio
1805 3342 1906 3369 cum
1926 3325 2070 3382 primo

1219 3393 1458 3436 ὟῙεάἱοεο·
1488 3409 1601 3435 unus
1634 3393 1832 3435 Vatican.
1866 3400 1911 3434 et
1937 3390 2076 3463 Amb

1216 3458 1330 3504 alac:
1352 3459 1457 3503 alius
1478 3458 1742 3513 Vaticanus,
1764 3459 1895 3503 ausis
