2268 3776
11 3486 13 3490 .
7 3401 18 3455 ς

552 306 942 365 AMoRUM
996 306 1120 361 111.
1175 306 1420 363 ELEG.
1470 308 1555 361 11.
1850 308 1950 380 ως)

255 425 418 487 Nunc
447 423 713 502 stringam
740 436 912 483 metas
938 420 1199 482 interiore
1226 436 1364 483 rota.

177 521 238 582 Si
264 520 401 583 mihi
429 519 670 580 currenti
702 519 871 580 fueris
901 532 1193 602 conspecta
1212 563 1228 591 ‚
1251 519 1548 579 morabor:

258 619 452 701 Deque
475 616 612 677 meis
628 615 898 677 -manibus
927 614 1046 675 lora
1070 613 1295 686 remissa
1321 614 1509 675 ssuent.

179 714 303 794 Ah!
335 737 498 797 quam
527 737 680 797 paene
711 711 916 797 Pelops
946 713 1118 775 Pisaea
1147 711 1390 773 concidit
1418 709 1606 782 hasta,
1908 715 1959 770 15

261 811 411 871 Dum
434 825 645 894 spectat
670 810 856 872 vultus
872 858 887 883 ‚
914 809 1322 894 Hippodamia,
1352 823 1474 868 tuos
1497 810 1509 866 ἒ

180 907 389 991 Nempe
418 907 602 969 favore
632 932 742 969 suae
770 909 902 968 vicit
931 923 1112 969 tamen
1142 906 1233 968 ille
1259 904 1472 990 puellae.

262 1002 559 1064 Vincamus
589 1004 823 1064 dominae
854 1004 1087 1087 quisque
1113 1004 1296 1064 favore
1321 1025 1447 1063 suae.

181 1099 337 1180 Quid
364 1100 567 1162 frustra
597 1100 850 1180 refugis?
876 1100 1028 1179 cogit
1055 1124 1161 1160 nos
1188 1099 1332 1160 linea
1359 1098 1521 1179 jungi
1543 1123 1555 1157 z

262 1197 394 1259 Haec
419 1197 480 1258 in
509 1197 627 1278 lege
657 1197 767 1259 loci
797 1195 1088 1259 commoda
1116 1195 1309 1257 Circus
1335 1193 1523 1254 habet.
1913 1225 1967 1252 ρο

182 1292 272 1355 Tu
301 1308 508 1370 tamen,
537 1320 569 1356 a
594 1294 785 1357 dextra
813 1294 1146 1379 quicumque
1174 1316 1264 1366 eS,
1290 1306 1452 1375 parce
1486 1289 1682 1375 puellae
1707 1315 1719 1349 ε

187 1461 290 1491 usus
305 1446 542 1491 verborum
562 1444 765 1491 felicitate
779 1461 789 1491 z
802 1455 910 1490 rotae
921 1447 1042 1490 enim

188 1510 374 1555 circulus
394 1526 448 1554 eo
467 1520 596 1555 metae
618 1511 819 1567 propior,
839 1525 927 1566 quo
941 1509 1045 1552 bre-

188 1576 309 1630 vior,
332 1574 519 1632 ideoque
541 1579 712 1618 interior
730 1573 1000 1618 describitur.

195 1634 197 1637 ¹
250 1642 311 1696 14.
332 1642 494 1683 Huc-nt.
508 1641 674 1683 Cadent
688 1637 913 1683 Palatinus
929 1654 1043 1682 unus

192 1712 237 1748 et
257 1703 435 1761 quidam
454 1703 523 1747 alii
545 1718 556 1746 ε
574 1702 709 1746 male..
725 1703 832 1748 Insr.
857 1702 924 1746 El.
938 1715 1008 1745 vn
1025 1735 1037 1757 ,

193 1769 244 1812 32
269 1782 280 1809 ε
309 1771 437 1813 Nullo
449 1785 577 1826 poma
604 1775 790 1812 movente
803 1771 959 1825 fluunt.
988 1767 1039 1811 B.

195 1834 285 1879 Ubi
305 1834 352 1877 in
371 1834 538 1891 scriptis
558 1832 714 1878 eadem
738 1832 973 1877 diversitas.

253 1903 314 1944 15.
356 1901 429 1944 Ah
446 1917 568 1958 quam
582 1916 702 1957 paene
720 1902 873 1956 Pelops
901 1901 1042 1943 Peiraea

191 1967 380 2010 concidit
388 1968 527 2009 hasta.
544 1965 625 2009 Ed.
641 1965 778 2023 princ.
794 1966 934 2008 Piseo
948 1981 1043 2008 con-

193 2033 301 2074 cidit
316 2046 410 2074 axe.
442 2030 686 2087 Quomodo
715 2039 865 2087 autem
885 2046 936 2074 ex
961 2046 1044 2073 axe

194 2096 332 2141 Pes-eo
339 2095 537 2140 cecidisse
549 2096 762 2154 Pelopem
771 2095 1043 2152 dicat,quum

195 2168 364 2204 constet
383 2176 434 2204 ex
452 2161 764 2220 interpretibus
779 2160 1044 2221 Lycophro-

196 2225 264 2269 nis
291 2233 335 2269 et
355 2225 537 2271 Pindari
554 2259 566 2283 ,
602 2227 711 2272 item
741 2243 793 2271 ex
823 2225 1046 2284 Apollonii

197 2290 461 2342 carminibus
479 2323 490 2347 ,
507 2304 525 2334 1
536 2324 548 2347 ,
567 2294 645 2348 755
659 2325 670 2347 ,
686 2291 796 2335 duos
810 2292 937 2337 fuisse
952 2307 1047 2336 cur-

198 2370 272 2399 rus
290 2388 303 2410 ‚
330 2355 377 2398 in
399 2371 590 2413 quorum
611 2356 749 2400 altero
769 2356 1044 2409 OEnomaus;

198 2419 246 2463 in
262 2420 398 2464 altero
410 2453 422 2477 ,
439 2421 513 2478 qui
526 2421 700 2478 Pelopis
712 2421 913 2478 proprius
927 2429 1021 2464 erat
1033 2454 1045 2476 ,

200 2484 290 2541 ipse
306 2484 464 2542 Pelops
476 2501 579 2530 cum
595 2485 891 2543 Hippodamia
904 2485 1048 2529 vehe—

203 2548 390 2592 rentur?
410 2549 545 2595 Unde
569 2550 710 2594 alieno
726 2566 859 2595 curru
880 2558 1049 2594 vectam

206 2609 401 2672 Hippod.
419 2614 620 2659 certatim
646 2624 787 2672 poetae
800 2615 959 2658 dixere.
988 2615 1049 2659 H.

263 2695 279 2722 1
287 2695 326 2738 9.
351 2679 628 2736 Qm‘dsrustra
636 2679 793 2735 refugzlr
805 2682 830 2723 Ρ
846 2684 960 2735 cogit
972 2696 1052 2722 nos

204 2745 466 2802 Ie'neajungi.
487 2743 605 2790 Cum
619 2746 830 2790 Salmasio
845 2746 898 2789 ad
911 2745 1048 2790 Solin.

205 2827 248 2868 p.
259 2826 356 2870 919,
367 2810 699 2872 intelligendum
709 2820 970 2870 perpetuum
980 2827 1052 2854 or-

207 2874 359 2918 dinem
368 2875 494 2920 fuisse
509 2877 709 2920 sedilium
722 2878 810 2921 sive
833 2876 1051 2920 subsellio-

207 2954 308 2984 rum
322 2971 335 2994 ‚
355 2955 489 2996 quem
502 2936 651 2984 tamen
671 2942 749 2985 viis
767 2942 1051 2985 intersectum

206 3005 334 3048 fuisse
354 3020 447 3048 non
467 3022 699 3064 negarem,
721 3007 797 3051 sed
817 3009 904 3051 vias
924 3016 968 3051 et
986 3025 1054 3051 se·

208 3069 336 3122 mitas
347 3070 476 3114 fuisse
489 3070 770 3115 intermedias
780 3071 1053 3116 crediderim.

210 3134 317 3178 Post
335 3142 510 3191 tergum
526 3151 629 3178 vero
644 3137 770 3179 fuisse
791 3137 959 3193 lignum
980 3137 1055 3179 ali-

211 3197 329 3255 quod
342 3231 354 3253 ,
377 3198 494 3254 quod
516 3207 635 3256 terga
650 3208 941 3257 spectatorum
960 3210 1055 3244 tan-

213 3263 355 3320 gebat,
371 3271 415 3306 et
426 3262 696 3320 prohibebat,
709 3280 766 3306 ne
780 3265 1054 3322 retrocedere

212 3337 388 3385 possent
416 3343 426 3371 :
456 3327 574 3371 unde
613 3328 717 3371 dixit
735 3360 748 3383 ‚
780 3332 884 3385 qiu’d
891 3329 1057 3385 smstra

212 3393 368 3450 rqfitgtssr
384 3394 410 3437 ?
441 3398 554 3448 cogit
569 3410 646 3436 nos
663 3396 776 3436 linea
781 3394 920 3449 jungi.
941 3395 1057 3438 Nam

217 3468 408 3515 pronaet
421 3459 609 3504 studiose
625 3467 837 3516 spectans,
858 3459 932 3504 ubi
947 3457 1058 3504 Ovi-

1120 1444 1218 1489 dius
1242 1460 1339 1488 eam
1363 1454 1542 1502 tangere
1563 1442 1760 1496 volebat,
1782 1440 1967 1486 reduce-

1122 1509 1197 1553 bat
1216 1525 1373 1567 corpus
1389 1508 1443 1552 ad
1461 1509 1620 1552 lineam
1636 1541 1646 1562 ,
1660 1507 1735 1551 sed
1749 1523 1839 1550 non
1857 1508 1968 1551 ultra

1121 1583 1195 1619 aut
1219 1575 1262 1618 in
1287 1575 1419 1618 alium
1450 1582 1621 1631 poterat
1651 1581 1746 1630 post
1770 1589 1815 1616 se
1839 1572 1969 1617 ordi-

1120 1656 1227 1684 nem
1249 1641 1449 1698 refugere
1466 1673 1478 1694 ,
1501 1640 1601 1696 quia
1622 1642 1735 1681 lt'nea
1754 1637 1969 1695 prohibe-

1120 1705 1206 1748 bat.
1227 1706 1361 1748 Linea
1379 1719 1539 1760 nempe
1565 1703 1634 1746 illa
1655 1711 1719 1746 est
1735 1735 1747 1756 ,
1770 1717 1866 1759 quoe
1884 1717 1970 1746 co-

1121 1772 1247 1829 gebat
1260 1778 1523 1829 spectatores
1537 1770 1652 1812 intra
1666 1785 1793 1813 suum
1809 1784 1968 1826 quem-

1123 1853 1207 1893 que
1235 1835 1437 1879 ordinem
1467 1851 1675 1886 manerc;
1713 1833 1829 1891 quod
1857 1834 1972 1878 clare

1123 1902 1253 1947 docet
1269 1902 1534 1959 Quintiliani
1546 1902 1664 1946 locus
1679 1936 1691 1956 ‚
1709 1902 1815 1945 lnst.
1829 1916 1875 1945 χι
1891 1935 1903 1956 ,
1922 1902 1971 1944 3:

1126 1987 1148 2007 «
1170 1968 1378 2012 Transire
1401 1968 1446 2011 in
1469 1967 1636 2011 diversa
1664 1966 1860 2011 subsellia
1882 1983 1970 2024 pa·-

1124 2049 1226 2077 rum
1247 2032 1547 2077 verecundum
1567 2042 1655 2085 est;
1679 2049 1781 2076 nam
1801 2042 1845 2076 et
1869 2031 1977 2075 Cas-

1124 2098 1212 2143 sius
1232 2098 1422 2143 Severus
1450 2099 1616 2143 urbane
1651 2098 1854 2141 adversus
1892 2096 1975 2140 hoc

1125 2163 1359 2207 facientem
1373 2166 1529 2206 lineam
1541 2163 1746 2220 poposcit.
1764 2182 1784 2198 »ο
1803 2162 1906 2219 Agit
1917 2162 1978 2205 ibi

1127 2228 1181 2273 de
1199 2229 1407 2273 subselliis
1421 2228 1684 2286 judiciorum
1698 2262 1711 2282 ‚
1734 2244 1830 2285 quae
1848 2237 1977 2271 erant

1128 2294 1248 2339 nuda
1261 2310 1436 2338 scamna
1450 2327 1461 2348 ,
1483 2293 1575 2336 sine
1596 2294 1709 2336 linea
1726 2326 1737 2347 ‚
1756 2293 1825 2336 cui
1845 2293 1977 2335 inniti

1128 2369 1252 2417 tergo
1279 2367 1456 2417 possent
1482 2357 1718 2402 insidentes
1746 2374 1756 2401 :
1786 2374 1811 2400 a
1845 2356 1979 2402 Circo

1128 2441 1234 2483 ergo
1261 2424 1350 2482 peti
1381 2422 1553 2467 Cassius
1582 2422 1753 2466 volebat
1780 2422 1942 2465 lineam
1962 2457 1975 2479 ‚

1128 2499 1285 2534 contra
1320 2487 1637 2532 transilientem
1674 2488 1977 2531 subselliorum

1131 2554 1348 2599 ordinem.
1373 2554 1432 2597 At
1448 2553 1517 2596 illa
1531 2553 1645 2596 linea
1658 2569 1750 2596 non
1771 2553 1976 2610 prohibe—

1129 2620 1203 2663 bat
1217 2653 1228 2674 ‚
1252 2634 1340 2676 quo
1359 2618 1526 2666 minus.
1549 2618 1623 2674 qui
1642 2627 1739 2675 post
1761 2626 1880 2675 terga
1899 2635 1975 2662 se·-

1130 2683 1286 2738 debat,
1317 2683 1497 2741 genibus
1530 2692 1574 2726 et
1609 2683 1807 2727 cruribus
1839 2692 1982 2739 posset

1130 2766 1221 2793 esse
1244 2749 1475 2792 molestus:
1493 2758 1542 2792 ut
1566 2765 1616 2791 ex
1640 2765 1680 2790 v.
1710 2748 1762 2790 23
1786 2761 1796 2787 :
1818 2757 1862 2790 et
1883 2748 1979 2790 Art.

1132 2814 1280 2858 Amat.
1301 2827 1340 2864 1,
1369 2809 1443 2870 157
1463 2847 1475 2867 ,
1508 2821 1711 2869 apparet3
1742 2828 1833 2854 non
1856 2813 1974 2856 enim

1131 2888 1225 2922 erat
1236 2887 1410 2935 septum
1422 2876 1594 2933 aliquod
1605 2893 1655 2918 ex
1667 2875 1812 2918 solidis
1823 2886 1867 2919 et
1879 2893 1980 2920 con-

1132 2943 1264 2986 tinuis
1285 2942 1438 2986 tabulis
1459 2951 1502 2984 et
1517 2940 1725 2982 asseribus
1742 2958 1752 2991 ;
1774 2939 1850 2983 sed
1864 2942 1976 2984 sim-

1132 3007 1229 3064 plex
1250 3007 1418 3063 lignum
1438 3006 1525 3048 sive
1548 3004 1662 3046 linea
1678 3036 1689 3057 ,
1713 3019 1809 3059 quae
1831 3005 1978 3048 inter·—

1132 3073 1243 3116 stitia
1261 3071 1457 3127 quiedam
1474 3077 1620 3126 aperta
1634 3069 1923 3126 relinquebat,
1938 3082 1981 3115 et

1133 3137 1206 3180 cui
1227 3136 1413 3178 humero
1435 3143 1478 3177 et
1498 3133 1679 3190 scapulis
1697 3135 1823 3177 inniti
1845 3145 1979 3192 pote—

1133 3210 1234 3243 rant
1249 3233 1260 3254 ,
1283 3208 1330 3241 ut
1348 3201 1396 3241 in
1413 3197 1635 3242 hodiernis
1653 3199 1854 3243 sedilibus
1866 3216 1977 3257 saepe

1135 3266 1344 3309 videmus.
1365 3263 1529 3306 BURM.

1191 3346 1256 3372 20.
1296 3330 1400 3371 Hoec
1427 3332 1471 3370 in
1497 3331 1599 3383 lege.
1630 3329 1702 3370 Ex·
1731 3331 1842 3384 lege,
1874 3328 1979 3371 editi

1134 3395 1262 3437 multi
1294 3402 1338 3436 et
1371 3401 1458 3436 tres
1489 3392 1667 3448 scripti:
1697 3393 1771 3436 sed
1806 3394 1980 3438 mollior

1137 3474 1268 3503 sonus
1284 3490 1296 3514 ,
1323 3460 1412 3502 haec
1429 3461 1487 3502 ia.
1507 3457 1669 3501 BuRM.
