2268 3776
291 284 366 359 90
766 289 831 341 P.
877 290 1168 347 ovluu
1210 293 1585 352 NASONIS

291 402 463 481 Quod
491 402 598 463 fuit
619 403 883 483 Argolico
906 407 1120 488 juvenis
1149 410 1403 472 Phoceus
1432 415 1678 490 Orestae3
1962 397 1965 399 >
2014 435 2062 475 15

370 500 493 558 Hoc
522 500 652 572 tibi,
687 500 817 561 dum
847 502 1029 578 licuit,
1062 506 1324 582 Psittace,
1355 525 1541 571 turtur
1567 526 1706 572 erat.'

289 596 445 675 Quid.
470 611 650 656 tamen
676 599 782 659 ista
806 599 983 661 fides?
1010 602 1145 684 quid
1170 604 1278 663 rari
1307 605 1483 666 forma
1512 606 1714 668 coloris
1740 610 1763 667 ?

368 693 523 772 Quid
548 719 655 754 vox
681 697 959 757 mutandis
984 699 1272 776 ingeniosa
1298 702 1450 760 sonis
1471 704 1495 761 Ρ

288 790 444 869 Quid
469 791 647 871 juvat,
677 807 741 852 ut
768 793 927 854 datus
956 818 1013 854 es
1030 841 1045 866 ,
1076 810 1280 856 nostrae
1308 796 1580 879 placuisse
1601 799 1855 882 puellae?

367 885 564 946 Infelix
592 888 773 948 avium
797 888 974 967 gloria
991 938 1005 963 ,
1035 915 1231 974 nempe
1255 893 1400 974 jaces
1422 897 1435 953 ἱ
2007 931 2059 958 20

283 987 371 1045 Tu
401 1000 620 1068 poteras
642 987 844 1047 virides
870 990 1068 1070 pennis
1090 989 1350 1051 hebetare
1374 992 1720 1071 smarangS,

364 1083 563 1142 Tincta
587 1108 779 1162 gerens
806 1085 979 1145 rubro
1010 1087 1220 1147 Punica
1248 1103 1429 1148 rostra
1452 1113 1631 1149 croco.

281 1188 413 1247 Non
438 1187 546 1247 fuit
568 1188 628 1248 in
655 1190 814 1249 terris
842 1214 1041 1250 vocum
1068 1191 1419 1253 simulantior
1445 1192 1586 1253 ales:

364 1289 656 1351 Reddebas
686 1291 857 1352 blaeso
891 1307 1002 1352 tam
1023 1294 1165 1354 bene
1193 1295 1360 1354 verba
1386 1319 1544 1354 son0.

282 1394 501 1475 Raptus
531 1417 588 1453 es
618 1393 852 1465 invidia;
876 1417 995 1453 non
1025 1410 1087 1454 tu
1114 1396 1228 1456 fera
1250 1395 1396 1456 bella
1423 1397 1716 1457 movebas:
2007 1416 2059 1457 25

367 1495 662 1570 Garrulus,
688 1511 743 1556 et
770 1495 998 1579 placidae
1023 1498 1175 1581 pacis
1201 1513 1410 1559 amator
1437 1523 1571 1559 eras.

277 1674 388 1705 Firma
401 1681 560 1715 tenaxque
572 1673 661 1712 licet,
675 1673 819 1704 solvetur
831 1671 865 1703 i'n
880 1684 1008 1714 aequore
1020 1674 1125 1706 navis.

280 1735 370 1778 Sed
390 1735 450 1778 ibi
468 1735 626 1793 legitur
640 1768 651 1789 ,
666 1737 799 1791 firma
825 1741 887 1778 sit
910 1739 988 1778 illa
1014 1740 1127 1778 licel.

279 1802 461 1844 Plautus
479 1817 585 1844 vero
604 1834 616 1856 ,
630 1803 804 1857 firmam
821 1803 959 1858 fidem
991 1801 1096 1844 dixit
1112 1833 1125 1855 ,

282 1866 409 1923 Capt.
434 1867 531 1910 Act.
551 1881 581 1910 v
597 1900 609 1921 ,
628 1867 757 1910 Scen.
775 1881 815 1921 Ι,
838 1884 876 1909 v.
896 1867 935 1910 6.

340 1935 402 1976 15.
440 1934 567 1986 Quod
568 1933 666 1988 suit
685 1934 886 1988 Argolico
906 1941 986 1976 etc.
1027 1931 1126 1975 Te-

279 1999 495 2043 unitatem
507 1999 573 2042 rei
585 1999 909 2055 comparatione
926 1998 1128 2042 nobilitat

276 2063 475 2106 amicitiae
497 2097 508 2118 ,
562 2079 659 2120 quae
692 2064 889 2123 Pyladen
924 2065 1041 2107 inter
1084 2072 1127 2106 et

277 2128 470 2172 Oresten
490 2129 640 2186 viguit,
662 2146 765 2173 cum
783 2129 1015 2173 concordia
1030 2145 1126 2186 quae

278 2193 468 2237 Psittaco
483 2203 526 2237 et
538 2195 740 2249 Tartari,
760 2196 884 2238 omni
896 2196 979 2238 vita
994 2198 1127 2250 plena

263 2259 372 2314 fuit.
393 2259 466 2302 Sic
485 2276 599 2303 unus
620 2277 643 2303 e
665 2260 823 2303 nostris
853 2258 1095 2317 (Gresset)
1110 2293 1123 2314 ,

278 2325 353 2380 qui
372 2341 466 2368 non
487 2342 644 2382 parum
664 2327 843 2383 poeticae
862 2326 999 2370 laudis
1021 2343 1126 2368 me—

278 2391 391 2446 ruit,
413 2391 460 2434 in
480 2392 748 2436 celebrandis
771 2393 946 2437 Psittaci
967 2394 1124 2450 cujus—

277 2456 380 2499 dam
400 2458 671 2513 infortuniis,
694 2460 879 2503 heroem
902 2477 1031 2503 suum
1045 2458 1124 2517 ipsi

276 2521 432 2565 AEneae
451 2539 544 2565 non
564 2523 731 2567 dubitat
751 2541 1019 2582 comparare,
1042 2543 1124 2570 ca-

274 2603 346 2630 sus
361 2588 623 2642 enarrando,
641 2588 991 2646 (Vnam-Vnam,
1012 2609 1047 2635 c.
1068 2591 1123 2648 1.)

298 2664 390 2693 D'un
396 2671 580 2705 perroquet
589 2675 654 2694 non
668 2664 770 2695 moins
788 2664 925 2696 lar-illam
940 2657 1084 2707 qu’E'nee
1094 2690 1108 2706 ‚

298 2726 376 2758 Non
388 2726 492 2756 moins
507 2725 604 2757 de'vot
613 2749 623 2764 ,
636 2725 714 2768 plus
731 2725 950 2759 malheureux
966 2739 1029 2768 que
1044 2728 1102 2759 lui.

276 2810 332 2821 ·--
349 2788 552 2843 Argolico
577 2789 728 2830 Oresti.
769 2790 927 2831 Orestoe
949 2790 1122 2833 Putea—

275 2869 385 2896 neus
409 2863 454 2897 et
478 2854 819 2910 Neapolitanus;
856 2855 969 2897 bene
991 2871 1000 2898 :
1021 2854 1121 2898 dic—

277 2928 376 2961 tum
414 2920 549 2976 Epist.
584 2934 692 2974 VIII,
722 2937 761 2962 v.
788 2936 827 2978 9.
851 2921 910 2963 H.
933 2923 1122 2963 Phoceus

273 2984 512 3041 legendum
528 3019 538 3037 ,
569 2993 619 3027 ut
636 2985 879 3029 videbimus
900 2985 953 3028 ad
974 2986 1045 3029 lib.
1067 3001 1086 3029 1
1105 3021 1117 3040 ,

276 3051 407 3093 Trist.
428 3065 477 3093 lv
494 3084 505 3105 ‚
537 3069 602 3093 21.

336 3118 397 3159 18.
444 3117 561 3169 Quz'd
571 3132 654 3158 vox
673 3120 885 3159 mutandis·
904 3123 1121 3173 ingeniosa

276 3186 395 3224 sonis
407 3184 431 3226 ,Ρ
462 3181 687 3224 Libentius
723 3187 836 3224 nolti»-
869 3182 1010 3239 legam
1027 3216 1038 3237 ‚
1075 3183 1120 3226 id

276 3254 353 3298 est,
378 3248 515 3287 verbis
535 3255 579 3288 et
600 3245 858 3290 dictionibus
877 3249 1121 3292 articulatis.

277 3311 417 3353 Notas
438 3311 558 3353 enim
585 3326 665 3367 pro
692 3311 825 3355 literis
844 3314 957 3356 sumi
979 3347 990 3369 ,
1025 3314 1121 3356 vul-

278 3382 428 3429 gatum
442 3409 453 3430 ,
472 3384 515 3418 et
535 3376 748 3432 superiori
770 3377 892 3436 Eleg.
913 3396 1021 3424 vers.
1038 3397 1090 3424 20
1105 3414 1116 3435 ,

277 3453 428 3484 recens
447 3441 757 3486 confirmatum
781 3460 790 3487 ;

1248 1676 1422 1718 Verbaque
1432 1686 1493 1717 pro
1509 1676 1604 1707 certis
1618 1677 1708 1718 jussa
1721 1675 1829 1707 valere
1850 1678 1942 1709 notis.

1211 1737 1319 1779 Som’
1352 1752 1457 1780 vero
1501 1745 1707 1794 spectant.
1733 1738 1869 1795 magis
1905 1745 2056 1782 cantus

1211 1804 1489 1847 dulcedinem
1511 1813 1555 1846 et
1581 1805 1696 1864 yocis
1721 1804 2018 1847 modulamina
2043 1824 2055 1857 ;

1210 1878 1307 1923 quae
1326 1867 1403 1911 dos
1424 1869 1613 1913 Psittaco
1635 1885 1810 1926 prorsus
1831 1869 2057 1926 denegata.

1206 1934 1494 1976 —Mulandllr
1501 1939 1627 1977 noltlr.
1638 1934 1691 1978 Id
1704 1943 1783 1989 est,
1796 1934 2055 1978 dictionibus

1210 1998 1467 2051 articulatis3
1494 2016 1650 2043 verum
1681 2000 1901 2056 antiquior
1927 2000 2056 2042 lectio

1209 2062 1318 2106 mihi
1337 2065 1473 2121 magis
1493 2065 1718 2121 probatur,
1741 2081 1838 2121 quae
1855 2073 1938 2118 est,
1962 2080 2055 2107 non

1207 2134 1332 2180 nollit,
1351 2129 1427 2173 sed
1442 2134 1571 2182 sonis,
1583 2129 1701 2173 idest
1712 2129 1912 2173 modulis.
1925 2130 2056 2172 MAR.

1268 2212 1329 2254 19.
1359 2197 1422 2237 Ut
1434 2198 1562 2238 datus
1586 2212 1646 2238 es.
1674 2195 1834 2238 Statim
1859 2204 1909 2237 ut
1928 2197 2056 2237 datus

1207 2276 1255 2302 es
1275 2277 1288 2302 .·
1306 2260 1376 2303 vel
1395 2269 1570 2317 aspectu
1586 2261 1730 2317 primo
1751 2259 1958 2316 placuisti.

1262 2342 1328 2369 20.
1350 2327 1511 2382 Infelix
1530 2331 1668 2370 aus‘mn
1686 2329 1822 2382 gloria
1842 2334 1922 2369 etc.
1944 2325 2054 2369 Sta-

1208 2390 1315 2444 tius,
1328 2391 1416 2452 ·loc.
1439 2392 1509 2435 cit.
1525 2394 1579 2447 24
1595 2408 1605 2435 :

1207 2469 1355 2509 Occidit,
1379 2471 1474 2501 aeriae
1488 2470 1696 2501 celeberrima
1709 2470 1810 2511 gloria
1826 2469 1947 2510 gentis,

1205 2532 1366 2562 Psittacus
1382 2532 1437 2562 ille
1452 2533 1553 2574 plagae
1564 2531 1681 2564 viridis
1698 2538 1846 2572 regnator
1857 2532 1932 2562 Eoae
1945 2541 1955 2561 τ

1206 2593 1314 2632 Quem
1329 2605 1394 2624 non
1410 2601 1569 2634 gemmata
1580 2594 1722 2626 volucris
1733 2593 1877 2624 Iunonia
1889 2591 1992 2623 cauda

1205 2659 1357 2690 vinceret
1367 2683 1378 2698 ‚
1405 2667 1539 2700 aspectu
1550 2659 1647 2700 gelidi
1661 2670 1725 2691 non
1737 2659 1885 2690 Phasidis
1898 2659 1975 2688 ales.

1259 2742 1324 2767 21.
1364 2727 1529 2768 Vt’n‘des
1540 2729 1694 2779 pennis·
1720 2727 1916 2767 hebetare
1934 2740 2050 2766 sma-

1203 2792 1366 2843 ragdos.
1403 2788 1632 2847 Smaragdi
1667 2789 1842 2846 proprie
1878 2789 2050 2832 virides.

1204 2854 1364 2911 Scripti
1396 2864 1545 2898 tamen
1574 2854 1777 2898 meliores
1811 2871 1970 2912 magna
1999 2872 2050 2898 ex

1203 2930 1340 2976 parte,
1364 2929 1409 2963 et
1427 2921 1473 2962 in
1490 2920 1556 2963 his
1577 2921 1842 2975 Puteaneus,
1850 2921 2049 2976 fragiles.
2115 2944 2117 2954 ι

1204 2987 1373 3030 HEms.
1390 2988 1512 3032 Licet
1513 2988 1699 3044 fragiles
1712 2998 1827 3032 recte
1845 2988 1927 3032 dici
1947 3005 2050 3046 pos—

1202 3052 1287 3094 sint
1314 3053 1556 3110 smaragdi,
1586 3062 1630 3096 et
1656 3071 1679 3096 a
1700 3054 1845 3098 Plinio
1872 3070 2050 3111 quoque

1202 3115 1417 3171 dicantur,
1431 3127 1609 3174 propter
1622 3117 1879 3175 adjunctum
1897 3127 2049 3163 tamen

1201 3183 1385 3225 verbum
1403 3215 1414 3236 ,
1448 3186 1642 3226 hebetare
1654 3218 1666 3235 ‚
1708 3184 1949 3240 requiritur
1977 3184 2047 3227 hic

1200 3264 1281 3291 vox
1301 3282 1312 3303 ,
1348 3264 1444 3305 quae
1461 3248 1654 3292 colorem
1672 3248 1865 3292 lucidum
1884 3257 2010 3292 notet
2032 3266 2046 3301 ;

1201 3324 1245 3358 et
1264 3316 1323 3358 ita
1344 3318 1500 3358 virides
1518 3315 1792 3358 retinuimus.
1825 3316 1987 3358 BURM.
2038 3324 2041 3326 ’

1256 3383 1320 3435 24.
1339 3383 1567 3424 Reddebas
1582 3384 1719 3423 bloeso.
1732 3378 1922 3430 Blando,
1949 3381 2042 3423 Pa·-

1200 3447 1269 3491 lat.
1290 3448 1465 3503 tertius;
1488 3448 1605 3492 etita
1625 3448 1870 3503 conjecerat
1887 3447 2042 3491 Franc-
