2268 3776
276 271 413 341 400·

730 267 814 324 12.
853 271 1158 327 OVIDII
1204 255 1603 331 NASONIS

271 392 467 471 Quum
499 387 657 449 furor
685 389 744 448 in
772 414 938 450 cursu
967 406 1080 464 est,
1109 393 1350 453 currenti
1381 394 1511 455 cede
1540 395 1717 456 furori
1741 421 1754 457 ε

355 485 621 551 Difficiles
655 486 837 547 aditus
868 487 1108 570 impetus
1138 488 1320 548 omnis
1349 489 1534 550 habet.

1981 526 2058 555 120

276 583 530 654 Stultus,
558 583 627 643 ab
659 583 891 667 obliquo
922 585 1017 667 qui
1050 608 1223 667 quum
1253 584 1579 648 descendere
1610 588 1792 671 possit
1805 605 1825 661 ‚‘

354 682 577 759 Pugnat
603 680 661 740 in
692 681 944 743 adversas
971 683 1048 742 ire
1079 696 1299 742 natator
1322 680 1510 766 aquas.
1672 755 1675 757 ,

272 777 574 860 Impatiens
603 778 818 839 animus
835 825 849 851 ‚
876 802 978 839 nec
1009 778 1188 839 adhuc
1220 780 1524 850 tractabilis
1551 796 1664 843 arte
1685 830 1700 856 ‚

355 875 626 958 Respuit,
658 889 821 958 atque
853 876 982 936 odio
1011 876 1179 936 verba
1210 867 1496 937 monentis*
1518 878 1703 940 habet.

272 972 583 1051 Adgrediar
611 971 806 1033 melius
835 988 993 1044 tunc,
1024 997 1195 1055 quum
1227 997 1326 1033 sua
1355 973 1583 1035 vulnera
1611 976 1765 1056 tangi

1981 994 2058 1036 125

355 1071 480 1129 Jam
508 1069 681 1142 sinet,
713 1085 768 1130 et
795 1070 936 1130 veris
966 1070 1200 1130 vocibus
1235 1084 1398 1153 aptus
1430 1071 1552 1131 erit.

274 1166 420 1247 Quis
450 1181 709 1238 matrem,
734 1167 843 1226 nisi
871 1167 1072 1227 mentis
1101 1167 1296 1249 inopffi
1325 1166 1383 1226 in
1413 1166 1607 1228 funere
1638 1169 1756 1229 nati

355 1263 511 1324 Flere
542 1266 733 1324 vetet?
758 1287 875 1322 non
903 1264 1012 1324 hoc
1044 1262 1139 1322 illa
1168 1264 1444 1324 monenda
1473 1263 1615 1324 loco.

282 1363 475 1443 Quum
507 1360 721 1421 dederit
746 1359 1021 1433 lacrimaS‚
1049 1360 1403 1443 animumque
1429 1359 1730 1444 expleverit
1751 1383 1982 1438 aegrum,

358 1459 459 1520 Ille
491 1458 653 1519 dolor
680 1458 863 1520 verbis
895 1457 1298 1518 emoderandus
1329 1458 1450 1518 erit.

1934 1511 1936 1513 .
1989 1477 2067 1518 130

284 1555 577 1639 Temporis
602 1577 689 1614 ars
715 1553 983 1614 medicina
1011 1555 1123 1613 fere
1147 1568 1230 1614 est
1253 1579 1265 1613 :
1293 1553 1420 1614 data
1446 1568 1983 1639 tempore-prosunt,

360 1655 436 1712 Et
466 1651 615 1724 data,
647 1674 765 1710 non
795 1664 926 1733 apto
959 1665 1207 1733 tempore
1233 1697 1248 1722 ‚
1280 1651 1409 1711 vina
1440 1665 1659 1712 nocent.

281 1751 437 1832 Quin
463 1749 627 1810 etiam
654 1748 917 1810 accendas
949 1749 1083 1809 vitia
1100 1796 1115 1822 ‚
1139 1749 1435 1833 irritesque
1466 1749 1733 1821 vetand0‚

359 1847 735 1931 Temporibus
763 1846 811 1906 si
839 1870 956 1905 non
986 1846 1305 1925 adgrediare
1335 1847 1468 1907 suiS.

284 1970 490 2039 ERGO,
520 1965 622 2026 ubi
649 1963 800 2023 visus
829 1963 936 2023 eris
967 1978 1172 2024 nostrae
1200 1964 1548 2025 medicabilis
1579 1965 1716 2038 arti,

1924 1992 1931 1995 “
1992 1983 2068 2024 135

361 2065 470 2123 Fac
497 2060 726 2121 monitis
751 2059 932 2138 fugias
962 2061 1074 2120 otia
1101 2061 1279 2144 prima
1308 2061 1461 2121 meis.

284 2162 445 2232 Haec,
477 2173 542 2219 ut
570 2181 743 2230 ames,
774 2156 986 2229 faciunt
1012 2183 1023 2217 :
1049 2158 1192 2231 haec‚
1223 2172 1287 2218 ut
1314 2157 1516 2227 fecere,
1546 2169 1808 2216 tuentur:

283 2319 409 2358 neus,
428 2319 451 2345 a
464 2317 600 2344 manu
612 2300 777 2357 prima:
791 2306 869 2343 aut
882 2302 1040 2355 ubiper
1048 2303 1143 2342 lon-

281 2386 364 2426 gas
380 2371 630 2416 succubuere
649 2382 808 2418 moras,
839 2365 1036 2409 Patavin.
1065 2366 1141 2422 qui

286 2442 330 2477 et
347 2439 480 2484 tenta,
509 2448 637 2475 versu
658 2430 936 2489 praecedenti.

344 2498 433 2540 123.
456 2497 563 2539 Arte
582 2498 771 2551 Respuit.
808 2493 1018 2537 Francius
1043 2492 1141 2537 vole

284 2564 383 2617 bat,
405 2564 550 2606 Artem
566 2564 754 2616 Respuit.
771 2563 997 2616 Impatiens
1012 2562 1149 2602 animi

289 2628 425 2671 etiam
447 2635 541 2669 erat
559 2626 607 2668 in
628 2625 890 2668 Sarraviano
917 2633 961 2667 et
980 2624 1142 2666 Maza-

287 2693 461 2735 riniano
483 2707 493 2735 :
515 2691 574 2733 ita
595 2684 767 2745 patiens
796 2693 951 2741 animi,
985 2687 1141 2741 Claud.

292 2758 425 2803 ConS.
447 2757 629 2812 Manlii,
654 2773 748 2798 211.

348 2842 364 2866 1
372 2841 438 2883 29.
459 2823 738 2877 Animumque
747 2823 972 2876 expleverit
980 2837 1141 2875 oegrum.

288 2891 524 2943 Impleverit
532 2887 678 2943 scripti
694 2901 797 2929 cum
809 2885 949 2942 prima
962 2884 1065 2927 edit.
1081 2885 1141 2927 H.

291 2955 450 2999 Nescio
464 2969 543 2996 cur
558 2956 783 3008 expleverit
793 2950 1115 3008 repudiandum
1129 2984 1140 3005 ,

292 3035 432 3077 quum
449 3019 602 3076 saepius
623 3018 683 3061 ita
703 3018 821 3074 loqui
841 3017 1009 3060 soleant
1030 3016 1142 3073 opti-

293 3087 355 3129 mi
375 3086 617 3142 scriptores.
640 3085 821 3126 Terent.
835 3084 995 3142 Hecyr.
1015 3084 1073 3136 V,
1098 3097 1114 3124 1
1129 3115 1140 3136 ,

295 3168 346 3210 29
362 3167 370 3193 :
385 3153 525 3205 Exple
538 3154 719 3192 animum
737 3153 793 3191 iis
804 3163 819 3201 ,·
840 3155 956 3204 teque
968 3151 1047 3190 hoc
1060 3151 1144 3190 cri-

293 3220 401 3258 mine
414 3218 574 3270 expedi.
597 3214 654 3257 Et
676 3213 786 3256 alibi.
817 3214 1036 3256 Praeterea
1051 3228 1142 3254 non

296 3292 384 3326 tam
398 3282 605 3339 impletur
613 3282 784 3323 animus
796 3280 996 3334 lacrimis,
1013 3296 1145 3336 quam

293 3350 488 3401 expletur.
505 3346 578 3390 Sic
590 3348 765 3400 Noster,
789 3345 1026 3401 Tristium‚
1048 3345 1143 3389 libr.

298 3414 388 3470 IV,
404 3419 407 3422 '
422 3413 569 3471 Elegia
590 3427 647 3455 111
663 3446 675 3470 ,
699 3429 810 3457 vers.
833 3413 885 3456 38
908 3429 917 3455 :

1264 2310 1432 2354 Expletur
1442 2309 1606 2349 lacrimis,
1624 2309 1831 2352 egeriturque
1845 2309 1950 2340 dolor.

1221 2366 1404 2420 Explere
1426 2365 1546 2408 enim
1576 2373 1620 2407 et
1647 2380 1807 2420 egerere
1834 2363 1953 2407 idem
1979 2365 2073 2408 sere

1221 2438 1375 2481 notat;
1406 2438 1450 2472 et
1472 2441 1567 2486 'pro
1595 2434 1776 2472 minuere
1812 2430 1916 2486 poni
1946 2429 2076 2474 docet

1223 2493 1402 2537 Servius
1420 2492 1474 2536 ad
1489 2493 1658 2551 Virgilii
1675 2493 1758 2548 VI,
1776 2492 1951 2535 AEneid.
1970 2495 2073 2548 545:

1224 2587 1264 2597 ...
1278 2565 1433 2609 Explebo
1449 2576 1642 2604 numerum,
1664 2564 1844 2607 reddarque
1865 2564 2017 2617 tenellriS.
2034 2566 2073 2596 B.

1284 2644 1300 2669 1
1308 2627 1332 2668 3
1341 2644 1356 2669 1
1364 2659 1374 2669 .
1393 2628 1604 2681 Temporis
1610 2642 1681 2669 ars
1689 2629 1897 2669 medicina
1895 2625 1992 2681 fere
1998 2631 2076 2669 est.

1225 2692 1464 2749 Eleganter
1477 2691 1772 2734 mehercules!
1796 2690 1879 2733 hoc
1895 2699 1958 2733 est
1971 2722 1982 2743 ‚
2007 2706 2074 2734 ars

1224 2773 1321 2815 quae
1341 2773 1386 2799 se
1417 2756 1471 2799 ad
1499 2756 1707 2812 temporis
1729 2756 2075 2812 oportunitatem

1224 2820 1462 2877 componit.
1483 2820 1556 2862 Sic
1577 2822 1790 2875 Temporis
1808 2836 1927 2862 arma
1945 2819 2049 2863 dixit
2061 2854 2073 2875 ,

1225 2884 1355 2926 Trist.
1380 2885 1464 2939 IV,
1483 2883 1605 2940 Eleg.
1626 2898 1655 2925 x
1669 2915 1681 2937 ‚
1713 2884 1790 2926 105
1803 2916 1814 2938 ,
1829 2884 1967 2926 Arma
1982 2917 1994 2938 ,
2021 2884 2076 2927 ad

1226 2966 1322 3006 quae
1342 2950 1552 3006 capienda
1581 2950 1790 3006 temporis
1820 2950 2075 2994 necessitate

1225 3016 1530 3072 compellebar.
1808 3068 1812 3070 .

1285 3082 1373 3137 137.
1405 3083 1514 3123 Haec
1528 3115 1538 3132 ‚
1572 3086 1622 3123 ut
1637 3080 1782 3135 secere
1810 3085 1982 3122 tuentur.
2021 3079 2075 3122 In

1225 3146 1450 3189 nonnullis
1467 3180 1478 3202 ,
1503 3149 1597 3189 hoec
1622 3144 1900 3201 quodfhcere.
1921 3145 2074 3188 NAUG.

1232 3213 1456 3268 Utfecere,
1476 3212 1611 3255 iidem
1632 3211 1739 3254 :hoc
1750 3220 1830 3266 est,
1847 3211 1940 3265 ubi,
1959 3218 2075 3266 post-

1227 3296 1359 3336 quam
1386 3273 1526 3322 secere
1549 3313 1560 3333 ,
1597 3286 1672 3321 aut
1701 3277 2074 3334 quemadmodum

1226 3346 1367 3387 secere
1384 3377 1395 3398 ‚
1431 3345 1490 3387 ita
1511 3353 1554 3386 et
1583 3352 1776 3393 tuentur.
1815 3341 1946 3385 Multi
1969 3340 2035 3384 alii
2057 3372 2068 3393 ,

1226 3409 1477 3465 quaesecere.
1501 3409 1667 3452 HEINS.
