2268 3776
497 304 889 362 AMORUM
942 307 1070 362 111.
1116 307 1366 364 ELEG.
1420 310 1601 367 XIV.

1828 312 1934 365 223

239 423 315 482 Et
341 419 526 504 pudor
554 420 877 482 obscoenum
908 420 1210 482 diffiteatur
1237 447 1396 506 opuS.

160 519 248 580 Da
275 517 489 603 populo
510 565 525 592 ‚
557 518 627 579 da
653 518 820 579 verba
846 518 983 579 mihi
1008 544 1021 579 ε
1053 519 1170 580 sine
1200 522 1419 582 nescius
1448 546 1655 596 errem;

242 616 316 674 Et
344 613 506 675 liceat
531 612 701 674 stulta
730 614 1049 676 credulitate
1080 614 1204 676 frui.
1890 637 1944 679 30

167 710 283 771 Cur
309 709 474 771 toties
501 709 662 771 video
689 710 838 771 mitti
864 712 1146 795 recipique
1175 710 1451 772 tabellas?

247 808 363 869 Cur
388 831 614 891 pressus
640 808 796 891 prior
825 824 910 879 est
936 810 1275 893 interiorque
1306 811 1506 870 torus?

169 905 284 966 Cur
310 901 466 988 plus»,
495 927 661 987 quam
693 929 914 979 somn0‚
946 906 1202 967 turbatos
1233 930 1350 967 esse
1379 906 1639 990 capillos,

244 1001 516 1086 Collaque
541 1004 824 1087 conspicio
856 1003 1037 1064 dentis
1066 1004 1270 1064 habere
1301 1018 1492 1064 notam
1516 1007 1539 1065 ?

163 1103 407 1163 Tantum
436 1124 554 1160 non
585 1099 778 1161 oculos
809 1100 1015 1161 crimen
1046 1099 1270 1161 deducis
1302 1100 1371 1161 ad
1398 1101 1588 1184 ipsos:
1899 1120 1952 1164 35

214 1195 219 1200 ⁷
245 1197 307 1264 Si
339 1196 560 1258 dubitas
590 1196 745 1258 famae
774 1220 1023 1279 parcere,
1052 1220 1214 1281 parce
1246 1197 1400 1257 mihi.

165 1295 332 1379 Mens
363 1293 505 1368 abit,
533 1308 588 1355 et
616 1293 856 1366 morior,
887 1294 1108 1377 quoties
1138 1318 1392 1378 peccasse
1421 1294 1609 1356 fateris
1635 1320 1647 1367 ;

245 1391 464 1475 Perque
493 1414 647 1452 meos
678 1406 830 1452 artus
860 1390 1064 1471 frigida
1093 1406 1251 1470 gutta
1277 1392 1415 1452 fluit.

167 1495 328 1555 Tunc
361 1518 484 1555 amo
511 1520 523 1555 ε
552 1509 684 1556 tunc
715 1495 811 1556 odi
838 1494 1069 1568 frustra,
1095 1495 1250 1579 quod
1279 1520 1457 1556 amare
1487 1519 1708 1557 necesse
1740 1509 1839 1557 est.

250 1598 411 1659 Tunc
442 1620 546 1676 ego
565 1644 580 1672 ‚
614 1596 711 1658 sed
741 1612 951 1670 tecum,
982 1612 1238 1659 mortuus
1269 1622 1387 1660 esse
1418 1598 1597 1660 velim.
1907 1614 1959 1670 40

170 1697 267 1761 Nil
297 1699 554 1783 equidem
579 1699 884 1783 inquiram;
915 1723 1044 1774 nec,
1073 1724 1194 1783 quae
1224 1699 1397 1762 celare
1428 1701 1677 1785 parabiS‚

255 1805 552 1886 Insequar;
579 1818 636 1864 et
662 1801 786 1863 falsi
817 1803 1062 1864 criminis
1092 1804 1268 1864 instar
1295 1804 1414 1865 erit.

175 1905 237 1965 Si
265 1919 447 1966 tamen
476 1904 536 1964 in
565 1903 745 1966 media
775 1903 1046 1988 deprensa
1076 1907 1332 1968 tenebere
1363 1906 1527 1991 culpa
1546 1954 1561 1978 ,

253 2009 331 2068 Et
356 2006 564 2068 fuerint
594 2006 771 2068 oculis
800 2008 1008 2092 probra
1037 2009 1276 2070 videnda
1307 2010 1445 2071 meis
1467 2057 1481 2083 ‚

173 2112 319 2193 Quae
342 2112 486 2174 bene
514 2111 629 2173 visa
656 2112 795 2173 mihi
823 2111 1058 2186 fuerint,
1080 2114 1224 2175 bene
1253 2114 1369 2176 visa
1397 2129 1598 2192 negato
1627 2139 1639 2173 :

1912 2131 1934 2185 -Ex

1943 2148 1966 2173 L·
1948 2133 1965 2141 ι

258 2215 584 2278 Concedent
611 2215 797 2276 verbis
827 2199 1038 2276 luniina
1066 2231 1259 2277 nostra
1287 2216 1415 2277 tuis.

233 2399 300 2454 34.
329 2399 526 2456 Collaque
553 2402 774 2454 conspicio.
804 2400 1035 2453 Compositi
1111 2400 1236 2457 culpa
1259 2399 1448 2451 librarii3
1475 2397 1593 2456 quod
1612 2413 1751 2455 quum
1767 2397 1964 2444 literaxor

181 2465 316 2507 dentis
335 2462 598 2507 Hasniensis.
620 2465 850 2518 Conspicuo
863 2464 1033 2520 Neapo-

184 2529 354 2574 litanus.
377 2528 492 2586 Lege
511 2562 523 2584 ‚
547 2533 767 2584 conspicui
778 2533 927 2572 denlt's:
948 2531 1009 2573 H.

237 2593 305 2651 37.
322 2594 447 2637 Mens
463 2596 566 2637 abit.
585 2595 712 2649 Fugit
729 2594 1039 2639 Sarravianus:

185 2665 236 2701 ut
248 2658 320 2701 lib.
333 2669 372 2700 11
386 2690 398 2712 ,
422 2657 542 2709 Artis
559 2690 571 2712 ,
591 2662 749 2701 misera·
761 2675 952 2715 mensque
965 2676 1040 2702 co-

184 2722 460 2781 lorquesugit.
485 2723 678 2782 Epistola
696 2724 919 2781 Deianirae
939 2727 1039 2769 135:

186 2799 282 2831 Men·
301 2799 388 2840 fugit
411 2800 601 2840 admonitu3
622 2799 792 2843 frigusque
817 2801 1022 2842 perambulat

310 2867 414 2893 ⁸1⁸1ssss-

191 2924 378 2982 Vulgata
389 2933 537 2968 tamen
550 2924 678 2969 lectio
687 2925 823 2982 proba
832 2934 910 2970 est.
924 2925 1040 2970 Fas-
1078 2958 1086 2962 .

192 2999 345 3035 torum
367 3004 406 3033 11
421 3023 434 3045 ,
462 2991 540 3050 753
562 3007 573 3035 ι

189 3061 287 3100 Mens
299 3059 368 3091 abit
377 3066 411 3091 et
423 3061 544 3092 morior
554 3083 566 3100 ‚
583 3061 711 3102 quoties
725 3061 900 3102 pugn-ntis
916 3062 1023 3101 imago

230 3122 290 3154 Me
304 3121 407 3153 subit.
865 3124 978 3154 lusu.

246 3181 312 3224 38.
334 3182 460 3224 Hau.
484 3181 611 3223 Cadit
627 3181 850 3225 Palatinus
868 3181 989 3224 alter.

248 3248 314 3306 39.
339 3247 454 3290 Tunc
465 3263 561 3290 amo
574 3281 584 3297 ‚
601 3252 700 3290 tunc
717 3250 799 3291 odi.
813 3247 1045 3303 Tanaquil.

196 3312 339 3357 Faber
366 3310 420 3354 ad
441 3311 615 3355 Lucret.
635 3311 708 3354 lib.
727 3325 792 3366 11,
818 3312 1017 3354 tentabat
1032 3344 1045 3366 ,

201 3381 319 3423 Tunc
346 3381 404 3421 ab
423 3382 434 3422 .'
461 3385 560 3421 lunc
589 3381 667 3431 odi
677 3377 845 3433 frustra
865 3393 876 3419 ,¹
899 3393 1050 3419 amans

199 3462 278 3504 pro
294 3462 440 3491 amens
456 3453 680 3488 exaratum
700 3452 792 3487 erat
808 3442 1048 3489 aberrantis

1115 2480 1347 2508 nonnemo
1362 2465 1575 2507 sentiebat
1589 2463 1692 2506 ferri
1710 2478 1800 2505 non
1816 2478 1940 2520 posse
1957 2498 1970 2517 ‚

1121 2541 1166 2575 et
1194 2547 1370 2589 peccare
1399 2531 1445 2573 in
1474 2530 1590 2588 leges
1617 2529 1819 2574 metricas
1833 2562 1845 2583 ,
1875 2547 1972 2573 amo

1121 2604 1219 2642 lunc
1235 2597 1442 2655 reposuit.
1467 2598 1635 2640 Hnms.

1177 2665 1244 2717 42.
1276 2665 1338 2705 Et
1349 2663 1468 2718 salsi
1497 2666 1685 2705 criminis
1718 2666 1857 2704 instar
1884 2666 1973 2705 en'l.

1122 2726 1264 2770 Modo
1287 2743 1446 2784 neges,
1475 2727 1580 2770 salso
1611 2735 1652 2770 te
1681 2726 1860 2769 lasciviae
1878 2726 1974 2769 cri-

1121 2793 1253 2836 minis
1277 2801 1520 2836 accusatam
1547 2792 1747 2835 censebo.
1779 2813 1834 2823 —-
1852 2792 1983 2832 Facta·

1120 2864 1303 2903 muneris
1317 2860 1506 2916 optimus
1522 2857 1702 2901 Palatin.
1721 2875 1733 2908 ;
1755 2865 1798 2898 at
1817 2857 1864 2898 in
1883 2857 1977 2899 Pu·-

1123 2933 1298 2979 teaneo,
1314 2924 1483 2967 Sarrav.
1496 2931 1539 2964 et
1553 2922 1745 2977 quinque
1758 2921 1864 2974 aliis,
1863 2921 1983 2976 salsi

1124 2997 1317 3035 muneris.
1345 2991 1417 3034 Nil
1442 2998 1569 3031 muto
1585 3022 1596 3042 ,
1622 2988 1703 3031 nisi
1726 2987 1843 3044 quod
1860 2989 1976 3031 scri—

1124 3057 1322 3100 bendum
1351 3063 1457 3111 puto
1474 3086 1485 3107 ‚
1496 3053 1617 3107 salsi
1636 3056 1823 3095 criminis·
1840 3056 1979 3095 inslar

1125 3130 1244 3166 erun!
1254 3158 1263 3174 ‚
1287 3122 1502 3165 nimirum
1516 3153 1528 3174 ‚
1548 3123 1815 3175 quoeparabis
1827 3122 1974 3162 celare.

1182 3190 1247 3242 45.
1264 3189 1438 3240 Negalo.
1450 3187 1624 3239 Negabo
1637 3183 1920 3227 Sarravianus
1933 3192 1977 3226 et

1129 3253 1295 3300 Moreti
1320 3252 1501 3308 primus.

1183 3321 1250 3375 46.
1271 3320 1507 3361 Concedent
1518 3320 1654 3359 verbis
1666 3320 1824 3358 lumina
1834 3321 1977 3358 nostra

1128 3388 1223 3427 tuelr.
1238 3383 1320 3425 Vel
1333 3397 1429 3438 quae
1441 3381 1627 3424 viderim
1640 3381 1728 3438 ipse
1744 3414 1756 3434 ,
1773 3397 1863 3424 non
1878 3397 1977 3424 cre-

1131 3451 1234 3495 dam
1247 3483 1263 3508 ,q
1287 3449 1321 3493 si
1341 3447 1578 3507 negaveris.
