2268 3776
287 289 395 358 324
759 293 822 344 P.
869 294 1163 349 ov1n11
1207 294 1579 354 NASONIS

362 410 521 487 Quos
548 407 757 470 faciunt
780 411 957 492 justos
987 413 1129 491 ignis
1161 429 1212 474 et
1240 416 1387 476 unda
1413 417 1582 479 viros:

279 507 364 565 En
395 506 593 565 iterum
622 521 795 567 testor
819 532 832 567 ε
861 509 1001 568 nihil
1025 510 1139 581 hic,
1169 511 1278 571 nisi
1302 511 1421 591 lege
1449 515 1737 575 remissum
1752 533 1772 589 ‚‘

358 600 624 672 Luditur3
654 602 712 662 in
737 604 941 665 nostris
970 606 1161 665 instita
1187 605 1339 666 nulla
1364 608 1521 688 jocis.

282 696 425 776 Quis
456 697 667 757 Cereris
695 698 835 758 ritus
864 699 1008 760 ausit
1033 699 1253 779 vulgare
1282 703 1560 785 profaniS‚

362 794 671 875 Magnaque
699 794 953 855 Threicia
983 820 1132 856 sacra
1160 813 1376 878 reperta
1405 799 1614 862 Samo?

277 889 490 967 Exigua
521 904 603 950 est
631 890 830 1001 virtus?
856 907 1112 974 praestare
1146 892 1362 954 silentia
1389 896 1588 958 rebus:

354 985 432 1044 At
460 1001 648 1047 contra
678 989 855 1064 gravis
884 1003 968 1049 est
996 989 1182 1073 culpa,
1211 991 1437 1052 tacenda
1466 992 1638 1076 loqui.

277 1082 330 1143 Ο
361 1082 526 1155 bene,
559 1084 734 1166 quod,
759 1085 962 1146 frustra
989 1087 1218 1169 captatis
1246 1089 1443 1149 arbore
1472 1091 1687 1173 pomiS‚

361 1178 670 1241 Garrulus
654 1206 712 1240 ln
739 1182 916 1243 media
938 1183 1204 1244 Tantalus
1231 1200 1346 1245 aret
1373 1189 1546 1269 aqua!

275 1275 554 1358 Praecipue
586 1276 854 1359 Cytherea
878 1278 1036 1359 jubet
1069 1303 1166 1341 sua
1196 1305 1345 1342 sacra
1376 1284 1560 1343 taceri.

357 1372 676 1446 AdmoneO,
700 1374 882 1434 veniat
909 1399 977 1435 ne
1011 1377 1136 1458 quis
1161 1377 1228 1438 ad
1258 1378 1352 1438 illa
1379 1378 1598 1462 loquax.

274 1468 511 1529 Condita
538 1469 585 1529 si
613 1493 727 1529 non
754 1485 885 1530 sunt
907 1473 1135 1534 Veneris
1164 1476 1420 1558 mysteria
1447 1477 1629 1549 cistis,

1963 625 2047 674 600

273 1650 407 1696 dendi
427 1652 647 1709 particula.
669 1651 728 1697 Et
746 1654 889 1698 brevis
914 1656 1119 1701 transitus

269 1719 353 1761 suit
365 1735 416 1761 ex
428 1725 515 1761 lam
527 1719 572 1762 in
576 1720 690 1776 jam,
702 1721 924 1765 scribenti.
946 1723 1120 1768 MICYL.

271 1782 392 1826 Nihil
410 1799 538 1826 move
555 1801 564 1835 ;
581 1800 686 1826 nam
705 1784 752 1826 in
773 1787 1122 1842 argumentatio-

270 1849 397 1892 nibus
419 1849 591 1906 elegans
622 1851 841 1907 particulae
865 1853 962 1908 jam
990 1869 1117 1908 usus,

272 1914 393 1970 quasi
423 1913 727 1967 concedentis3
754 1925 797 1958 et
828 1916 948 1960 idem
978 1918 1091 1961 valet
1105 1951 1117 1974 ,

269 1979 304 2021 si
325 1978 503 2035 postilla
524 1994 621 2035 quae
638 1979 795 2023 adduxi
809 2013 820 2036 ,
834 1980 1119 2026 nihilominus

268 2043 500 2099 putabunt.

328 2107 421 2166 598.
458 2109 573 2160 Quos
581 2105 760 2160 faciunt
774 2108 922 2164 justos
946 2113 1058 2164 ιζςπιὶι·
1078 2116 1123 2153 et

268 2175 384 2214 unda
396 2176 520 2215 viros.
540 2171 620 2215 Est
635 2181 781 2215 autem
794 2190 944 2217 sensus
961 2183 1116 2231 poetae,

267 2237 412 2281 literas
434 2246 680 2281 amatorum
701 2271 712 2293 ,
736 2238 771 2282 si
791 2239 1118 2297 intercipiendae

270 2302 380 2346 adeo
393 2303 600 2358 videntur
612 2336 623 2358 ,
640 2304 919 2362 intercipiant
932 2305 1008 2360 illi,
1025 2307 1116 2362 qui,

267 2368 468 2412 adhibitis
489 2369 588 2426 igne
605 2379 649 2413 et
668 2387 793 2427 aqua,
804 2372 932 2426 justi,
950 2371 1034 2416 hoc
1054 2381 1119 2417 est

269 2432 451 2490 legitimi
471 2435 618 2478 mariti
649 2436 750 2479 sacti
770 2445 900 2491 sunt,
924 2453 1018 2480 non
1045 2438 1118 2481 ri-

270 2497 408 2552 vales,
432 2508 507 2541 aut
526 2499 674 2544 similis
695 2501 968 2545 conditionis.
990 2502 1118 2546 Sole-

269 2562 377 2605 bant
396 2571 543 2606 autem
563 2564 609 2606 in
629 2565 894 2610 solemnibus
923 2567 1086 2624 nuptiis
1103 2601 1115 2622 ,

270 2628 426 2685 quibus
440 2644 548 2671 uxor
560 2638 604 2672 et
617 2631 799 2674 maritus
813 2631 1002 2688 legitime
1019 2634 1117 2689 jun-

271 2694 510 2751 gebantur,
533 2695 644 2752 ignis
674 2704 718 2738 et
751 2712 862 2752 aqua
890 2698 1083 2741 adhiberi
1100 2733 1113 2754 ,

271 2774 367 2814 quae
386 2760 594 2816 utrinque
614 2776 795 2817 sponsus
813 2770 857 2803 et
880 2777 994 2804 nova
1008 2778 1116 2819 nup-

269 2831 314 2866 ta
333 2825 641 2882 contingerent
661 2843 671 2869 :
692 2826 746 2869 ad
762 2826 1113 2884 significandum,

272 2889 388 2945 quod
401 2923 413 2944 ‚
428 2899 478 2933 ut
496 2891 590 2935 haec
608 2892 826 2935 elementa
842 2893 1117 2949 potissimum

271 2971 321 2998 ac
341 2955 527 2998 maxime
556 2958 796 3000 necessaria
812 2990 823 3012 ,
846 2957 962 3000 inter
989 2975 1034 3001 se
1066 2960 1115 3002 in

270 3035 507 3063 commune
547 3028 778 3077 tangerent
798 3039 808 3072 ;
849 3022 908 3064 ita
951 3030 1115 3065 ceteras

271 3101 445 3141 quoque
475 3101 545 3128 res
575 3086 833 3128 necessarias
857 3102 1115 3130 communes

269 3159 414 3193 essent
433 3149 634 3193 habituri.
653 3150 826 3192 MmYL.

327 3213 422 3255 601.
457 3216 561 3267 Quis
582 3216 739 3256 Cereris
758 3219 863 3256 n'lus
883 3223 962 3258 etc.
996 3214 1115 3258 Hinc

269 3277 339 3321 illa
358 3295 582 3321 sacrorum
597 3279 783 3321 formula
800 3280 954 3336 passim
974 3280 1113 3334 obvia,

258 3347 413 3395 procul
428 3349 514 3386 este
521 3342 723 3397 profan&
744 3353 788 3387 et
809 3344 923 3400 apud
941 3343 1116 3387 Graecos

270 3409 355 3456 ἑκάς
375 3410 457 3456 ἑκὰς
476 3412 540 3461 ἕςε
562 3412 737 3464 βὲἒη).οι;
757 3417 801 3451 et
824 3412 904 3457 ἑκὰς
927 3412 1010 3457 ἑκάς
1033 3412 1118 3460 ἕξις

1201 1660 1365 1723 &lu-(2632
1378 1660 1718 1705 excludebantur
1730 1661 1851 1705 enim
1862 1677 1956 1706 non
1969 1663 2046 1706 ini-

1200 1724 1306 1768 tiati.
1329 1726 1487 1769 Horat.
1510 1727 1602 1779 ΙΙΙ,
1626 1725 1715 1771 Od.
1730 1741 1768 1770 11
1785 1760 1797 1782 ,
1820 1728 1874 1771 26
1889 1761 1899 1778 ,
1923 1744 2014 1785 sqq.
2035 1744 2045 1770 :

1409 1805 1534 1837 Vetabo
1546 1828 1557 1844 ‚
1572 1805 1630 1847 qui
1644 1806 1769 1837 Cereris
1784 1817 1912 1838 sacrum

1322 1866 1473 1906 Vulgarit
1485 1877 1626 1906 arcane,
1645 1866 1707 1897 sub
1720 1865 1827 1898 isdem

1321 1926 1370 1957 Sit
1386 1927 1534 1958 trabibus
1546 1950 1557 1966 ,
1572 1927 1763 1968 fragilemve
1779 1940 1907 1960 mecum

1322 1987 1432 2018 Solval
1449 1988 1630 2029 phaselum.

1197 2048 1353 2092 Douza
1381 2049 1516 2092 etiam
1536 2049 1705 2106 legebat
1717 2050 1916 2105 profanis·
1932 2064 1948 2104 ,⁶
1972 2051 2048 2094 lo—

1198 2130 1336 2170 coque
1359 2114 1535 2157 Horatii
1563 2113 1778 2157 firmabat.

1251 2179 1348 2233 604.
1385 2181 1582 2221 Tacenda
1612 2181 1738 2235 loqui.
1766 2180 1898 2223 Unus
1927 2180 2049 2223 Ber-

1198 2242 1345 2285 nensis
1360 2274 1372 2296 ,
1394 2245 1570 2297 tegenda
1588 2245 1707 2299 loqui
1721 2259 1734 2286 .·
1756 2243 1874 2299 quod
1894 2243 2048 2301 placet,

1194 2307 1300 2362 ¹quia
1320 2313 1465 2351 tacens
1484 2323 1587 2350 mox
1611 2307 1810 2364 sequitur
1829 2325 1839 2352 :
1858 2308 1963 2352 novi
1983 2317 2051 2352 ta-

1197 2389 1303 2416 men
1315 2372 1386 2416 illa
1400 2374 1575 2417 Horatii
1592 2375 1613 2418 I
1625 2407 1637 2429 ,
1653 2375 1736 2432 Ep.
1748 2389 1818 2418 vn
1834 2409 1845 2430 ,
1867 2393 1916 2433 72
1932 2378 2051 2418 :Di-

1196 2441 1332 2482 cenda
1351 2443 1530 2484 lucenda
1550 2444 1729 2485 loculus.
1749 2442 1810 2485 Et
1825 2442 1962 2486 Persii
1982 2455 2048 2494 lv,

1197 2504 1221 2544 5
1231 2519 1240 2546 :
1251 2505 1447 2547 Dicenda
1462 2508 1719 2562 tacendaque
1729 2510 1871 2550 calles.
1884 2507 2048 2550 BURM.
2093 2549 2103 2561 ¹

1251 2568 1348 2625 607.
1376 2572 1588 2625 Proeczjoue
1611 2574 1815 2630 Cytherea
1821 2573 1950 2627 jubel
1971 2586 2050 2612 sua

1195 2649 1322 2676 sacra
1345 2639 1488 2678 tacent
1508 2635 1616 2679 Tale
1641 2636 1864 2692 quippiam
1881 2635 1986 2678 dixit
2002 2642 2046 2678 et

1198 2697 1423 2754 Tibullus,
1450 2700 1497 2753 Ι,
1523 2699 1645 2756 Eleg.
1668 2713 1707 2741 11
1721 2700 1834 2754 ,34:

1352 2767 1477 2798 Celar
1480 2768 1550 2798 iuv
1530 2767 1578 2798 ult
1593 2766 1698 2797 suasu
1701 2773 1750 2797 rta
1762 2768 1885 2798 Venus.
1903 2769 2001 2800 CIOF.

1250 2788 1346 2886 609.
1377 2829 1559 2870 Condita
1581 2830 1628 2869 si
1652 2843 1735 2870 non
1754 2832 1854 2870 sunt
1877 2830 2047 2873 Veneris

1195 2908 1236 2934 m
1230 2895 1394 2949 ysteria
1409 2895 1531 2934 czlrltlr
1541 2926 1554 2944 ‚
1570 2894 1662 2935 Nec
1678 2909 1783 2934 cava
1799 2897 1970 2936 vesanis
1983 2899 2047 2937 ic-

1194 2959 1306 2997 lt‘bus
1325 2972 1409 2997 oera
1421 2962 1588 2998 sonant.
1610 2958 1736 2999 Cistae
1753 2956 1799 2999 in
1819 2957 1946 3000 sacris
1964 2957 2044 3001 Ce-

1195 3020 1303 3062 reris
1324 3020 1442 3063 inter
1460 3020 1655 3079 symbola
1675 3020 1971 3076 habebantur,
1987 3023 2045 3065 si-

1197 3084 1450 3140 gnificantes
1471 3086 1611 3128 clausa
1630 3095 1759 3141 atque
1781 3102 1936 3129 arcana
1955 3102 2043 3129 om-

1197 3149 1270 3192 nia
1290 3149 1440 3192 haberi
1457 3150 1616 3193 debere
1634 3151 1738 3205 (sive
1754 3151 1865 3194 iniis
1882 3151 2045 3195 inclusa

1195 3231 1315 3257 sacra
1346 3214 1438 3258 deae
1468 3216 1662 3269 suerint,
1690 3224 1740 3258 ut
1764 3215 1835 3258 hic
1868 3217 2043 3259 Merula

1197 3288 1342 3336 putat,
1359 3280 1446 3323 sive
1464 3280 1602 3333 secus)
1624 3279 1805 3336 perinde
1825 3288 1874 3323 ut
1892 3281 1938 3323 in
1959 3297 2043 3324 cae—

1197 3346 1395 3388 rimoniis
1426 3345 1585 3389 Bacchi
1617 3363 1815 3401 vannus,
1845 3347 1967 3403 cujus
1998 3357 2041 3389 et·

1198 3409 1405 3465 Virgilius
1438 3409 1642 3454 meminit
1669 3411 1689 3453 Ι
1710 3442 1721 3463 ,
1745 3410 1903 3466 Georg.
1935 3410 2038 3452 166:
