2268 3776
253 274 322 342 42
719 279 782 331 P.
828 279 1125 336 OVIDII
1173 284 1551 343 NASONIS

332 390 447 469 Qui
477 389 732 465 doceant,
764 409 888 476 apte
922 397 1055 478 quid
1086 398 1189 457 tibi
1216 402 1395 482 possit
1424 404 1562 475 emi3

250 486 324 543 Et
352 485 461 544 sibi
490 510 665 568 pauca
691 504 891 566 rogent
921 515 933 550 ε
957 491 1162 552 multos
1193 494 1239 553 si
1268 519 1442 576 pauca
1469 498 1781 575 rogabunt,¹

330 580 632 640 Postmodo
663 582 728 643 de
759 584 966 667 stipula
997 587 1218 664 grandis
1250 613 1470 650 acervus
1500 592 1618 651 erit.
1965 629 2019 671 90

247 678 322 735 Et
352 699 536 749 soror,
571 693 626 737 et
650 695 848 753 mater,
882 683 1070 742 nutrix
1096 707 1320 765 quoque
1352 700 1541 767 carpat
1569 702 1856 749 amantem.
1905 679 1907 682 Α

326 771 417 830 Fit
443 772 551 831 cito
582 798 682 856 per
708 773 909 838 multas
938 779 1122 861 praeda
1151 779 1324 860 petita
1354 803 1567 839 manuS.

250 869 440 948 Quum
468 884 518 929 te
552 870 805 933 deficient
830 875 1095 956 poscendi
1118 899 1345 935 munera
1374 899 1577 950 causae,

325 965 575 1027 Natalem
602 967 720 1029 libo
753 970 1042 1032 testificare
1076 987 1251 1032 tuum.

244 1061 325 1119 Ne
354 1085 575 1124 securus
607 1081 776 1140 amet,
809 1067 965 1127 nullo
997 1068 1191 1142 rivale,
1224 1085 1428 1130 caveto.
1457 1089 1463 1093 ’
1968 1093 2022 1149 95

325 1157 454 1216 Non
484 1158 651 1233 bene,
685 1161 732 1220 si
760 1160 922 1223 tollas
952 1163 1168 1246 praelia,
1203 1165 1363 1227 durat
1391 1190 1559 1227 amor.

245 1252 344 1313 Ille
374 1255 476 1313 viri
506 1270 626 1317 toto
657 1258 837 1319 videat
867 1261 1097 1339 vestigia
1124 1261 1303 1335 lecto;

323 1351 595 1434 Factaque
623 1353 837 1416 lascivis
868 1356 1034 1417 livida
1063 1358 1206 1419 colla
1231 1361 1412 1420 notis:
1492 1398 1496 1401 >

246 1447 482 1507 Munera
510 1451 786 1533 praecipue
811 1452 1019 1525 videat,
1054 1477 1175 1536 quae
1203 1455 1416 1516 miserit
1442 1454 1593 1516 alter.

328 1543 387 1602 Si
418 1544 522 1604 tibi
548 1546 630 1605 nil
660 1547 900 1622 dederit,
936 1551 1100 1611 Sacra
1129 1551 1375 1630 roganda
1402 1551 1490 1611 via
1517 1567 1616 1612 est.

1947 1586 2023 1614 100

247 1640 437 1719 Quum
465 1643 640 1705 multa
669 1646 992 1720 abstuleriS‚
1024 1663 1088 1708 ut
1114 1673 1231 1708 non
1260 1664 1443 1709 tamen
1474 1648 1659 1709 omnia
1689 1648 1895 1722 donet;

324 1740 497 1819 Quod
529 1766 814 1826 nunquam
842 1744 1065 1819 reddas,
1100 1746 1414 1807 commodet
1440 1770 1617 1829 usque
1643 1771 1796 1825 roga.

244 1900 422 1955 quentia
452 1901 667 1959 suadent,
708 1909 784 1961 qui
812 1908 1003 1950 doceant.
1041 1907 1092 1950 Β.

297 1966 362 2024 89.
381 1967 542 2009 Multos
557 1973 602 2011 si
608 1985 752 2024 pauca
770 1975 983 2026 rogabunt.
1006 1973 1094 2016 Le-

244 2029 359 2086 gitur
373 2031 520 2086 etiam,
535 2032 858 2091 multisipa'uca
871 2042 1089 2092 rogabunt,

246 2110 341 2150 quae
356 2097 533 2140 sortasse
556 2100 700 2142 verior
713 2100 852 2145 lectio.
873 2102 1091 2146 NAUGER.

245 2159 300 2202 In
324 2161 423 2204 MS.
446 2162 592 2206 codice
613 2168 740 2207 mulli
753 2165 934 2224 legitur,
966 2175 1010 2210 et
1031 2167 1091 2211 sic

244 2224 296 2266 ab
326 2224 488 2268 Ovidio
508 2227 709 2272 relictum
730 2230 1063 2274 existimaverim
1081 2244 1092 2272 :

244 2288 348 2331 dicit
368 2287 684 2337 enim'inserius
699 2328 710 2348 ,
735 2297 798 2336 Et
809 2311 929 2339 soror
942 2302 989 2340 et
1005 2313 1091 2340 ma-

245 2357 327 2405 let,
351 2361 493 2398 tlatniz·
510 2362 665 2413 queque
685 2367 764 2402 etc.
788 2360 918 2404 MAR.

298 2418 365 2477 93.
400 2424 533 2473 Quum
555 2427 638 2466 tibi
658 2426 862 2480 deficient.
903 2427 962 2469 Te
987 2429 1040 2469 de
1069 2451 1093 2459 -

244 2486 360 2525 czent
390 2494 506 2529 recte
523 2505 533 2539 ;
575 2488 634 2531 sic
669 2490 790 2531 enim
818 2491 985 2546 optimo
1018 2491 1091 2533 illo

243 2547 398 2592 saeculo
417 2550 723 2607 loquebantur.
745 2554 856 2597 Met.
880 2571 924 2596 11
943 2587 955 2609 ‚
986 2555 1091 2597 382:

486 2626 622 2666 Qualis,
641 2638 745 2669 quum
758 2627 866 2659 deficit.
881 2628 1009 2667 orbem,

244 2685 323 2715 Esse
338 2685 431 2716 solet.

202 2803 205 2806 .
245 2769 299 2778 -—
320 2745 501 2802 Cicero,
521 2747 669 2791 Divin.
690 2765 781 2806 cap.
805 2750 854 2792 16
875 2765 886 2792 :
914 2753 1060 2793 Verum
1077 2784 1088 2801 ,

243 2816 293 2852 al
307 2814 371 2854 ad
378 2817 421 2855 le
433 2847 443 2864 ,
470 2815 591 2865 Caelz‘,
616 2816 801 2866 redeam,
825 2832 945 2871 quam
961 2819 1093 2859 mulla

246 2881 288 2918 le
307 2879 530 2932 deficiant,
561 2881 691 2921 vides.
714 2880 880 2923 HEINS.

299 2942 366 2998 94.
414 2944 656 2999 Teslgficare
687 2948 813 2987 tuum.
852 2946 1092 2999 Tesltficare
1143 2938 1146 2941 ,

246 3006 355 3048 diem
367 3039 378 3057 ‚
399 3006 567 3051 Moreti
585 3017 628 3052 et
642 3010 822 3067 Neapol.
835 3012 947 3054 sorte
962 3020 1092 3055 recte.

300 3073 367 3129 95.
382 3073 449 3116 Ne
458 3089 641 3117 securus.
653 3078 744 3121 Nec
752 3092 925 3119 securus
934 3109 944 3125 ‚
958 3077 1093 3119 Fran-

246 3136 399 3179 cosurt.
415 3146 459 3181 et
481 3147 667 3194 quatuor
689 3140 785 3195 alii,
808 3149 852 3184 et
872 3141 932 3184 ita
950 3141 1092 3184 Bers-

248 3216 437 3245 mannus
453 3202 589 3246 edidit
606 3216 615 3243 z
633 3203 752 3247 idem
767 3221 940 3262 quoque
959 3207 1094 3249 Fran—

248 3269 402 3312 cosurt.
418 3272 539 3314 duret
555 3287 683 3314 amor.

302 3350 367 3392 97.
408 3337 489 3377 Ille
507 3341 709 3380 visitato.
740 3338 931 3380 Alterius
950 3339 1098 3380 videat

249 3404 335 3442 folo
351 3435 360 3451 ‚
386 3410 472 3447 tres
487 3401 596 3447 libri.
621 3405 744 3447 Certo
762 3406 871 3447 lecto
882 3437 893 3457 ,
913 3403 1091 3447 Junian.

1230 1908 1296 1967 98.
1325 1909 1538 1964 Factaque
1556 1910 1730 1950 lascivis
1751 1909 1881 1950 livida
1910 1911 2025 1950 colla

1173 1978 1298 2017 nottlr.
1310 1973 1510 2030 Propert.
1522 1972 1593 2016 lib.
1606 1986 1672 2026 lv,
1685 1971 1752 2015 El.
1763 1986 1809 2026 v,
1824 1987 1861 2015 v.
1875 1972 1943 2030 39,
1955 1973 2020 2026 40:

1172 2050 1304 2089 Semper
1314 2047 1395 2078 habe
1410 2058 1539 2079 morsus
1555 2048 1680 2078 circum
1691 2054 1748 2078 tua
1763 2047 1847 2078 colla
1859 2053 2002 2077 recentes
2012 2069 2022 2084 ,

1211 2108 1342 2140 Litibus
1355 2109 1488 2139 alternis
1505 2119 1587 2150 quos
1603 2115 1697 2149 putet
1708 2119 1778 2139 esse
1793 2109 1900 2140 datos.

1231 2183 1323 2210 100.
1346 2169 1399 2210 Si
1410 2170 1495 2210 tibi
1509 2171 1577 2210 nil
1589 2169 1770 2218 dederit,
1797 2170 1929 2211 Sacra
1946 2185 2024 2210 to—

1169 2235 1314 2287 ganda
1332 2236 1406 2275 via
1424 2238 1501 2276 est.
1525 2231 1869 2289 Interrogandus
1890 2232 2025 2276 nimi-

1173 2313 1274 2339 rum
1304 2306 1475 2340 amator
1489 2331 1500 2348 ,
1532 2297 1567 2339 si
1599 2297 1708 2340 nihil
1738 2296 1910 2339 dederit
1924 2330 1936 2351 ,
1968 2313 2023 2339 an

1173 2377 1267 2404 non
1295 2362 1448 2405 venale
1469 2360 1575 2417 quid
1595 2361 1698 2403 novi
1727 2361 1774 2403 in
1800 2361 1869 2403 via
1895 2361 2027 2404 Sacra

1178 2435 1434 2483 exponatur.
1455 2445 1478 2464 «
1492 2427 1664 2470 Sacram
1685 2434 1834 2468 autem
1849 2425 2026 2482 quidam

1174 2491 1432 2548 appellatam
1443 2507 1533 2535 esse
1549 2491 1821 2545 existimant,
1845 2490 1963 2546 quod
1980 2491 2026 2532 in

1173 2572 1224 2598 ea
1249 2555 1389 2599 soedus
1409 2557 1545 2599 ictum
1563 2556 1618 2599 sit
1643 2555 1760 2598 inter
1780 2554 2026 2597 Romulum

1174 2636 1222 2662 ac
1242 2620 1423 2663 Tatium
1443 2632 1459 2675 :⁵
1477 2619 1655 2676 quidam
1671 2651 1683 2672 ,
1717 2618 1835 2674 quod
1861 2634 1914 2661 eo
1942 2618 2023 2660 iti-

1172 2699 1279 2725 nere
1310 2692 1492 2726 utantur
1517 2682 1761 2726 sacerdotes
1778 2715 1790 2736 ,
1827 2682 2022 2725 Idulium

1171 2763 1395 2790 sacrorum
1429 2746 1807 2795 conficiendorum
1836 2762 1974 2790 causa.
1999 2764 2021 2784 υ

1174 2814 1326 2857 Festus
1347 2813 1403 2856 ad
1422 2814 1611 2856 verbum
1625 2846 1637 2868 ,
1660 2815 1768 2856 VIA.

1233 2893 1323 2921 101.
1348 2880 1409 2920 Ut
1420 2894 1502 2920 non
1517 2883 1670 2921 tamen.
1686 2878 1820 2921 Forte
1835 2910 1847 2932 ,
1871 2893 1924 2920 ne
1941 2893 2023 2935 non

1174 2950 1326 2988 tamen.
1350 2945 1535 2988 Metam.
1558 2957 1630 2999 lx,
1654 2944 1759 3000 734:

1428 3018 1481 3050 Ne
1497 3028 1564 3049 non
1575 3023 1684 3048 tamen
1702 3017 1812 3048 omnia
1827 3017 1922 3048 Crete

1173 3079 1322 3111 Monstra
1339 3078 1435 3109 ferat.

1175 3140 1282 3196 Quo
1299 3139 1464 3183 adludit
1476 3141 1743 3194 Puteaneus,
1759 3139 1833 3196 qui
1846 3154 1870 3182 a
1883 3154 2020 3181 manu

1172 3204 1364 3248 secunda
1396 3204 1581 3248 habebat
1598 3237 1610 3258 ,
1646 3221 1764 3247 nemo
1794 3209 1845 3246 ut
1868 3208 2022 3246 lamen.

1179 3271 1388 3314 Francius
1407 3270 1599 3319 volebat,
1624 3275 1674 3312 ut
1686 3286 1739 3311 ne
1758 3274 1912 3310 lamen.

1233 3353 1322 3380 102.
1355 3338 1599 3380 commodet
1622 3338 1718 3386 ille,
1748 3349 1861 3388 roga.
1887 3334 1990 3387 Ipsa
2006 3365 2017 3382 ,

1173 3409 1424 3447 constanter
1437 3401 1640 3445 meliores
1657 3415 1666 3443 ε
1683 3398 1886 3455 quidam,
1902 3402 1991 3452 ψη·
2005 3410 2018 3435 -·
