2268 3776
457 328 852 386 -AMORUM
897 331 1018 384 111.

1076 332 1327 390 ELEG.
1383 335 1573 391 v111.
1807 358 1906 416 ¹97

130 442 389 504 Eruimus
417 458 558 506 terra
583 443 821 505 solidum
844 468 948 528 pro
974 444 1233 525 frugibus
1263 471 1472 508 aurum.

210 539 466 600 Possidet
495 540 743 603 inventas
773 541 1041 620 sanguine
1068 540 1225 603 miles
1254 567 1404 626 opeS.

133 635 299 698 Curia
325 637 664 720 pauperibus
694 637 874 699 clausa
898 653 982 699 est
1007 663 1019 699 :
1046 639 1140 700 dat
1169 662 1366 700 census
1395 641 1637 703 honores
1661 668 1672 715 3

211 731 345 793 Inde
375 733 553 812 gravis
580 734 782 816 judex;
816 734 943 797 inde
975 759 1195 799 severus
1223 761 1409 821 eques,

133 827 336 888 Omnia
364 829 719 912 possideant:
747 831 858 893 illis
887 834 1242 917 Campusque
1269 834 1586 918 Forumque

213 928 459 991 Serviat:
488 931 545 992 hi
573 956 761 1016 pacem
791 935 1068 1019 crudaque
1097 934 1243 996 bella
1274 951 1482 1015 gerant.

133 1031 374 1094 Tantum
400 1057 471 1095 ne
500 1051 727 1097 nostros
761 1037 905 1098 avidi
938 1039 1254 1123 praedentur
1281 1063 1529 1113 amores;

212 1133 288 1193 Et
319 1135 452 1197 satis
474 1152 580 1211 est,
606 1138 815 1223 aliquid
844 1142 1104 1226 pauperis
1133 1165 1250 1204 esse
1280 1140 1479 1202 sinant.
1859 1162 1916 1202 (ευ

137 1324 284 1372 Coesar
309 1336 413 1374 sunt
441 1344 594 1374 omnes
622 1346 647 1374 a
667 1330 832 1375 Latinis
862 1331 981 1377 culti.

137 1389 270 1437 Certe
301 1391 346 1437 in
382 1393 567 1452 antiquis
598 1395 948 1454 inscriptionibus
966 1427 979 1451 ,

141 1457 344 1502 Vt‘rbt'aIIs
363 1460 572 1505 Flammis
595 1461 783 1505 occurrit
799 1461 980 1506 mentio.

125 1522 492 1571 *Hirtus—Non
520 1526 751 1584 persuadet
778 1527 863 1571 hoc
887 1527 983 1572 loco

138 1591 346 1636 Heinsius
363 1609 374 1637 ι
391 1590 611 1638 Bacchum
633 1594 754 1638 enim
773 1593 841 1638 hic
862 1610 984 1651 prse-

136 1657 258 1703 teriri
285 1660 406 1704 nefas
434 1669 572 1715 esset,
598 1660 672 1718 qui
693 1662 782 1704 sere
811 1676 985 1717 semper

135 1740 238 1768 cum
271 1725 463 1771 Hercule
480 1758 492 1782 ,
528 1725 750 1771 Dioscuris
770 1758 782 1780 ‚
817 1734 861 1769 et
895 1725 984 1769 aliis

138 1788 386 1847 Heroibus,
414 1791 488 1848 qui
509 1791 669 1835 virtute
698 1790 850 1835 caelum
875 1806 982 1833 me-

135 1863 349 1910 ruerunt,
372 1871 396 1898 a
417 1855 553 1913 poetis
569 1864 862 1909 memoratur,
886 1854 984 1911 qui-

137 1917 216 1961 bus
238 1918 480 1963 Romulum
511 1930 556 1965 et
578 1919 797 1965 Caesarem
825 1919 984 1963 adula-

138 1990 252 2027 tores
269 1983 458 2028 Romani
481 1985 639 2031 addere
654 1985 862 2030 solebant.
885 1986 986 2029 Ho-

142 2047 273 2093 ratius
287 2081 300 2106 ,
323 2063 382 2093 111
398 2082 411 2106 ,
436 2049 525 2095 od.
547 2064 626 2107 111,
651 2069 701 2112 9,
723 2067 814 2108 sqq.
837 2067 847 2094 :

219 2129 291 2161 Hac
305 2136 374 2162 orte
383 2130 503 2164 Pollux
516 2139 548 2164 et
561 2143 662 2174 vagus
676 2131 835 2165 Hercules

219 2191 359 2232 Bainun,
376 2203 464 2224 aree·
478 2193 586 2234 attigit
597 2194 706 2235 ignea·
721 2217 732 2233 ‚

260 2259 352 2299 Quo·
366 2260 450 2291 inter
459 2259 634 2301 Augustus
647 2261 836 2292 recumbens

260 2355 263 2357 Α
300 2321 469 2362 Purpureo
481 2321 564 2353 bibit
576 2333 630 2354 ore
642 2328 761 2354 nectar.

224 2386 294 2419 Hoc
307 2392 340 2417 te
353 2392 529 2417 merentem
542 2410 554 2426 ,
566 2387 692 2419 Bacche
707 2394 810 2429 pater,
822 2392 887 2418 tum

224 2449 349 2480 vexere
361 2449 459 2490 tigres
467 2473 480 2490 ‚
494 2449 625 2481 indocili
640 2451 756 2491 jugum

265 2513 356 2546 Collo
367 2513 529 2546 nubentes
545 2526 553 2547 :
565 2513 625 2546 hac
635 2515 799 2556 Quirinus

298 2571 424 2607 Martis
434 2576 528 2618 equis
539 2564 725 2607 Acheronta
735 2575 754 2606 s
753 2575 833 2616 ugit.
844 2576 968 2607 Bonu-

198 2644 263 2686 55.
276 2643 402 2686 Curia
407 2645 662 2698 pauperibus
674 2645 824 2685 clausa
833 2649 901 2685 est
911 2650 992 2686 etc.

148 2707 338 2752 Causam
356 2707 479 2751 latini
500 2708 692 2752 nominis
713 2711 832 2751 curia
853 2707 993 2750 adfert

147 2773 260 2831 apud
278 2774 476 2818 Nonium
488 2774 632 2816 Varro
643 2805 655 2827 ,
667 2771 738 2816 lib.
755 2786 818 2827 11,
835 2771 889 2816 de
906 2771 994 2814 vita

147 2840 294 2898 populi
321 2841 544 2884 Romani:
565 2858 587 2878 «
627 2840 778 2896 ltaque
815 2847 995 2896 propter

147 2921 290 2948 curam
302 2905 420 2950 locus
433 2920 605 2963 quoque
621 2938 632 2961 ,
646 2921 734 2962 quo
746 2919 869 2948 suam
880 2903 995 2962 quis-

150 2986 234 3026 que
252 2979 428 3014 senator
445 2971 637 3025 confert,
658 2974 818 3013 curiam
837 2968 995 3026 adpel-

148 3035 220 3079 lat.
234 3053 255 3073 »
282 3037 415 3078 Curia·
436 3051 608 3092 quoque
624 3035 895 3091 vocabantur
918 3050 996 3078 sa-

149 3115 233 3144 crae
252 3098 409 3154 AEdes,
427 3099 478 3159 'in
501 3092 787 3156 quibus'sacra
804 3092 885 3155 sua⁸
898 3115 998 3156 per-

152 3165 337 3222 agebant
363 3164 542 3222 singulae
574 3164 751 3222 triginta
775 3164 967 3221 partium
982 3196 997 3219 ,

153 3230 199 3273 in
233 3245 338 3286 quas
370 3227 554 3286 populus
585 3229 813 3272 Romanus
841 3226 1001 3271 divisus

138 3331 142 3334 ⁴
153 3292 260 3339 erat.
270 3294 402 3341 Ratio
413 3293 605 3337 nominis
618 3293 766 3337 similis
776 3301 852 3336 est.
865 3287 1000 3337 Voss.

156 3362 348 3422 Etymol.
362 3385 418 3394 —
429 3363 527 3404 Dat
539 3377 688 3404 census
705 3362 893 3403 honores.
919 3360 952 3403 J
952 3376 1002 3404 us

156 3426 242 3469 scil.
257 3434 301 3471 et
313 3435 572 3484 potestatem
587 3427 634 3470 in
653 3425 788 3470 Curia
807 3424 1012 3469 sedendi..

213 3491 277 3534 55.
305 3493 409 3536 Inde
432 3497 576 3549 gravis
595 3492 763 3547 judex3
794 3492 891 3534 inde
922 3498 1000 3535 etc.

193 3680 216 3710 O

251 3732 281 3757 Ο

1065 1335 1249 1379 Ironice.
1264 1335 1497 1393 Tanquam
1519 1334 1620 1379 ideo
1634 1344 1805 1379 tanturn
1823 1335 1920 1391 quis

1063 1398 1195 1455 judex
1218 1404 1360 1456 gram
1381 1409 1424 1443 et
1453 1400 1642 1457 peritus,
1679 1407 1753 1443 aut
1786 1414 1919 1456 eques
1942 1405 1948 1412 '

1063 1480 1227 1508 severus
1241 1498 1252 1515 ,
1273 1465 1374 1522 quia
1394 1464 1512 1508 dives
1531 1464 1540 1507 ἔ

1121 1532 1187 1590 59.
1217 1532 1397 1574 Nostros
1415 1531 1782 1585 auidipraedentur
1804 1545 1921 1572 amo-

1064 1610 1143 1637 res.
1160 1597 1384 1639 &riantur
1399 1596 1650 1639 Puteaneus
1664 1610 1673 1637 z
1687 1610 1776 1651 quo
1790 1603 1836 1637 et
1848 1610 1920 1651 op-

1066 1659 1198 1703 timus
1214 1658 1437 1704 Palatinus
1459 1659 1641 1713 adludit,
1659 1659 1702 1701 in
1720 1674 1824 1716 quo,
1841 1661 1921 1713 eje·-

1065 1724 1243 1768 ce'a'ntur.
1276 1724 1603 1768 Arundelianus
1641 1724 1773 1767 etiam
1790 1756 1802 1777 ,
1829 1724 1921 1777 eji-

1066 1796 1260 1835 ce‘antur:
1282 1806 1383 1835 curn
1405 1791 1573 1836 diversa
1596 1790 1778 1835 lectione
1796 1824 1806 1843 ,
1830 1793 1919 1833 vel-

1066 1858 1276 1900 lice'anlur.
1314 1857 1463 1900 Scribe
1484 1889 1496 1910 ,
1530 1860 1749 1899 lt'ccantur.
1788 1858 1928 1899 Le'ccri

1067 1930 1112 1964 et
1144 1924 1309 1965 Ιίωῖσνί
1337 1921 1526 1979 pretium
1561 1922 1720 1964 offerre
1759 1935 1840 1977 pro
1874 1935 1921 1961 re

1067 1987 1221 2029 venali.
1237 1987 1412 2030 Festus:
1429 1989 1626 2036 Licitati,
1643 1991 1687 2029 in
1702 1988 1924 2028 mercando

1066 2055 1154 2096 sive
1166 2054 1398 2108 pugnando
1423 2053 1726 2098 contendentes.
1746 2050 1858 2093 vide
1880 2059 1925 2092 et

1070 2117 1269 2162 Nonium
1301 2118 1349 2162 in
1380 2116 1538 2161 eodem
1574 2117 1719 2159 verbo.
1752 2117 1802 2159 ln
1836 2115 1924 2158 aliis

1069 2182 1287 2229 codicibus
1308 2191 1372 2226 est
1389 2215 1400 2236 ,
1426 2189 1649 2231 venentur,
1667 2183 1922 2237 praedentur.

1062 2253 1322 2304 precia-ntur,
1356 2251 1588 2297 lanientur,
1621 2250 1846 2293 luctentur,
1883 2254 1926 2288 et

1071 2313 1238 2356 similia.
1250 2313 1452 2357 Verbum
1466 2316 1592 2355 liceri
1606 2313 1752 2355 minus
1767 2321 1924 2354 notum

1071 2378 1168 2421 loco
1212 2377 1539 2435 corrumpendo
1580 2393 1730 2421 ansam
1771 2376 1890 2419 dedit
1917 2392 1925 2418 :

1074 2442 1192 2499 quod
1213 2452 1362 2486 tamen
1377 2452 1419 2486 et
1435 2443 1549 2500 apud
1565 2442 1754 2486 Martial.
1768 2450 1901 2484 exstat
1916 2459 1926 2492 3

1073 2517 1116 2551 et
1132 2507 1245 2565 apud
1260 2509 1416 2551 Horat.
1433 2508 1474 2558 I,
1498 2508 1587 2551 Sat.
1609 2521 1678 2561 vt,
1700 2507 1760 2550 13.
1778 2508 1836 2549 H.
1853 2508 1927 2549 Li-

1074 2580 1248 2617 ceantur
1275 2574 1366 2630 jam
1394 2573 1695 2617 Bersmannus
1725 2572 1769 2614 in
1801 2587 1926 2614 mar-

1075 2639 1174 2698 gine
1195 2639 1362 2683 notavit
1377 2671 1388 2693 ,
1413 2647 1458 2682 et
1480 2638 1711 2696 explicuit:
1734 2638 1926 2696 pretium

1073 2705 1119 2748 in
1131 2706 1332 2749 auctione
1345 2705 1551 2758 offerant,
1563 2721 1643 2762 pro
1657 2720 1755 2747 mea
1772 2703 1926 2760 puella.

1076 2771 1166 2814 Sed
1185 2787 1277 2814 non
1298 2771 1441 2829 agitur
1460 2770 1530 2813 hic
1550 2770 1604 2812 de
1624 2768 1788 2812 ancillis
1803 2800 1815 2821 ,
1833 2783 1929 2823 quae

1075 2837 1248 2881 venales
1277 2853 1367 2881 esse
1401 2836 1629 2886 solebant;
1653 2850 1787 2890 quare
1821 2832 1930 2874 mibi

1069 2902 1304 2963 praeplacet
1322 2903 1450 2946 lectio
1463 2900 1651 2945 Palatini
1671 2908 1715 2942 et
1736 2900 1933 2942 Franco-

1074 2969 1302 3024 surtensis,
1329 2973 1530 3012 venentur
1545 2999 1555 3016 ‚
1579 2965 1647 3007 vel
1666 2967 1930 3019 praedentur:

1078 3034 1196 3093 quod
1223 3033 1354 3076 habet
1385 3031 1503 3075 idem
1526 3029 1729 3073 Francos.
1751 3045 1774 3071 a
1796 3044 1933 3071 manu

1077 3098 1282 3152 secunda,
1305 3106 1349 3140 et
1369 3113 1482 3139 unus
1498 3094 1684 3153 Heinsii.
1701 3092 1843 3137 Cicer.
1856 3108 1929 3147 111,

1079 3165 1133 3209 de
1154 3164 1248 3209 Off.
1270 3181 1314 3220 17
1336 3179 1347 3206 :
1365 3163 1580 3206 Neminem
1599 3163 1651 3204 id
1660 3177 1796 3216 agere,
1816 3167 1865 3203 ut
1877 3177 1933 3202 cx

1078 3234 1252 3274 alterius
1261 3226 1480 3286 praedetur
1491 3230 1728 3270 inscientia.
1747 3225 1804 3269 Et
1819 3226 1936 3269 Nos-

1079 3303 1150 3339 ter
1166 3293 1238 3338 lib.
1258 3308 1301 3347 1,
1327 3292 1427 3335 Am.
1447 3305 1505 3335 111
1518 3324 1530 3345 ,
1551 3307 1573 3335 ι’
1591 3308 1601 3335 :
1619 3293 1720 3346 Qua·
1730 3307 1795 3334 me
1805 3308 1937 3346 nuper

1086 3360 1275 3418 praedata
1291 3361 1437 3414 puella
1455 3363 1531 3400 est.
1549 3357 1714 3400 Bmtm.

1133 3426 1200 3468 60.
1231 3426 1294 3467 Et
1308 3427 1419 3466 salt}
1438 3429 1506 3465 est
1518 3457 1528 3474 ‚
1553 3423 1721 3479 aliquid
1736 3424 1938 3477 pauperis

1083 3504 1175 3532 esse
1192 3492 1350 3531 sinant.
1387 3486 1585 3544 Quidam
1608 3485 1777 3531 codices
1798 3486 1941 3541 scrip-
