2268 3776
513 291 902 348 AMORUM
953 295 1040 348 II.
1097 295 1351 353 ELEG.
1399 299 1593 354 XIII.
1860 302 1958 353 1215

187 409 341 494 Saepe
365 409 470 471 tibi
499 409 640 470 sedit
669 409 830 470 certis
863 425 1085 493 operata
1115 410 1311 473 diebus
1330 460 1345 486 ‚

270 507 398 587 Qua
427 505 597 584 cingit
625 505 811 568 lauros
844 506 1053 568 Gallica
1083 521 1261 567 turma
1289 522 1437 569 tuas:

187 603 384 686 Tuque
411 600 727 663 laborantes
756 616 915 663 utero
943 603 1200 665 miserata
1228 604 1475 687 puellas;

270 699 520 778 Quarum
551 698 705 759 tarda
732 698 908 761 lateus
939 725 1174 784 corpora
1203 700 1381 762 tendit
1412 725 1579 774 onus;
1917 734 1969 762 αι,

186 793 350 856 Lenis
380 793 534 868 adeS,
564 794 934 879 precibusque
960 798 1096 859 meis
1122 798 1265 871 fave,
1299 797 1548 882 Ilithyia!

243 961 305 1002 ¹7·
326 945 439 1002 Soepe
453 948 536 988 tibi
543 947 664 989 sedit.
691 947 792 990 Tibi
801 949 927 995 dedit.
950 947 1034 991 Pu-

184 1017 364 1054 teaneus
382 1027 393 1063 ς
413 1011 548 1054 scribe
567 1044 578 1066 ,
601 1012 712 1054 sedit
731 1026 743 1053 :
765 1011 873 1055 alter
890 1011 1034 1054 Men-

184 1074 289 1129 telii,
299 1077 417 1118 dedit
425 1079 596 1118 incertis·
607 1092 620 1118 ,·
633 1091 746 1119 unus
760 1091 884 1119 meus
897 1108 908 1131 ‚
924 1079 1039 1119 cedit

173 1138 320 1195 fistek.
343 1139 439 1184 Art.
463 1140 607 1184 Amat.
629 1153 709 1195 111,
732 1141 833 1183 635:

185 1211 297 1252 Quum
310 1213 426 1244 redeat
437 1211 560 1244 Pharin
575 1212 679 1244 nint-in
689 1219 819 1255 operata
830 1213 990 1255 juvenem.

187 1271 318 1316 Trist.
339 1286 377 1316 11
393 1306 405 1329 ,
427 1291 505 1334 297
527 1289 538 1317 :

183 1347 282 1380 Isidi·
291 1348 366 1392 ‘ede
379 1350 492 1395 sedens
509 1360 568 1381 cur
579 1349 661 1381 banc
674 1350 827 1382 Saturnia
839 1356 961 1393 quan-et

225 1409 337 1451 Egerit
349 1410 443 1442 Ionio
455 1411 679 1454 Baalim-ioque
696 1412 790 1443 mni-i.

186 1470 258 1516 De
277 1471 409 1517 Pont.
428 1484 446 1515 1
463 1504 476 1528 ,
499 1472 622 1530 Eleg.
649 1487 666 1516 1
680 1506 691 1528 ‚
717 1476 768 1516 52
786 1488 797 1517 :

185 1545 264 1577 Vidi
278 1557 338 1587 ego
349 1569 361 1586 ,
378 1546 520 1588 linigera
535 1559 656 1579 numen
668 1558 817 1590 peccasse
839 1547 994 1580 fatentem

227 1606 328 1639 loidi·
342 1632 356 1650 ‚
378 1607 501 1640 Isiacos
517 1615 591 1640 unte
605 1610 718 1641 sedere
727 1607 829 1641 socos.

188 1667 348 1712 Tibull.
369 1668 552 1727 1Elegia
572 1683 630 1713 111
650 1685 661 1713 ε

185 1743 235 1775 Ut
251 1755 322 1775 mea
335 1744 463 1777 votivas
477 1746 664 1787 persolvens
677 1744 772 1777 Delia
779 1751 891 1777 noctes

225 1804 315 1837 Ante
326 1816 431 1838 seems
445 1806 512 1839 lino
526 1813 610 1838 tecta
624 1806 707 1838 sores
720 1806 844 1838 sedeat.

114 1909 119 1922 ,
187 1865 452 1924 Atque-haec
483 1866 538 1911 de
559 1867 687 1912 sacris
716 1866 851 1911 Isidis.
877 1865 966 1910 Sed
988 1874 1034 1910 et

185 1931 513 1989 quibuscunque
539 1933 591 1976 in
626 1932 796 1990 templis
834 1934 1037 1975 sedebant

183 2003 372 2054 operata.
406 1998 574 2043 HEINS.
598 2022 652 2031 —
685 2001 819 2042 Certis
861 2003 1033 2054 operata

183 2065 340 2106 diebus.
358 2062 519 2108 Statuti
531 2063 621 2108 dies
631 2063 786 2120 quibus
797 2061 1032 2120 quotannis

186 2127 310 2172 Isidis
342 2144 460 2173 sacra
496 2145 520 2173 a
557 2129 750 2172 romanis
775 2128 1032 2172 mulieribus

185 2191 594 2237 celebrabantur.-
616 2196 813 2250 operata.
846 2193 1031 2250 Proprie

187 2254 271 2299 hoc
311 2255 366 2300 de
404 2271 521 2302 sacra
563 2258 831 2302 facientibus.
877 2257 1030 2315 Vin-gil.

188 2319 350 2378 Geor-g.
369 2335 386 2378 ι
403 2354 416 2376 ,
439 2323 546 2383 339:

187 2390 283 2420 Sacra
297 2391 379 2422 refer
389 2392 515 2431 Cereri,
533 2393 615 2424 laetis
633 2399 786 2436 operatus
800 2393 833 2424 in
845 2392 966 2424 herbis.

189 2450 250 2494 Et
270 2451 427 2496 Tibull.
450 2466 487 2496 11
502 2486 514 2508 ‚
537 2453 657 2511 Eleg.
675 2468 694 2496 1
708 2487 719 2509 ,
743 2471 793 2514 9:

187 2519 308 2551 Omnia
321 2520 386 2552 sint
406 2529 545 2564 operata
564 2523 645 2553 Deo.

245 2599 262 2624 1
269 2582 306 2624 8.
321 2583 494 2626 Gallica
503 2587 650 2628 turma.
660 2583 783 2628 Isidis
792 2584 1034 2630 sacerdotes

185 2645 381 2704 designat
393 2680 404 2702 ,
420 2649 514 2704 qui,
532 2657 581 2692 ut
596 2647 783 2708 Cybeles
796 2683 807 2704 ,
828 2651 1034 2694 Gallivel

189 2714 330 2756 Galloe
342 2714 620 2756 vocabantur.
643 2714 720 2758 Isis
735 2715 855 2757 enim
869 2715 1032 2775 AEgyp-

186 2779 294 2823 tiaca
305 2811 317 2834 ,
345 2778 510 2839 Cybele
524 2780 637 2838 apud
654 2781 842 2826 Graeeos.
855 2806 911 2815 —
929 2786 1033 2827 Cin-

182 2848 250 2899 git
265 2847 420 2888 lauros.
447 2846 577 2890 Sacra
602 2848 815 2906 intelligas
842 2850 894 2892 ab
917 2849 1030 2893 Iside

185 2906 380 2951 instituta
391 2940 404 2963 ,
420 2925 557 2966 quum
570 2944 582 2966 ,
600 2911 708 2955 duce
723 2921 766 2955 et
777 2913 1030 2971 indagatore

187 2972 436 3018 fidelissimo
458 2976 662 3021 Anubide
679 3011 691 3033 ,
715 2977 939 3023 Osiridem
959 2997 1032 3023 re—

186 3038 328 3095 perit,
355 3055 380 3082 a
397 3041 528 3084 fratre
545 3042 762 3101 Typhone
777 3044 822 3087 in
846 3061 942 3089 arca
959 3046 1032 3088 in-

186 3102 368 3146 elusum.
398 3104 513 3161 Quae
533 3123 651 3150 sacra
671 3122 810 3164 quum
829 3109 1031 3153 celebra-

187 3178 290 3212 rent
311 3170 578 3226 sacerdotes,
601 3173 711 3216 circa
729 3182 925 3217 octavam
945 3175 1032 3219 diei

186 3233 344 3277 horam
359 3268 371 3290 ,
392 3236 534 3279 moesti
556 3237 751 3293 primum
770 3238 1031 3284 incedebant

187 3309 232 3343 et
251 3299 408 3344 flentes
431 3317 440 3344 z
459 3301 661 3346 redibant
680 3320 784 3347 vero
804 3305 927 3348 lauro
947 3323 1031 3350 co-

185 3366 330 3408 ronati
351 3375 395 3409 et
415 3367 544 3410 sestos
558 3370 710 3411 cantus
723 3401 735 3422 ,
759 3369 1030 3427 triumphan-

188 3431 299 3475 tium
319 3447 442 3476 more
461 3465 472 3486 ‚
509 3433 842 3489 ingeminantes.

1183 963 1243 1006 ¹9·
1284 946 1423 1003 Tuque
1462 949 1703 990 laborantes
1734 953 1851 991 ulem
1888 955 1970 994 etc.

1118 1013 1330 1057 Horatius
1343 1014 1390 1056 in
1411 1013 1621 1068 Dianam,
1638 1013 1804 1069 111‚Od.
1820 1031 1893 1066 υ,
1923 1030 1967 1057 1:

1156 1093 1322 1126 Montium
1346 1099 1455 1125 curto,
1468 1116 1479 1132 ,
1510 1105 1612 1124 nemov
1624 1105 1743 1135 numque
1760 1095 1852 1136 virgo
1868 1119 1880 1135 ,

1156 1154 1239 1194 Qun
1252 1153 1443 1185 laborantes
1462 1161 1555 1185 utero
1570 1155 1694 1195 puella»

1155 1215 1222 1246 Tei·
1239 1222 1351 1245 vocnt·
1365 1214 1472 1246 audi».

1117 1276 1237 1320 Hinc
1279 1292 1454 1333 quoque
1494 1283 1698 1329 λυσίζωνες
1730 1277 1968 1323 Theocrito

1116 1340 1259 1397 dicta,
1298 1341 1547 1401 1dyl.xvn,
1570 1342 1638 1385 60.

1172 1424 1237 1451 21.
1259 1409 1390 1451 lenis
1412 1410 1516 1450 ades
1530 1442 1539 1457 ,
1566 1410 1839 1465 precibusque
1869 1412 1973 1451 meir

1104 1470 1227 1527 save,
1241 1474 1428 1530 Ilithyia.
1440 1471 1553 1515 Edd.
1567 1473 1800 1529 primariae,
1816 1482 1860 1517 et
1875 1488 1971 1531 quae

1117 1535 1172 1579 ad
1193 1537 1429 1580 Heinsium
1453 1553 1589 1593 usque
1610 1538 1940 1595 subsequuntur
1954 1572 1968 1593 ‚

1181 1626 1220 1636 ...
1245 1605 1574 1650 Precibusquesuee,
1599 1608 1748 1648 Lucina,
1774 1609 1906 1650 puelle.

1119 1667 1236 1724 Quae
1263 1667 1390 1711 lectio
1412 1666 1636 1724 quomodo
1666 1668 1711 1711 in
1741 1669 1970 1712 recentio-

1115 1749 1213 1777 rem
1228 1742 1272 1776 et
1283 1734 1502 1791 vulgatam
1519 1750 1640 1777 nunc
1653 1750 1861 1779 conversa
1877 1736 1970 1780 sue·

1114 1799 1194 1853 rit,
1219 1798 1388 1856 planius
1407 1799 1539 1842 velim
1561 1800 1730 1844 fecisset
1760 1801 1884 1845 nobis
1904 1801 1972 1844 vir

1117 1863 1184 1909 Cl.
1206 1865 1280 1921 qui
1298 1864 1474 1919 nullius,
1497 1865 1580 1909 nisi
1602 1866 1816 1909 Puteanei
1834 1900 1846 1921 ,
1868 1883 1972 1911 auc-

1115 1929 1339 1972 toritatem
1362 1928 1503 1973 adfert
1526 1929 1663 1987 gravis
1680 1930 1789 1974 adeo
1805 1932 1971 1974 immu-

1114 1994 1301 2038 tationis.
1341 2018 1396 2028 —
1431 1998 1621 2053 Ilithyia.
1662 1996 1864 2040 Fuerunt
1895 1998 1970 2054 qui

1115 2059 1319 2104 eamdem
1347 2076 1437 2105 esse
1459 2061 1691 2104 Junonem
1708 2094 1719 2115 ,
1743 2061 1935 2105 Dianam
1956 2095 1968 2117 ,

1116 2124 1338 2184 Ilithyiam
1357 2159 1369 2181 ,
1392 2126 1606 2169 Lucinam
1628 2158 1640 2180 ,
1680 2125 1933 2169 Genitalem
1953 2159 1966 2181 ,

1113 2191 1428 2234 contenderint
1447 2224 1459 2245 ‚
1493 2208 1544 2234 ex
1566 2207 1619 2234 eo
1640 2207 1773 2247 quem
1794 2191 1970 2233 adduxi-

1114 2271 1212 2299 mus
1254 2257 1429 2300 Horatii
1451 2257 1573 2312 loco,
1612 2266 1656 2300 et
1687 2257 1969 2313 sequentibus

1118 2320 1280 2365 Catulli
1294 2322 1340 2365 in
1355 2322 1551 2366 carmine
1572 2322 1764 2366 seculari
1784 2321 1837 2365 ad
1857 2321 1967 2365 Dia-

1115 2402 1247 2442 nam,
1275 2401 1443 2442 xxxrv,
1480 2388 1560 2430 13:

1236 2467 1291 2497 Tu
1303 2490 1314 2505 ‚
1331 2468 1457 2498 Lucina
1472 2466 1659 2497 dolentibus

1235 2527 1321 2559 luno
1337 2527 1423 2559 dicta
1437 2527 1605 2569 puerperis
1621 2538 1630 2558 :

1196 2588 1250 2620 Τιι
1266 2595 1379 2631 potens
1395 2588 1510 2620 Trivia
1524 2613 1535 2628 ‚
1549 2595 1583 2619 et
1598 2588 1698 2620 notho
1715 2599 1750 2620 es

1234 2650 1331 2682 Dicta
1346 2651 1470 2681 lumine
1483 2651 1590 2681 Luna.

1115 2714 1228 2759 Tull.
1251 2731 1426 2773 quoque
1447 2715 1500 2758 de
1523 2716 1624 2759 Nat.
1642 2715 1779 2758 Deor.
1801 2728 1851 2758 Π.
1874 2714 1965 2758 Sed

1114 2781 1303 2825 Homer.
1320 2782 1369 2825 Il.
1389 2791 1442 2836 A,
1460 2796 1565 2838 2703
1589 2780 1772 2824 Hesiod.
1795 2780 1963 2839 Theog.

1112 2863 1210 2906 922,
1226 2855 1270 2890 et
1288 2846 1415 2890 Pind.
1438 2847 1594 2890 Neme.
1613 2859 1699 2899 vu,
1717 2845 1758 2899 3,
1775 2845 1966 2890 Junonis

1104 2912 1248 2955 filiam
1275 2911 1428 2956 dicunt
1449 2913 1678 2968 Ilithyiam.
1702 2909 1963 2965 Quinetiam

1110 2977 1293 3031 Latonae
1313 2975 1575 3033 parturienti
1596 2974 1779 3018 adfuisse
1813 2986 1963 3020 narrat

1113 3043 1360 3087 Pausandn
1381 3042 1508 3084 Attic.
1524 3042 1585 3083 18,
1600 3039 1844 3096 Scriptores
1858 3058 1963 3084 vero

1112 3110 1234 3153 latini
1245 3109 1274 3152 J
1278 3123 1476 3150 unonem
1489 3107 1962 3163 Lucinamconjuncte,

1114 3175 1181 3218 vel
1195 3175 1408 3216 Lucinam
1417 3181 1491 3215 tan
1497 3181 1591 3215 tum
1601 3174 1811 3216 esserunt:
1826 3193 1846 3210 «
1861 3175 1963 3217 Fac·

1113 3250 1156 3284 ta
1173 3256 1196 3282 a
1199 3240 1394 3294 juvando
1413 3246 1456 3281 et
1472 3242 1564 3281 luce
1581 3239 1611 3281 J
1614 3255 1703 3281 uno
1726 3239 1915 3291 Lucina;
1938 3255 1963 3282 a

1113 3322 1201 3363 quo
1222 3305 1439 3362 parientes
1459 3321 1558 3347 eam
1578 3306 1795 3348 invocant.
1835 3305 1963 3348 Luna

1113 3371 1235 3414 enim
1255 3370 1528 3414 nascentium
1555 3370 1642 3412 dux
1676 3379 1757 3413 etc.
1780 3389 1802 3407 »
1833 3372 1961 3413 Varr.

1115 3435 1168 3480 de
1190 3435 1316 3491 Ling.
1340 3434 1432 3479 Lat.
1451 3449 1511 3479 lv.
1533 3437 1714 3493 mayn,
1741 3436 1859 3489 (non
1884 3437 1965 3477 Ili-
