2268 3776
706 298 1121 354 REMEDIA
1174 292 1550 352 AMORIS.

256 418 382 478 VEL
410 429 472 476 tu
501 414 735 476 venandi
766 414 1012 474 studium
1043 411 1163 474 cole
1190 437 1202 472 :
1232 436 1373 495 saepe
1399 411 1622 473 recessit

335 511 596 595 Turpiter
623 536 656 572 a
685 510 886 571 Phoebi
912 511 1054 572 victa
1084 532 1272 570 sorore
1301 511 1509 569 Venus.

1956 533 2039 561 200

256 610 419 668 Nunc
448 605 692 690 leporem
719 628 960 688 pronum
991 603 1175 666 catulo
1208 618 1415 665 sectare
1444 603 1624 682 sagaci
1651 629 1664 662 ε

337 705 500 763 Nunc
530 716 624 762 tua
651 701 935 763 frondosis
963 701 1102 763 retia
1129 699 1290 762 tende
1314 700 1479 781 jugis.

260 798 377 858 Au‘t
402 797 632 881 pavidos
662 812 802 858 terre
830 797 978 858 varia
1005 796 1300 858 formidine
1331 819 1552 867 cervos;

339 894 458 954 Aut
487 893 645 954 cadat
674 893 899 957 adversa
929 892 1157 976 cuspide
1180 892 1366 954 fossus
1395 915 1542 974 aper.

258 991 438 1051 Nocte
464 990 755 1068 fatigatum
785 1013 1043 1063 somam,
1068 1013 1185 1050 non
1214 1013 1344 1050 cura
1370 987 1596 1072 puellae‚

1964 1002 2047 1045 205

344 1086 596 1169 Excipit,
623 1102 679 1147 et
706 1086 904 1170 pingui
930 1087 1176 1148 membra
1203 1086 1386 1170 quiete
1412 1084 1569 1146 levat.

262 1183 471 1246 Lenius
500 1198 586 1244 est
611 1183 889 1256 studium,
922 1183 1169 1244 studium
1199 1197 1409 1254 tamen,
1442 1179 1571 1242 alite
1602 1194 1787 1263 capta,

343 1280 460 1341 Aut
484 1279 600 1340 lino
617 1326 632 1352 ‚
658 1294 754 1341 aut
783 1279 1029 1353 calamis,
1061 1279 1286 1363 praemia
1310 1302 1504 1362 parva,
1537 1276 1711 1359 sequi.

263 1374 400 1449 Vel,
433 1400 554 1459 quae
582 1376 751 1459 piscis
780 1376 917 1437 edax
945 1374 1106 1437 avido
1137 1374 1277 1436 male
1308 1374 1536 1435 devoret
1566 1397 1690 1444 ore,

344 1470 568 1532 Abdere
599 1471 878 1554 supremis
902 1495 1007 1532 aera
1033 1495 1262 1533 recurva
1290 1469 1447 1531 cibis.

1974 1495 2056 1524 210

267 1567 385 1629 Aut
411 1567 532 1641 his,
559 1582 655 1629 aut
677 1567 826 1642 aliis,
851 1567 1028 1629 donec
1057 1567 1296 1629 dediscis
1325 1589 1531 1638 amare,

324 1766 400 1794 201
409 1781 420 1793 .
444 1750 641 1806 Leporem
649 1766 827 1806 pronum
841 1758 922 1795 etc.
938 1753 1120 1794 Parvum

269 1809 385 1860 unus
407 1816 578 1860 Heinsii
601 1833 611 1860 :
634 1817 761 1861 male.
790 1820 954 1862 Pronus
974 1826 1037 1860 est
1057 1833 1124 1861 ce·

269 1879 352 1935 let-5
367 1879 503 1923 velox.
525 1879 824 1938 Metamorph.
848 1881 918 1923 lib.
938 1881 997 1935 X,
1017 1880 1122 1924 538:

269 1948 341 1980 Aut
347 1960 465 1991 pronos
473 1949 558 1991 lepm
564 1956 670 1989 0⁸,aut
676 1951 799 1981 celsum
809 1949 841 1980 in
849 1960 968 1981 cornu·
975 1959 1123 1989 cervum5

270 2007 346 2052 ubi
385 2007 518 2053 etiam
553 1999 743 2065 ‘quidam
773 2008 942 2053 codices
968 2024 1125 2065 parvos

273 2074 494 2119 exhibent.
518 2075 655 2118 Imm.

326 2146 421 2186 202'.
432 2144 558 2186 Nunc
575 2148 651 2185 tua
652 2140 875 2196 frondosis
887 2145 994 2184 rele'a
1004 2142 1126 2183 lende

261 2207 395 2263 12:513.
405 2208 533 2252 Puto
547 2240 560 2262 ‚
581 2223 691 2251 nunc
700 2223 781 2250 sua
792 2219 805 2246 ··
821 2215 870 2250 ut
884 2222 996 2263 saepe
1015 2208 1125 2251 Nos-

275 2281 344 2316 ter
362 2282 515 2331 poeta;
534 2274 595 2317 sic
611 2289 741 2330 supra
763 2273 839 2330 176
857 2289 868 2316 ε

314 2344 364 2376 Ut
379 2354 437 2376 sun
444 2367 457 2384 ‚
473 2343 563 2386 quod
574 2345 698 2386 peperit
709 2367 719 2382 ,
738 2345 795 2376 vix
808 2343 889 2376 ferat
902 2344 997 2376 arbor
1007 2354 1102 2376 onus.

277 2405 504 2463 Superiori
514 2421 641 2449 versu
657 2438 669 2460 ,
685 2409 827 2448 catulo
838 2409 1026 2461 sequaci,
1045 2420 1126 2461 pro

275 2475 432 2528 sagaci
443 2470 578 2515 codex
596 2471 768 2524 Jureti3
792 2471 868 2515 sed
888 2472 950 2514 nil
973 2481 1095 2515 muta
1114 2484 1125 2510 τ

278 2545 343 2581 est
372 2536 494 2580 enim
519 2551 659 2591 sagax
678 2544 943 2593 perpetuum
964 2552 1126 2580 canum

279 2600 521 2659 epitheton.

337 2666 430 2709 203.
448 2667 542 2710 Aut
549 2667 731 2722 pavidos
740 2672 845 2709 {erre
854 2670 977 2709 varia
979 2666 1130 2721 formi-

263 2732 377 2774 dine
395 2746 549 2774 cereos.
579 2731 632 2773 In
662 2730 862 2774 Palatino
876 2763 888 2785 ,
914 2730 1009 2773 Aut
1028 2737 1131 2772 terre

277 2799 418 2839 w‘ctos
435 2829 446 2847 ,
477 2795 598 2852 quod
619 2804 708 2850 est,
730 2796 824 2838 Aut
848 2801 951 2838 terre
971 2798 1132 2849 pavida

279 2865 417 2905 melos
418 2861 651 2917 formidine
663 2877 815 2905 cemos.
829 2861 951 2905 DAN.
963 2862 1130 2906 Hssms.

281 2925 404 2979 Nihil
414 2935 538 2970 muta
548 2945 560 2980 ;
576 2932 702 2970 varia
713 2927 903 2970 soz-mido
916 2936 981 2971 est
993 2927 1106 2983 pieta
1117 2961 1129 2981 ‚

283 2990 461 3035 diversis
472 2993 653 3036 maculis
664 3002 708 3036 et
721 2993 939 3037 coloribus
951 2993 1133 3037 distinc-

281 3065 339 3100 ta.
361 3056 428 3099 Ita
448 3056 662 3100 Firmicus
680 3056 755 3100 lib.
777 3057 920 3112 VIII,
943 3074 1034 3115 cap.
1056 3071 1105 3100 lx
1119 3091 1130 3112 ,

282 3124 427 3164 varebs
440 3137 586 3164 casses
605 3119 711 3164 dixit
731 3137 741 3164 :
758 3125 881 3164 varia
896 3125 1027 3166 vesttlt
1042 3122 1135 3165 Te-

282 3196 397 3231 rent.
419 3187 622 3231 Eunuch.
634 3200 684 3231 rv
699 3220 711 3242 ,
733 3189 771 3242 4.
790 3188 921 3231 Unus
934 3187 1105 3231 Heinsii
1120 3221 1132 3242 ,

286 3252 640 3307 vanafhrmidine
651 3285 662 3303 ‚
687 3252 819 3295 etiam
835 3268 927 3296 non
945 3252 1071 3296 male.
1082 3253 1135 3296 B.

343 3316 435 3359 206.
468 3319 631 3372 Pingui
649 3321 830 3360 membra
853 3321 988 3372 quiete
1013 3320 1136 3361 levat.

290 3380 363 3425 Sic
384 3382 548 3439 Regius
561 3397 663 3424 cum
678 3381 884 3439 Scaligeri
904 3383 1112 3439 excerptis
1123 3415 1135 3438 ,

291 3455 336 3490 et
366 3447 616 3493 Puteaneus
635 3463 715 3504 pro
743 3446 909 3491 diversa
938 3447 1137 3491 lectione.

1206 1749 1380 1807 Reliqui
1392 1750 1498 1798 scre,
1515 1748 1797 1802 dulce'qm'ele:
1813 1759 2056 1801 perperam.

1205 1816 1331 1865 Leni,
1352 1829 1467 1856 unus
1481 1811 1629 1855 codex.

1260 1895 1354 1935 207.
1372 1878 1530 1920 Lentus
1547 1882 1615 1919 cst
1634 1877 1818 1918 studium
1832 1906 1843 1924 ,
1872 1875 2056 1916 studium

1204 1951 1355 1988 tamen.
1377 1946 1558 1988 Prodest
1570 1949 1718 1990 lamen.
1738 1941 1953 1986 editiones
1971 1957 2057 1984 ve·-

1206 2018 1319 2053 teres
1333 2042 1345 2064 ,
1363 2017 1407 2052 et
1419 2008 1565 2065 scripti
1577 2006 1890 2064 septemdecim
1902 2019 1912 2045 ε
1924 2022 2025 2048 mox
2040 2040 2053 2061 ,

1203 2081 1283 2119 au!
1297 2078 1464 2118 calamo
1478 2108 1489 2125 ,
1517 2089 1633 2116 unus
1651 2072 1837 2115 Heinsii.

1260 2157 1353 2183 210.
1374 2141 1542 2183 Abdere
1559 2141 1761 2192 supremis
1783 2152 1868 2179 aera
1889 2152 2059 2179 recurva

1204 2202 1324 2249 eibaes.
1339 2205 1411 2248 Sic
1425 2204 1627 2260 etscripti
1648 2219 1658 2246 ε
1682 2201 1797 2259 quod
1823 2211 1970 2245 tamen
1990 2202 2058 2245 vix

1206 2286 1446 2327 concoquo.
1471 2269 1595 2325 Quid
1612 2270 1732 2312 enim
1749 2271 2058 2323 supreme‘cibi?

1208 2336 1339 2379 Forte
1353 2368 1364 2389 ‚
1376 2338 1453 2393 sub
1466 2337 1653 2377 tremulis
1663 2337 1783 2376 cibis.
1797 2333 1871 2376 Sic
1883 2337 2059 2376 tremula

1204 2408 1321 2454 sela,
1345 2401 1535 2444 Martial.
1561 2401 1582 2443 I
1598 2434 1610 2455 ,
1638 2400 1785 2457 Epigr.
1810 2400 1893 2443 56:

1206 2473 1249 2502 Et
1261 2471 1382 2512 piscem
1397 2469 1539 2501 tumida
1550 2470 1717 2501 salientem
1731 2470 1851 2500 ducere
1867 2477 1946 2500 seta.

1208 2531 1391 2585 Seneca,
1406 2531 1599 2575 Hercule
1611 2531 1823 2584 Fui-ente,
1837 2546 1947 2575 vers.
1968 2549 1982 2574 ι
1992 2534 2057 2589 5;·;

1208 2596 1343 2638 Senti!
1359 2598 1573 2638 tremulum
1591 2598 1705 2638 linea
1719 2599 1894 2651 piscem.
1926 2595 2059 2652 Apud

1210 2662 1437 2706 Lucanum
1452 2695 1464 2716 ‚
1487 2662 1596 2704 libro
1626 2662 1670 2705 11
1690 2694 1703 2715 ‚
1726 2662 1803 2704 θαι
1835 2677 1845 2704 :
1874 2663 2063 2704 Tremulo

1210 2733 1411 2770 contenta
1428 2726 1539 2782 sune
1559 2731 1726 2770 carine.
1764 2729 1950 2768 Tremuli
1965 2731 2064 2769 cibi.

1212 2791 1286 2835 Sic
1306 2798 1470 2847 quatere
1487 2794 1603 2834 cibos
1621 2791 1665 2832 in
1690 2791 1925 2846 piscatione
1958 2807 2060 2834 cum

1212 2857 1357 2900 hamo.
1373 2856 1632 2900 Theocritus
1646 2868 1657 2894 Ξ
1673 2858 1709 2899 ἔκ
1721 2857 1900 2911 καλάμων
1918 2861 1958 2900 δέ
1969 2859 2061 2900 xla}-

1213 2944 1272 2967 νον
1294 2925 1483 2967 κατέσειον
1505 2923 1650 2966 &ausin
1670 2934 1680 2960 :
1700 2921 1774 2966 sed
1796 2939 1951 2964 verum
1968 2933 2057 2979 est,

1213 2991 1290 3030 sub
1300 2991 1449 3041 primis
1460 2989 1586 3037 ct’bts,
1605 2985 1721 3041 quod
1735 2986 1782 3028 in
1803 3002 1894 3028 uno
1911 2987 2059 3032 codice

1215 3062 1362 3096 exstat.
1383 3053 1551 3095 HEI'SS.
1567 3075 1623 3084 -
1640 3053 1832 3107 Supremi
1856 3058 1946 3097 c1b1'
1960 3064 2064 3099 sunt

1216 3121 1375 3173 ultimi,
1392 3135 1499 3175 quos
1511 3119 1646 3175 pisces
1659 3136 1709 3162 ex
1720 3119 1853 3162 hamo
1865 3121 2061 3177 capiunt,

1216 3201 1317 3227 mox
1338 3184 1425 3227 leto
1443 3183 1603 3238 dandi,
1629 3193 1675 3227 et
1690 3200 1786 3227 esca
1803 3184 1973 3228 homini
1991 3187 2063 3227 su-

1217 3251 1305 3293 turi
1324 3263 1334 3290 ε
1354 3251 1412 3292 ita
1431 3250 1585 3293 millies
1608 3267 1831 3306 supremus,
1850 3267 1931 3308 pro
1950 3252 2063 3295 ulti—

1218 3330 1293 3357 mo
1310 3347 1321 3368 ,
1362 3313 1479 3369 quod
1502 3314 1707 3370 putidum
1725 3316 1840 3357 soret
1859 3315 2067 3371 exemplis

1218 3380 1493 3423 confirmare.
1521 3381 1693 3424 Addere
1710 3381 1755 3423 in
1778 3381 1926 3425 multis
1946 3397 2069 3437 quo—

1220 3463 1303 3502 que
1324 3455 1413 3490 est:
1435 3446 1559 3493 male.
1581 3446 1744 3490 Bumt.
1835 3442 1837 3444 ’
