2268 3776
245 299 352 369 298

707 301 772 353 P.
838 300 1130 357 OVIDII
1178 302 1551 362 NASONIS

321 413 430 474 Sed
461 429 641 475 tamen
670 414 778 477 hoc
807 441 935 478 arcu
965 420 1158 486 notior
1183 420 1320 482 alter
1350 438 1483 491 erat.

238 518 367 577 Non
397 533 447 578 te
476 518 763 580 Maenalias
788 537 1058 583 armatum
1083 524 1344 587 scandere
1372 527 1537 589 silvas
1561 575 1577 601 ,

290 622 429 680 ‘Nec
449 621 620 701 jubeo
652 622 800 683 collo
833 627 971 687 retia
999 627 1141 688 ferre
1172 643 1301 702 tuo;

235 724 468 785 Pectora
496 750 597 786 nec
627 728 810 789 missis
834 731 1007 811 jubeo
1040 733 1288 814 praebere
1318 735 1572 813 sagittis:
1950 755 2026 812 195

315 826 470 887 Artis
500 845 664 890 erunt
690 847 852 892 cauto
880 833 1071 894 mollia
1089 835 1241 917 jussa
1265 859 1415 896 meae.

236 929 382 991 Cede
405 936 770 1016 repugnanti3
808 937 1054 999 cedendo
1089 939 1271 1000 victor
1298 940 1500 1001 abibis,

315 1034 423 1094 Fac
452 1036 649 1122 mo'd0,
685 1063 820 1122 quas
847 1056 1032 1123 partes
1062 1039 1157 1102 illa
1185 1042 1441 1124 jubebit,
1478 1066 1628 1122 agas,

232 1136 477 1216 Arguet,
508 1141 756 1220 arguit03
796 1144 1071 1228 quidquid
1101 1147 1306 1230 probat
1332 1146 1457 1221 illa,
1492 1147 1738 1231 probato
1767 1173 1779 1208 :

313 1241 488 1320 Quod
518 1243 687 1319 dicet,
721 1246 870 1308 dicas
901 1274 913 1308 :
942 1249 1097 1332 quod
1122 1265 1290 1330 negat
1310 1249 1433 1324 illa,
1463 1275 1652 1330 neges,

1945 1285 2025 1314 200

227 1415 398 1461 limach.
421 1418 467 1461 in
488 1419 681 1465 Dianam
699 1456 710 1477 ,
743 1442 836 1468 221.
869 1447 924 1458 --
945 1427 1090 1471 Sensit
1167 1431 1223 1471 Τὸ
1226 1428 1359 1482 jubeo
1372 1443 1511 1486 quum
1523 1427 1674 1489 denuo
1685 1437 1885 1474 occurrat
1895 1446 2025 1474 versu

225 1489 269 1524 et
285 1485 371 1526 Ilei
391 1491 626 1530 contentum
648 1493 821 1532 saucius
838 1508 994 1535 arcum.
1017 1493 1085 1536 Ita

229 1549 408 1604 quidem
424 1551 470 1593 in
487 1551 659 1598 Aldinis
671 1555 831 1612 legitur
846 1590 857 1613 ,
873 1557 949 1600 sed
963 1558 1081 1602 salso.

225 1617 372 1672 Hylaei
401 1617 522 1660 enim
556 1619 797 1677 legendum
822 1640 832 1675 ;
878 1623 921 1665 id
963 1625 1083 1680 quod

225 1695 277 1721 ex
302 1680 558 1727 Callimachi
586 1685 682 1728 loco
697 1719 708 1740 ,
731 1703 860 1744 supra
879 1690 972 1744 jam
993 1690 1082 1732 ad·-

222 1743 310 1788 lato
324 1778 335 1799 ‚
356 1756 499 1803 patet,
515 1750 588 1793 ubi
606 1750 659 1795 de
676 1753 833 1812 Hylaeo
850 1762 894 1798 et
913 1754 1080 1799 Rhoeco

227 1810 463 1859 Centauris
484 1819 610 1873 (quos
626 1819 833 1864 Atalanta
851 1854 864 1876 ‚
886 1838 939 1865 eo
960 1822 1081 1879 quod

225 1878 314 1921 vim
333 1880 496 1926 inferre
518 1884 595 1927 sibi
617 1894 859 1930 tentassent
875 1921 886 1942 ,
917 1888 1080 1946 sagittis

223 1944 433 2003 confecit)
461 1948 508 1991 in
539 1949 658 1994 hunc
680 1951 866 1996 modum
886 1954 1046 2011 legitur
1067 1970 1078 1999 :

225 2015 309 2056 οὐᾶἳ
342 2019 412 2069 μὲν
444 2021 580 2060 nediu
607 2039 645 2063 τε
679 2027 746 2063 καὶ
777 2023 918 2084 ἄφρονα
947 2029 1079 2067 Ροῖκθν

221 2081 335 2122 ’ἔολπα
353 2084 504 2144 οὐδέπερ
528 2085 776 2141 ἔχθαίροντας
790 2119 802 2140 ,
829 2089 864 2130 ἕν
891 2087 977 2132 οἷ’ίδι
993 2109 1078 2144 μω·-

222 2149 415 2199 μὴσεσθάι
440 2151 612 2203 Τοξότιν·
645 2155 683 2195 οὐ
712 2153 783 2213 γάρ
807 2172 895 2211 σφιν
929 2157 1079 2209 >aestues-

224 2214 557 2266 συνεπιψεύσονται
596 2216 712 2259 Τάων
754 2223 948 2268 Μαιναλίη
992 2225 1078 2262 νᾶεν

223 2278 319 2333 φόνῳ
356 2277 552 2339 ἄκρώρεια.
594 2279 885 2338 Intelligimus
927 2291 1077 2326 autem

192 2389 194 2392 f
220 2338 315 2395 hic,
339 2350 516 2397 poetam
531 2343 636 2387 illud
657 2346 841 2390 voluisse
859 2347 1078 2405 significa-

221 2420 297 2459 re,
325 2406 370 2448 in
394 2409 577 2463 gratiam
600 2410 819 2455 Atalantae
844 2413 1076 2456 lvlelanio-

221 2485 325 2512 nem
337 2473 589 2518 sustinuisse
603 2476 655 2519 ab
671 2477 828 2536 Hylaeo
845 2479 960 2521 ultro
974 2496 1078 2522 sau-

220 2533 335 2577 ciari.
360 2536 495 2592 Quod
520 2549 563 2582 et
580 2558 729 2585 versus
747 2543 932 2587 innuere
952 2544 1078 2587 vide-

219 2607 295 2642 tur
308 2631 320 2654 ,
345 2602 419 2657 qui
435 2603 547 2652 insra
566 2607 787 2661 sequitur:
805 2611 986 2652 Pectora
999 2627 1077 2653 nec

218 2670 362 2709 missis
363 2668 497 2722 jubeo
505 2675 686 2725 praebere
697 2679 867 2729 sagittis·
877 2692 898 2717 e
905 2684 957 2718 tc.
972 2676 1074 2718 Vid.

220 2731 284 2774 Ill.
310 2732 566 2789 Spanheim.
590 2736 642 2779 ad
659 2737 700 2779 d.
722 2739 749 2780 l.
776 2738 1044 2784 Callimachi.

278 2815 368 2858 192.
392 2802 543 2844 Notior
558 2805 668 2845 alter
682 2810 783 2847 erat.
817 2805 848 2847 J
853 2805 1040 2848 unianus
1058 2838 1071 2860 ,

217 2868 378 2907 certior.
413 2868 580 2910 Fortior
607 2872 738 2920 alter,
770 2870 1007 2913 Bernensis
1028 2879 1074 2914 et

219 2940 318 2974 octo
341 2931 424 2974 alii.
446 2934 535 2977 Sed
555 2940 732 2989 certior3
754 2946 804 2980 ut
827 2954 938 2995 saepe
959 2938 1071 2981 alibi.

236 3036 241 3039 ,
277 2997 366 3056 ¹93⁸
391 2999 617 3043 Moenalias
636 3005 786 3045 silvas.
806 3003 865 3046 Et
881 3003 1004 3046 silvas
1025 3003 1070 3046 in

219 3062 441 3117 montibus
470 3080 560 3107 esse
592 3067 722 3120 novi,
745 3067 822 3110 sed
856 3084 911 3110 an
948 3083 1070 3124 aeque

217 3136 332 3170 recte
348 3133 548 3174 scandere
560 3135 694 3175 silvas
706 3133 890 3189 dicatur,
905 3133 1070 3177 dubito.

216 3193 321 3237 Duo
333 3196 476 3253 scripti
489 3231 500 3252 ,
515 3200 741 3244 Moenalios
754 3208 914 3244 montes
927 3218 939 3245 :
956 3219 1069 3246 unus

218 3261 419 3317 Heinsii,
440 3266 657 3308 llIenalias
678 3283 800 3322 rupes
818 3283 830 3309 .·
855 3267 1069 3311 utrumvis

217 3334 416 3381 praestat:
438 3345 558 3382 rupes
585 3329 720 3372 etiam
750 3330 947 3375 laborem
981 3348 1067 3374 au—

219 3402 386 3448 gerent.
407 3395 571 3439 BURM.

275 3475 290 3499 1
299 3459 364 3517 94.
379 3461 468 3505 Nec
472 3460 606 3514 jubeo
619 3465 726 3506 collo
739 3468 844 3507 retia
851 3465 967 3519 ferre
984 3470 1068 3510 tuo.

1167 1492 1365 1550 proxime
1386 1494 1591 1550 sequenti
1608 1527 1621 1549 ,
1642 1493 1714 1538 hic
1743 1510 2024 1551 nequaquam

1165 1557 1344 1602 videtur
1375 1558 1702 1602 admittendum
1721 1576 1732 1612 ;
1754 1575 1838 1603 nec
1863 1557 2020 1616 juvant

1164 1631 1315 1667 tamen
1332 1623 1430 1667 libri
1453 1632 1638 1669 veteres.
1663 1623 1839 1668 Censeo
1859 1624 2024 1667 nihilo-

1130 1685 1135 1693 ’
1164 1691 1312 1736 minus
1332 1691 1616 1736 scribendum
1640 1708 1748 1748 esse,
1767 1708 1819 1735 ex
1836 1692 2023 1737 Nasonis

1164 1756 1384 1800 sententia
1403 1772 1414 1800 ε

1201 1824 1346 1857 subdola
1359 1836 1418 1855 nec
1430 1825 1515 1856 collo
1531 1825 1611 1856 retia
1624 1824 1710 1856 ferre
1725 1831 1783 1857 tuo
1804 1835 1814 1857 ζ

1161 1895 1212 1929 ut
1235 1885 1351 1943 apud
1373 1885 1627 1930 Martialem
1641 1919 1654 1941 ‚
1689 1900 1907 1942 magnum
1935 1885 2025 1928 Na-

1159 1953 1278 1996 sonis
1304 1953 1574 1997 imitatorem
1587 1986 1599 2008 ,
1622 1966 1684 2008 11,
1698 1952 1847 2010 Epigr.
1868 1954 1948 2006 40:

1159 2022 1304 2054 Subdola
1320 2023 1501 2054 tenduntnr
1513 2023 1630 2053 crassis
1644 2023 1741 2053 modo
1755 2023 1836 2052 retia
1849 2022 2017 2052 turdisli.

1220 2086 1313 2143 195.
1329 2085 1419 2128 Nec
1432 2087 1588 2127 mirsia
1606 2086 1695 2128 Nec
1708 2085 1919 2142 Scythicis·
1931 2083 2021 2126 duo

1160 2148 1330 2193 codices
1345 2183 1357 2206 ,
1381 2150 1500 2208 quod
1529 2166 1623 2194 non
1657 2150 1711 2194 de
1739 2149 1878 2193 nihilo
1906 2166 1916 2194 :
1943 2167 2021 2194 nec

1141 2219 1256 2274 fixis
1274 2210 1515 2262 Vaticanus
1533 2215 1662 2262 unus'.

1220 2303 1235 2328 1
1244 2288 1310 2345 98.
1338 2290 1430 2330 Fac
1452 2289 1574 2330 modo
1588 2320 1600 2338 ‚
1634 2302 1742 2342 quas
1762 2291 1913 2345 partes·
1940 2289 2022 2329 illa

1147 2350 1332 2406 jubebit,
1350 2367 1470 2405 agas.
1482 2350 1713 2394 verbatim
1724 2350 1870 2393 locum
1882 2349 2018 2403 hunc,

1159 2423 1204 2457 et
1223 2414 1372 2471 lepore
1393 2415 1520 2458 solito
1539 2414 1750 2472 expressit
1765 2414 2015 2469 BERNARD,

1158 2480 1245 2521 Art
1262 2480 1481 2532 d'Aimer‚
1514 2479 1583 2524 ch.
1606 2493 1671 2522 11:

1198 2560 1260 2591 Ris
1269 2583 1279 2598 ,
1291 2561 1318 2591 si
1331 2560 1397 2591 l'on
1412 2562 1459 2592 rit
1469 2575 1482 2602 ‚·
1491 2560 1612 2604 pleure
1622 2584 1634 2599 ‚
1646 2561 1674 2591 si
1687 2561 1753 2591 l’on
1769 2561 1901 2612 sonpirc
1908 2573 1924 2600 ‚-

1197 2622 1277 2651 ,ΡΙ-ἐς
1291 2622 1391 2670 d'uno
1399 2621 1488 2664 folle
1495 2646 1509 2663 ,
1525 2622 1619 2654 imite
1633 2634 1690 2653 son
1707 2623 1812 2653 de'lire
1825 2637 1836 2653 .-

1197 2684 1291 2714 Pom·
1300 2694 1364 2714 une
1376 2694 1486 2724 muse,
1500 2695 1580 2715 orne
1598 2695 1637 2714 ce
1650 2695 1714 2725 que
1729 2691 1767 2715 tu
1781 2683 1844 2713 dis.

1197 2744 1312 2774 Est-on
1324 2744 1443 2775 ddunt?
1458 2745 1518 2775 sois
1533 2745 1631 2775 de'oot
1638 2767 1652 2784 ,
1671 2751 1707 2774 et
1719 2744 1822 2775 me'dis
1833 2745 1848 2774 l

1197 2811 1272 2841 Fuis
1288 2821 1325 2841 ce
1338 2811 1436 2852 qu'on
1450 2811 1541 2851 hait,
1557 2823 1692 2842 oncense
1705 2823 1742 2842 ce
1756 2813 1855 2853 qu’on
1868 2811 1946 2843 Ioue
1959 2826 1970 2842 .-

1198 2875 1267 2904 Gaz'
1277 2875 1304 2904 si
1315 2874 1380 2905 I’on
1395 2875 1517 2906 charite
1528 2899 1541 2916 ,
1555 2882 1590 2906 et
1601 2875 1690 2918 dupe
1700 2876 1728 2906 si
1742 2875 1808 2906 l'on
1816 2878 1908 2916 jone.

1152 2961 1207 2970 —
1217 2941 1308 2981 Fac
1331 2942 1450 2982 modo
1468 2973 1478 2990 ,
1502 2955 1609 2994 quas
1624 2945 1770 2994 partes
1787 2943 1867 2984 illa
1875 2940 2010 2996 jube-

1153 3005 1237 3054 bit,
1261 3020 1380 3058 agas.
1411 3006 1506 3046 Eas
1527 3005 1691 3061 Regius
1707 3037 1718 3059 ,
1745 3022 1847 3048 cum
1863 3005 2013 3048 multis

1151 3068 1242 3112 aliis
1255 3085 1443 3113 noncon
1450 3071 1702 3115 temnendae
1716 3080 1852 3116 notae:
1866 3089 1977 3129 quar
1986 3089 2010 3114 e

1150 3136 1431 3180 scribendum
1465 3138 1654 3182 fortassis
1669 3171 1683 3194 ,
1699 3155 1704 3160 ·
1711 3139 1796 3194 etsi
1827 3139 1959 3202 vulga
1967 3150 2008 3183 ta

1155 3215 1249 3242 non
1272 3200 1468 3258 displicet
1490 3218 1500 3244 t

1189 3271 1254 3301 Fac
1269 3271 1365 3302 modo
1379 3283 1459 3313 quas
1472 3279 1580 3313 partes
1594 3272 1651 3303 ina
1665 3272 1788 3303 subibit
1799 3295 1810 3311 ,
1824 3283 1891 3303 eas.

1151 3332 1241 3374 Pro
1248 3336 1414 3375 subeast
1423 3336 1584 3375 subibit
1592 3342 1709 3377 certe
1718 3333 1764 3377 in
1778 3333 2007 3376 alteroRe-

1150 3399 1220 3455 gio
1240 3400 1476 3456 legebatur.
1489 3400 1631 3444 -Vix
1645 3399 1847 3444 credibile
1863 3415 2007 3455 quan.-

1149 3473 1245 3507 tum
1260 3465 1394 3509 verbo
1408 3464 1491 3508 hoc
1510 3469 1569 3508 ire
1588 3463 1658 3507 vir
1678 3464 1727 3508 cl.
1749 3462 2006 3507 delectetur.
