2268 3776
310 318 333 350 «ι
351 299 417 373 78

781 296 844 348 P.
896 295 1194 352 OVIDII
1235 291 1620 353 NASONIS

306 409 470 473 Nunc
499 410 617 484 ruis
646 410 907 492 opposito
938 410 1161 471 nivibus
1189 410 1255 471 de
1284 426 1474 472 monte
1505 411 1733 485 solutiS‚

386 511 461 568 Et
494 507 643 589 turpi
674 530 880 567 crassas
909 508 1124 586 gurgite
1155 506 1331 568 volvis
1363 533 1550 592 aquas,

308 606 462 687 Quid
489 628 810 687 properasse
838 605 1032 686 juvat?
1063 604 1197 686 quid
1230 628 1393 687 parca
1423 605 1638 666 dedisse
1664 606 1837 688 quieti

385 703 704 784 Tempora?
733 701 868 784 quid
895 702 1047 761 nocti
1078 702 1423 763 conseruisse
1455 703 1644 764 diem?
2047 736 2094 762 m

308 801 370 860 Si
399 815 581 858 tamen
610 798 700 856 hic
730 797 1015 869 standum,
1049 797 1095 856 si
1119 820 1237 856 non
1269 797 1432 857 datur
1455 799 1670 858 artibus
1698 799 1829 859 ullis

387 892 635 953 Ulterior
661 906 856 951 nostro
884 892 1006 974 ripa
1033 893 1331 974 premenda
1357 893 1528 976 pedi?

308 995 472 1054 Nunc
497 1013 598 1068 ego
615 1035 630 1060 ‚
661 1012 795 1071 quas
821 987 1021 1048 habuit
1051 1012 1262 1071 pennas
1291 990 1569 1050 Danae'l’us
1596 989 1763 1050 heros
1780 1036 1795 1062 ,

390 1085 654 1148 Terribili
685 1086 915 1146 densum
948 1083 1281 1167 quum'tulit
1308 1110 1485 1164 angue
1514 1102 1713 1169 caput;

309 1188 474 1246 Nunc
502 1199 635 1267 opto
665 1206 917 1254 currum,
946 1181 1013 1242 de
1044 1206 1156 1264 quo
1190 1182 1433 1243 Cerealia
1460 1183 1705 1266 primum
2052 1202 2100 1243 15

391 1280 612 1340 Semina
639 1293 909 1338 venerunt
937 1277 997 1336 in
1028 1277 1166 1338 rude
1196 1277 1366 1338 missa
1394 1277 1593 1338 solum.

311 1377 646 1455 Prodigiosa
671 1375 878 1457 loquor
903 1389 1148 1434 veterum
1168 1373 1453 1457 mendacia
1479 1389 1694 1446 vatum3

395 1485 510 1543 Nec
535 1480 665 1541 tulit
684 1480 799 1540 haec
827 1502 1075 1561 unquam
1092 1525 1110 1552 ‚
1137 1502 1239 1539 nec
1268 1478 1407 1540 feret
1431 1478 1547 1540 ulla
1576 1479 1707 1539 dies.

375 1683 411 1723 7.
439 1667 639 1720 Opposita
655 1667 707 1706 de
721 1666 870 1707 monle.
891 1664 1091 1707 Fortasse
1112 1662 1166 1706 de

320 1730 499 1772 Soracte
530 1728 762 1784 intelligit,
799 1727 853 1771 de
886 1744 974 1784 quo
1006 1728 1166 1771 Horat.

318 1797 388 1839 lib.
412 1810 453 1850 Ι,
479 1795 567 1839 Od.
588 1812 638 1854 9,
662 1812 701 1836 v.
729 1812 744 1837 1
764 1827 775 1847 ,
801 1794 890 1837 ait:

358 1865 457 1895 Vides
470 1888 479 1902 ‚
505 1870 541 1893 ut
554 1864 618 1893 alta
633 1869 693 1893 stet
706 1863 782 1892 nive
794 1862 970 1893 candidum
983 1864 1123 1894 Soracte.

321 1928 401 1970 Est
414 1935 561 1969 autem
580 1924 650 1967 hic
666 1940 793 1966 mons
810 1924 882 1980 (ut
895 1924 966 1966 lib.
987 1938 1018 1966 v
1031 1958 1042 1975 ‚
1065 1924 1168 1967 scri-

318 1994 381 2036 bit
412 1991 588 2045 Strabo)
620 1991 740 2046 juxta
761 1989 1023 2032 Flaminiam
1051 1989 1168 2031 viam

318 2059 366 2100 in
378 2055 582 2100 Phaliscis
592 2087 604 2104 ‚
621 2054 740 2097 unde
752 2053 938 2096 oriunda
951 2062 1045 2096 erat
1061 2070 1169 2096 uxor

320 2122 506 2167 Nasonis
525 2155 536 2176 ,
559 2130 617 2164 ut
638 2121 726 2177 ipse
745 2120 928 2163 inferius
953 2120 1169 2164 ostendet.

320 2193 451 2235 BIAR.
468 2190 605 2233 Hunc
619 2195 820 2231 montem
841 2186 1052 2231 Ciosanus
1068 2189 1171 2230 Ma·-

308 2259 464 2314 jellam
482 2263 607 2299 vocat
624 2287 635 2308 ‚
667 2255 740 2310 qui
759 2270 879 2297 nunc
898 2259 1035 2296 monle
1054 2257 1105 2296 di
1129 2255 1170 2297 S.

322 2324 518 2364 Silvestre
545 2318 787 2375 adpellatur
816 2334 825 2360 z
853 2317 930 2361 sed
956 2317 1172 2361 dubitan-

322 2387 431 2429 dum
455 2401 509 2427 an
536 2383 589 2426 de
613 2382 792 2426 Soracte
814 2382 1037 2438 intelligat.

379 2451 417 2491 8.
447 2451 581 2503 Turpi
595 2463 778 2490 crassas.
804 2445 956 2490 Codex
977 2446 1142 2489 Moreti
1158 2479 1170 2502 ,

323 2519 527 2565 emissam
550 2514 663 2554 sorte
678 2545 689 2566 ,
710 2516 887 2567 spissas.
910 2512 1078 2555 HEmS.

377 2594 418 2636 9.
446 2578 562 2631 Quid
569 2592 705 2631 parca
724 2578 890 2618 dedisse
902 2580 1032 2631 quieti
1055 2578 1175 2623 Tem-

318 2657 440 2698 pora.
482 2639 599 2683 Alias
630 2639 788 2696 legitur
807 2672 818 2693 ,
853 2655 997 2694 pauca
1022 2656 1034 2682 .-
1055 2648 1173 2682 recte

325 2719 578 2764 utrumque.
587 2708 860 2751 MAR.Parva
868 2706 963 2748 libri
975 2715 1175 2761 quatuor.

325 2777 467 2818 Parca
478 2774 727 2816 Puteaneus
741 2785 842 2813 cum
854 2769 883 2811 J
887 2770 999 2812 ureti
1012 2778 1056 2812 et
1071 2769 1176 2812 Sca-

323 2842 448 2900 ligeri
462 2839 684 2896 excerptis.
697 2862 752 2869 —
766 2837 908 2894 Supra
925 2837 1057 2878 etiam
1070 2853 1109 2879 v.
1131 2839 1173 2891 5,

325 2908 373 2949 in
394 2905 578 2956 Scriver.
601 2911 694 2945 erat
708 2935 720 2957 ,
735 2917 892 2957 parcus
913 2917 1006 2942 erus
1020 2934 1031 2951 ‚
1054 2899 1174 2943 unde

329 2981 530 3031 apparet,
547 2987 640 3014 non
655 2970 815 3026 ubique
831 2968 874 3011 id
888 2967 1146 3011 vocabulum
1160 2999 1172 3022 ,

326 3038 402 3080 ubi
422 3035 583 3079 librarii
607 3041 873 3091 posuerunt,
904 3048 994 3075 esse
1017 3030 1177 3087 adpre-

329 3102 506 3147 henden
513 3102 619 3145 dum
629 3115 639 3141 t
649 3101 722 3144 hic
733 3110 883 3144 tamen
894 3100 1031 3157 probo
1047 3114 1175 3151 3nam

329 3179 374 3212 et
401 3169 601 3212 Francos.
628 3167 846 3223 conspirat
869 3183 878 3210 :
907 3170 1175 3210 continuasse

328 3236 437 3275 diem
465 3232 599 3276 etiam
625 3230 851 3274 Palatinus
886 3229 1101 3274 secundus
1131 3238 1176 3272 et

330 3299 579 3342 Beruensis.
602 3299 767 3341 BURM.

389 3383 451 3409 10.
484 3367 602 3419 Quid
615 3369 735 3407 nocti
754 3367 1012 3406 conseruisse
1031 3364 1138 3405 diem
1154 3366 1176 3407 Ρ

331 3429 381 3473 Id
398 3438 461 3473 est
473 3463 484 3485 ,
507 3439 596 3472 tam
613 3446 747 3484 parca
762 3435 945 3484 tempora
958 3433 1091 3484 quieti
1105 3428 1175 3471 de-

1249 1662 1360 1707 disse
1376 1696 1388 1718 ,
1410 1671 1461 1706 ut
1480 1662 1659 1706 nullum
1678 1663 1769 1707 sere
1785 1663 2062 1708 intervallum
2078 1682 2102 1708 a

1249 1729 1346 1774 luce
1375 1739 1557 1774 noctem
1576 1730 1896 1775 discriminaret
1910 1764 1921 1785 ,
1945 1740 1988 1775 et
2006 1733 2102 1776 ses-

1249 1796 1413 1840 tinaret
1434 1797 1599 1854 pariter
1622 1796 1808 1842 Ovidius
1824 1832 1836 1854 ‚
1859 1807 2101 1842 nocturnus

1204 1916 1206 1918 v
1248 1861 1389 1904 viator
1408 1870 1451 1904 et
1470 1861 1668 1905 diurnus.

1309 1927 1371 1968 13.
1407 1925 1529 1970 Nunc
1562 1942 1663 1982 ego,
1701 1942 1807 1983 quas
1835 1928 1987 1969 babuit
2021 1935 2102 1970 etc.

1251 1990 1440 2049 Exoptat
1468 1992 1547 2035 sibi
1569 2024 1581 2047 ‚
1621 1991 1674 2034 ad
1706 1991 1975 2035 tranandum
2006 1991 2103 2035 ssu-

1248 2058 1371 2101 vium
1387 2092 1398 2114 ,
1430 2059 1498 2102 vel
1513 2075 1699 2114 pennas,
1735 2058 1886 2109 talaria
1905 2059 2067 2104 scilicet
2088 2094 2100 2115 ‚

1253 2142 1349 2182 quae
1391 2125 1620 2182 quondam
1655 2127 1820 2169 Perseo
1850 2127 2105 2172 Mercurius

1253 2191 1491 2235 tradiderat
1509 2225 1522 2247 ,
1562 2193 1686 2249 cujus
1724 2208 1805 2249 ope
1857 2193 1994 2237 fretus
2032 2194 2103 2237 ille

1253 2265 1509 2300 truncatum
1542 2256 1744 2301 Medusae
1780 2266 1940 2314 caput,
1985 2258 2105 2314 quod

1255 2321 1434 2378 quidem
1455 2331 1521 2366 tot
1541 2331 1769 2380 serpentes
1784 2355 1796 2378 ,
1830 2332 1938 2379 quot
1964 2323 2105 2380 capilli

1252 2388 1566 2434 horrificabant
1580 2424 1591 2445 ‚
1632 2407 1712 2448 per
1756 2406 1855 2434 aera
1901 2391 2073 2435 abstulit
2095 2405 2105 2431 z

1254 2455 1323 2499 vel
1355 2472 1514 2498 currum
1541 2456 1832 2513 Triptolemi,
1874 2457 1948 2512 qui
1982 2459 2106 2500 rudes

1256 2518 1399 2562 adhuc
1426 2519 1702 2576 agriculturae
1719 2520 1925 2564 mortales
1939 2522 2106 2578 primus

1257 2582 1447 2626 edocuit.

1315 2651 1378 2691 15.
1405 2651 1526 2704 Opto.
1544 2649 1690 2703 Malo,
1709 2656 1856 2704 optem.
1874 2648 2005 2692 Trist.
2018 2662 2075 2691 111
2090 2683 2102 2704 ,
2118 2696 2121 2702 ⁴

1256 2728 1368 2768 VIII,
1398 2732 1414 2756 1
1441 2727 1452 2753 ξ

1255 2788 1290 2821 N
1295 2800 1354 2819 unc
1378 2799 1437 2829 ego
1460 2788 1655 2831 Triptolemi
1684 2799 1836 2831 cuperem
1862 2789 2075 2821 conscendere

1357 2861 1510 2892 currum.>
1534 2835 1537 2838 ›
1846 2855 1980 2884 flunt-5.

1315 2910 1376 2952 16.
1407 2913 1623 2954 Venerunt.
1655 2913 1898 2964 creuerunt,
1923 2912 2105 2969 Neapol.

1257 2983 1301 3018 et
1323 2983 1511 3030 quatuor
1535 2975 1619 3018 alii.

1314 3040 1376 3082 18.
1398 3041 1487 3083 Nec
1506 3042 1606 3082 tulit
1622 3042 1712 3083 baec
1728 3057 1918 3096 unquam.
1938 3043 2027 3085 Nec
2040 3047 2105 3085 lu·

1255 3108 1310 3147 lit
1325 3108 1414 3148 boec
1433 3140 1443 3156 ‚
1473 3105 1652 3161 necferl
1669 3105 1759 3148 duo
1779 3107 1944 3149 Mureti
1956 3139 1968 3160 ,
2002 3123 2104 3150 cum

1255 3170 1569 3227 Neapolitano,
1601 3170 1878 3214 Menteliano
1897 3203 1908 3225 ,
1940 3188 1989 3214 ac
2012 3187 2103 3213 uno

1256 3235 1457 3279 Palatino
1482 3236 1660 3293 :placet.
1700 3236 1773 3280 Sic
1794 3238 2018 3281 Homerus
2048 3236 2103 3280 de

1260 3299 1498 3344 Calchante
1518 3334 1530 3356 ,
1555 3301 1604 3344 Il.
1626 3308 1658 3349 A
1674 3335 1686 3356 ‚
1712 3318 1764 3359 70
1785 3317 1796 3344 :

1256 3358 1310 3412 ὸς
1326 3370 1400 3426 ᾗσκη
1419 3368 1467 3409 τά
1479 3365 1512 3409 τ’
1528 3368 1630 3410 ε’ὁντα
1644 3398 1657 3420 ,
1682 3368 1731 3410 τά
1752 3366 1786 3409 τ’
1811 3369 2016 3421 ἔσσᾶμενα,
2037 3369 2105 3426 πρό

1390 3429 1401 3446 7
1427 3432 1436 3446 Ί
1449 3434 1457 3445 e

1368 3449 1388 3471 ἶ·
1422 3450 1536 3473 552³?oe-
