2268 3776
307 302 417 371 344

757 308 822 360 Ρ.
875 308 1164 367 OVIDII
1212 313 1613 375 NASONIS

304 419 490 479 Prisca
512 419 701 500 juvent
728 420 866 483 alios
891 448 904 483 :
930 448 1032 503 ego
1060 451 1143 487 me
1170 452 1318 490 nunc
1347 431 1581 517 denique
1610 451 1801 498 natum

387 520 683 581 Gratulor:
708 523 821 584 haec
852 539 979 586 aetas
1007 529 1257 590 moribus
1284 548 1410 615 apta
1440 537 1591 596 meis

303 623 430 682 Non
460 623 584 704 quia
612 648 757 684 nunc
784 641 935 688 terrae
957 627 1164 690 lentum
1196 633 1525 697 subducitur
1553 629 1775 712 aurum,

381 725 652 808 Lectaque
684 727 896 790 diverso
927 730 1094 791 litore
1123 734 1332 795 concha
1358 739 1541 810 venit3

299 827 414 887 Nec
439 829 566 910 quia
592 829 910 893 decrescunt
937 834 1141 895 effosso
1170 861 1441 900 marmore
1469 856 1714 915 monteS,

1987 863 2063 904 125

380 930 494 990 Nec
522 933 649 1015 quia
677 935 911 998 caeruleae
939 938 1082 999 mole
1108 939 1371 1019 fugantur
1399 967 1581 1026 aquae;

303 1032 410 1094 Sed
440 1035 567 1116 quia
598 1036 778 1099 cultus
805 1040 987 1114 adest,
1009 1066 1110 1104 nec
1135 1059 1361 1106 nostros
1389 1046 1591 1107 mansit
1619 1046 1678 1106 in
1707 1070 1878 1108 annos

380 1138 706 1213 RusticitaS,
732 1143 927 1224 priscis
957 1139 1051 1206 illa
1080 1162 1357 1229 superstes
1382 1148 1510 1209 avis.

297 1239 414 1299 Vos
445 1265 665 1325 quoque
694 1269 810 1305 non
840 1248 977 1307 caris
1004 1273 1160 1309 aures
1186 1265 1405 1311 onerate
1434 1249 1641 1334 lapillis
1661 1297 1676 1323 ,

377 1345 538 1424 Quos
560 1344 695 1423 legit
720 1347 778 1406 in
806 1348 969 1408 viridi
999 1350 1223 1418 decolor
1244 1353 1417 1412 Indus
1446 1377 1616 1435 aqua3

1988 1371 2064 1412 130

294 1446 409 1505 Nec
434 1446 651 1528 prodite
683 1472 868 1526 graves
898 1450 1084 1511 insuto
1111 1453 1359 1514 vestibus
1387 1478 1522 1514 auro
1546 1480 1558 1514 :

322 1550 325 1553 ’
376 1550 481 1609 Per
510 1574 645 1632 quas
674 1576 778 1612 nos
807 1554 999 1636 petitis
1018 1602 1032 1627 ,
1059 1579 1200 1639 saepe
1224 1557 1460 1635 fugatis,
1488 1582 1638 1642 opes.

292 1652 589 1713 Munditiis
619 1655 864 1737 capimur
888 1682 900 1716 z
926 1682 1043 1718 non
1067 1659 1180 1719 sint
1206 1660 1323 1722 sine
1354 1660 1473 1740 lege
1503 1660 1703 1744 capilli.

372 1755 625 1817 Admotae
654 1758 882 1819 formam
915 1759 1156 1844 dantque
1182 1778 1494 1846 negantque
1522 1787 1734 1825 manuS.

291 1858 405 1918 Nec
436 1883 608 1936 genus
633 1868 858 1922 ornatus
885 1888 1058 1924 unum
1080 1880 1196 1927 est:
1219 1867 1372 1948 quod
1396 1891 1670 1950 quamque
1694 1865 1936 1937 decebit,
1988 1882 2061 1924 135

372 1959 586 2039 Eligat3
617 1977 673 2022 et
701 1963 983 2048 speculum
1010 1965 1260 2029 consulat
1286 1982 1411 2029 ante
1442 1992 1619 2029 suum.

349 2142 553 2169 121-122.
583 2128 733 2173 Prisca
747 2129 903 2184 juvent
916 2134 1027 2175 alios
1055 2122 1136 2176 etc.

290 2194 396 2236 Hoec
407 2199 512 2235 aelas
523 2195 702 2235 moribus
713 2199 815 2249 apta
827 2199 942 2238 meis.
959 2197 1024 2239 Ex
1033 2182 1137 2241 Ovi-

291 2257 365 2300 dio
391 2257 604 2301 verbatim
633 2259 837 2314 expressit
858 2261 901 2302 V
904 2252 1103 2304 onrAinE
1121 2294 1134 2316 ,

290 2323 338 2366 in
360 2322 551 2365 carmine
571 2322 836 2381 lepidissimo
856 2357 868 2379 ,
890 2325 960 2368 cui
988 2325 1136 2370 titulus

290 2390 330 2429 le
348 2388 550 2431 Mondaia
570 2403 584 2430 ,·

330 2467 551 2507 .ltetgt-ortem,
566 2466 625 2508 qui
636 2473 729 2506 veut,
747 2467 777 2498 le
794 2467 859 2498 bon
870 2468 970 2499 viena:
983 2475 1075 2500 tems.

334 2587 377 2618 Co
389 2594 469 2618 tems
475 2587 614 2630 profane
625 2589 915 2631 esttoutsaitpour
927 2601 993 2621 mes
1005 2602 1134 2623 moeurs.

347 2648 437 2692 123.
466 2650 640 2694 beatum
663 2655 777 2691 term·
795 2652 1038 2707 subducitur
1053 2668 1135 2695 au—

287 2730 387 2759 rum.
401 2713 511 2755 Tres
524 2712 620 2756 libri
633 2745 644 2767 ‚
662 2715 826 2764 laelum‚·
846 2714 1038 2758 Barthol.
1054 2723 1135 2761 lec-

288 2783 374 2821 tum
390 2812 400 2828 ,
424 2786 474 2823 ut
493 2778 536 2831 I,
564 2777 676 2820 Met.
701 2774 778 2836 139
798 2793 807 2820 :
836 2780 1028 2834 Quasque
1052 2796 1133 2824 re-

288 2843 559 2898 condiderat,
571 2847 796 2902 slygitquue
807 2847 1134 2889 admoveratum-

288 2912 374 2952 bris
387 2942 397 2960 ,
426 2908 703 2964 Effidiuntur
718 2923 826 2962 opes.
847 2947 849 2949 ,

348 2976 437 3029 124.
473 2977 640 3018 Concha
667 2979 789 3019 vem'l.
817 2974 926 3019 Tres
957 2976 1095 3018 nostri
1117 3008 1131 3031 ‚

288 3044 432 3092 bacca,
447 3040 565 3097 quod
582 3040 807 3086 Gronovio
823 3041 1031 3098 placebat,
1043 3041 1133 3085 Ob-

287 3114 440 3151 servat.
456 3105 526 3150 lib.
541 3106 602 3160 Il,
617 3123 706 3163 cap.
727 3120 822 3160 xxl,
841 3123 891 3149 ex
910 3107 1132 3151 Pirckhei-

288 3171 500 3216 meriano.
518 3172 725 3217 Meliores
735 3180 883 3216 tamen
895 3189 1031 3229 quum
1044 3172 1132 3216 vul-

289 3246 434 3294 gatam
457 3238 773 3294 amplectantur
785 3272 797 3293 ,
810 3239 871 3283 nil
887 3239 1024 3282 ausim
1040 3254 1133 3282 mu-

289 3310 394 3344 tare.
419 3303 533 3345 Nam
550 3319 628 3359 per
639 3303 824 3348 conchas
844 3305 982 3347 baccae
1001 3304 1132 3347 intel-

288 3368 505 3424 liguntur,
525 3385 620 3425 quae
640 3370 685 3412 in
704 3370 878 3414 conchis
892 3379 1132 3414 nascuntur

289 3443 337 3477 ut
356 3434 607 3491 plurimum.
627 3435 791 3480 BURM.

1277 2151 1293 2177 1
1303 2149 1482 2192 27-129.
1500 2134 1678 2176 Nostros
1693 2133 1850 2174 mansit
1859 2134 1903 2172 in
1917 2144 2062 2172 annos.

1222 2201 1361 2243 Crevit
1376 2215 1490 2243 unus
1506 2199 1691 2243 Heinsii.
1705 2197 1819 2240 Vide
1841 2196 1895 2239 ad
1909 2195 2062 2239 Vellei.

1217 2264 1363 2308 Pater.
1385 2265 1406 2308 I
1422 2297 1434 2318 ,
1460 2280 1550 2321 cap;
1585 2265 1624 2306 8.
1643 2285 1700 2296 —-
1719 2264 1857 2306 Aures
1885 2264 2063 2303 onerate.

1218 2329 1408 2373 Plurimi
1425 2328 1572 2385 scripti
1583 2358 1595 2381 ,
1611 2332 1779 2380 ornate‚·
1795 2324 1872 2370 sed
1885 2326 2061 2367 frustra:

1219 2393 1382 2437 Medic.
1404 2393 1547 2441 Faciei
1562 2425 1576 2447 ,
1597 2407 1678 2447 υτ,

1212 2499 1215 2501 Α
1259 2463 1302 2494 Et
1315 2469 1454 2504 quantos
1464 2461 1554 2493 oneri
1566 2467 1616 2491 est
1628 2470 1707 2490 nure
1722 2459 1834 2490 tulisse
1848 2459 1947 2489 Deos.

1218 2522 1374 2567 Senec.
1383 2522 1436 2569 de
1450 2520 1603 2566 Const.
1613 2519 1846 2578 Sapientis,
1854 2532 1946 2562 x1v:
1954 2518 2072 2571 Quid

1214 2589 1342 2644 refert
1357 2593 1554 2645 quantum
1572 2589 1730 2629 habeat
1739 2618 1750 2635 ‚
1773 2589 1874 2640 quot
1889 2586 2064 2626 lectica-

1214 2658 1301 2697 rios
1310 2687 1322 2705 ,
1339 2669 1461 2710 quam
1477 2657 1675 2696 oneratas
1692 2665 1816 2692 aures
1831 2652 1856 2694 ,Ρ
1871 2647 1947 2690 ubi
1964 2645 2061 2691 vide

1216 2729 1598 2770 commentatores,
1613 2725 1656 2760 et
1667 2731 1764 2773 quae
1774 2713 1942 2758 notavit
1955 2713 2064 2755 Bur-

1216 2783 1399 2829 man-ad
1419 2781 1618 2827 Petronii
1639 2797 1731 2837 cap.
1752 2792 1834 2831 πλη
1856 2777 1931 2821 ubi
1951 2785 1995 2820 et
2009 2776 2063 2820 de

1214 2853 1328 2893 cans
1346 2850 1522 2902 lupulis.
1848 2856 1850 2858 ’

1275 2912 1364 2955 131.
1391 2912 1539 2954 Insuto
1556 2911 1742 2952 vestibus
1765 2923 1879 2950 auro.
1900 2908 2063 2949 Inserta

1215 2976 1452 3020 Vaticanus
1468 2985 1513 3019 et
1530 2973 1720 3032 Aprosii,
1741 2988 1822 3030 pro
1839 2971 1957 3014 varia
1977 2970 2066 3012 lec—

1216 3042 1361 3093 tione3
1384 3050 1428 3084 et
1457 3040 1516 3084 ita
1545 3038 1728 3083 Tertull.
1752 3038 1773 3081 Ι
1787 3070 1801 3092 ,
1837 3036 1892 3080 de
1930 3033 2066 3078 Cultu

1215 3109 1338 3152 Fem.
1352 3122 1383 3162 1,
1404 3123 1451 3166 9:
1470 3108 1564 3150 Uno
1578 3109 1666 3148 Iino
1679 3107 1819 3148 decies
1831 3105 2067 3165 sestertgum

1214 3177 1419 3216 inseritur.
1461 3171 1551 3219 Sed
1582 3179 1627 3213 et
1651 3174 1836 3212 insutum
1866 3174 2038 3210 rectum
2056 3180 2066 3207 :

1213 3239 1300 3296 agit
1327 3236 1448 3280 enim
1468 3235 1522 3279 de
1549 3234 1734 3278 vestibus
1759 3230 1974 3290 Phrygiis.

1271 3303 1359 3345 133.
1374 3304 1470 3345 Non
1481 3306 1571 3348 slat
1579 3304 1670 3344 sine
1681 3301 1770 3352 lege
1783 3298 1942 3351 capilli.
1954 3292 2065 3336 Scri-

1214 3368 1269 3412 be
1286 3400 1298 3421 ,
1321 3384 1373 3410 ne
1390 3372 1488 3411 sint.
1504 3365 1666 3421 Scripti
1678 3373 1827 3408 tamen
1848 3360 2066 3418 plerique,

1213 3450 1316 3478 cum
1336 3435 1474 3490 prima
1499 3432 1692 3476 editione
1707 3462 1719 3484 ,
1742 3445 1825 3473 non
1846 3431 1946 3471 sint.
1976 3425 2036 3468 H.
