2268 3776
265 320 364 356 102

725 304 789 358 P.
835 307 1135 363 OVIDII
1185 309 1567 370 NASONIS

338 417 624 500 Objicitur
651 419 886 482 dominae
914 438 1312 486 contemerasse
1342 436 1545 489 torum.

255 518 331 576 Di
357 516 581 587 meliuS,
619 541 782 600 quam
812 542 926 593 me,
960 520 1006 580 si
1037 522 1110 581 sit
1135 546 1390 604 peccasse
1420 523 1629 600 libide,

335 612 573 671 Sordida
601 628 887 676 contemtae
917 617 1084 677 sortis
1115 619 1285 680 amica
1310 621 1490 701 juvet!
1987 659 2040 689 20

255 708 399 787 Quis
432 710 661 769 Veneris
692 710 909 774 famulae
939 714 1222 775 connubia
1251 715 1394 777 liber
1422 718 1561 779 inire
1579 766 1594 791 ,

332 805 619 887 Tergaque
649 807 943 890 complecti
970 811 1197 873 verbere
1225 828 1372 875 secta
1398 813 1566 876 velit?

250 900 434 974 Adde,
469 903 621 985 quod
651 906 915 968 ornandis
944 907 1039 969 illa
1069 924 1151 970 est
1181 926 1406 993 operata
1433 910 1648 995 capillis
1666 959 1681 986 ,

330 1000 407 1057 Et
437 999 540 1059 tibi
569 1025 668 1083 per
696 1002 884 1065 doctas
917 1020 1071 1083 grata
1098 1007 1353 1067 ministra
1382 1032 1593 1069 manus.

253 1091 474 1153 Scilicet
504 1095 782 1171 ancillam,
818 1124 938 1182 quae
969 1116 1079 1162 tam
1112 1102 1217 1162 tibi
1245 1102 1380 1177 fida,
1413 1106 1703 1183 rogarem?
1859 1106 1862 1109 “
1990 1123 2043 1166 25

335 1190 518 1269 Quid,
551 1193 660 1252 nisi
690 1211 755 1254 ut
783 1196 991 1257 indicio
1019 1198 1211 1279 juncta
1240 1198 1464 1283 repulsa
1487 1200 1678 1261 foret?
1842 1187 1850 1196 ³

253 1286 360 1347 Per
388 1289 660 1350 Venerem
687 1291 844 1370 jure,
874 1295 1145 1377 puerique
1176 1295 1414 1358 volatilis
1439 1321 1597 1357 arcus
1615 1344 1630 1370 ,

332 1386 429 1446 Me
460 1410 579 1446 non
605 1388 830 1448 admissi
861 1391 1107 1451 criminis
1136 1416 1252 1452 esse
1276 1416 1449 1452 reum.

249 1555 528 1612 scripserunt,
547 1573 724 1600 versum
742 1557 861 1601 hunc
878 1558 996 1602 mille
1011 1575 1104 1601 mo-

251 1620 316 1664 dis
332 1654 342 1674 ,
363 1622 621 1666 cruciatibus
640 1623 757 1665 mille
778 1632 1003 1666 vexarunt.
1018 1623 1105 1666 Alii

253 1685 375 1728 enim
395 1701 405 1728 ι
424 1688 538 1729 Ecce
562 1692 675 1729 tuum
695 1690 831 1729 solers
848 1693 979 1743 caput
992 1704 1111 1731 exor-

250 1734 356 1792 naie
376 1759 456 1793 etc.
478 1751 565 1794 Alii
582 1767 687 1794 vero
711 1767 721 1793 :
742 1754 858 1794 Ecce
878 1758 991 1795 tuum
1012 1757 1105 1795 cti—

248 1832 341 1857 nem
360 1818 493 1858 solers
512 1833 659 1859 ornare
682 1825 762 1860 etc.
808 1817 923 1873 Quae
954 1827 1105 1861 tamen

248 1879 457 1924 lectiones
489 1889 727 1939 utrumque
759 1881 983 1926 mendosae
1002 1915 1013 1937 ,
1051 1899 1104 1926 eo

249 1961 386 2001 usque
408 1946 695 1990 obtinuerunt
719 1979 730 2000 ,
769 1946 911 1991 donec
940 1948 1106 2004 genui-

253 2026 360 2052 nam
380 2010 590 2055 Heinsius
618 2028 641 2054 e
663 2011 789 2054 codd.
811 2021 966 2055 vetust.
999 2012 1105 2055 seli-

249 2075 359 2118 citer
372 2075 550 2118 eruerit.
563 2098 618 2110 -—
637 2077 808 2119 Omare.
824 2077 895 2120 De
908 2082 1107 2120 cosmetis

252 2149 296 2182 et
317 2145 595 2185 ornatn’cffius
608 2176 618 2192 ‚
640 2142 730 2198 jam
746 2176 758 2197 ,
780 2142 833 2186 ad
849 2143 919 2186 lib.
938 2142 1041 2186 Am'.
1061 2156 1079 2184 1
1094 2176 1107 2198 ,

255 2205 323 2247 El.
336 2219 426 2248 xrv.
442 2229 497 2239 —
511 2209 725 2264 Cypassis.
736 2207 933 2264 ‚Vulgare
948 2207 1110 2252 ancillis

251 2288 281 2312 a
320 2275 468 2315 lululzlr
501 2287 664 2316 nomen
688 2305 700 2327 ,
729 2278 956 2327 Κύπασσις,
989 2273 1108 2330 quod

253 2344 318 2379 est
330 2340 510 2392 pallium
523 2372 533 2388 ‚
556 2342 691 2381 vestis·
708 2341 861 2382 talaris
877 2338 1001 2396 quaed
1007 2356 1078 2382 am
1089 2372 1103 2395 ,

254 2417 385 2458 quam
407 2402 675 2447 delicatiores
696 2412 793 2447 tum
808 2404 905 2459 viri,
924 2413 1022 2447 tum
1038 2406 1106 2448 se-

254 2467 387 2509 minae
396 2469 633 2524 gestabant.
644 2469 789 2513 Reisk.
804 2469 984 2514 Anthol.
993 2487 1104 2528 μυ.

310 2548 375 2575 20.
411 2534 590 2575 Sordida
623 2540 841 2578 contemloe
879 2545 961 2581 etc.
997 2538 1105 2594 Quo

253 2596 410 2640 certius
438 2597 730 2653 suspicionem
752 2610 978 2656 amoveat,
1016 2618 1106 2644 an-

251 2662 359 2706 cillae
389 2662 692 2706 conditionem
730 2663 949 2721 deprimit.
989 2666 1105 2723 Quis

255 2728 375 2771 enim
391 2760 402 2782 ,
425 2726 560 2769 modo
579 2726 688 2770 liber
707 2736 751 2771 et
769 2729 985 2786 ingenuus
999 2762 1011 2784 ‚
1021 2731 1105 2785 sa-

255 2795 373 2836 muloe
418 2795 592 2836 Veneris
627 2793 846 2836 connubia
878 2795 990 2838 inire
1008 2828 1019 2849 ,
1061 2804 1105 2838 et

259 2865 374 2914 terga
388 2856 617 2915 complecti
634 2858 737 2902 velit
750 2892 761 2914 ,
782 2865 902 2902 secta
915 2863 1107 2906 verbere?

255 2923 473 2979 Supplicia
491 2922 688 2980 designat
709 2956 721 2978 ,
762 2923 916 2980 quibus
935 2924 982 2966 in
1001 2940 1103 2967 ser-

255 3003 328 3030 vas
344 3020 355 3041 ‚
385 2987 451 3029 vel
476 2987 666 3031 dominae
695 2989 935 3033 ’carissimas
954 3022 968 3044 ,
999 2989 1116 3032 ani-v

256 3051 624 3095 madvertebatur.

312 3117 376 3158 23.
398 3117 524 3159 Adde
538 3126 559 3167 ‚¹
573 3120 685 3173 quod
695 3121 895 3162 ornandis
915 3128 993 3164 etc.
1008 3119 1105 3163 No·-

254 3198 354 3224 vam
374 3180 571 3225 eluendae
590 3184 841 3239 suspicionis
851 3201 1022 3228 causam
1034 3202 1105 3243 pe·

255 3247 308 3289 tit
328 3247 379 3289 ab
400 3247 491 3303 ipso
507 3280 519 3302 ,
543 3263 629 3304 quo
649 3249 847 3305 fungitur
868 3251 981 3307 apud
1004 3250 1105 3294 Co-

255 3310 431 3355 rinnam
447 3312 592 3356 officio
611 3312 822 3372 Cypassis.
845 3316 948 3360 Non
964 3331 1016 3359 eo
1035 3315 1106 3358 de-

1186 1559 1308 1602 venit
1323 1558 1526 1614 audaciae,
1543 1568 1593 1603 ut
1604 1564 1838 1604 mimis-tram
1850 1561 2042 1608 dominae

1186 1639 1275 1667 suae
1291 1623 1400 1667 adeo
1410 1630 1589 1679 gratam,
1607 1625 1873 1671 sollicitaret.
1897 1628 2042 1671 Nemo

1187 1689 1309 1731 enim
1322 1690 1495 1746 ignorat
1513 1698 1678 1746 quanto
1698 1690 1745 1735 in
1762 1692 1904 1748 pretio
1925 1693 2042 1750 apud

1188 1754 1412 1799 Romanas
1430 1763 1575 1798 essent
1594 1771 1743 1798 manus
1761 1758 1895 1800 docta·
1908 1792 1919 1808 ‚
1943 1758 2044 1814 qui-

1186 1818 1267 1861 bus
1286 1821 1470 1862 ornandi
1485 1819 1623 1875 capilli
1641 1821 2041 1865 committerentur.

1244 1884 1309 1927 26.
1337 1887 1470 1938 Quid,
1492 1889 1584 1928 nisi
1598 1895 1678 1929 etc.
1698 1888 1802 1930 Non
1824 1888 1960 1931 modo
1980 1906 2042 1932 ro-

1181 1954 1352 2004 gantem
1370 1949 1597 2006 repulisset
1615 1983 1626 2004 ,
1657 1951 1733 1994 sed
1751 1961 1795 1995 et
1816 1952 1945 2010 (quae
1965 1970 2043 1997 sua

1187 2023 1252 2059 est
1273 2014 1319 2057 in
1342 2023 1384 2058 te
1406 2014 1514 2060 fides
1530 2016 1539 2058 l
1557 2013 1578 2072 )
1598 2032 1697 2059 rem
1718 2032 1904 2060 omnem
1923 2018 1977 2061 ad
1998 2027 2042 2061 te

1189 2078 1424 2124 detulisset.
1611 2086 1616 2091 '

1245 2163 1267 2187 2
1275 2162 1310 2202 7.
1318 2148 1404 2188 Per
1421 2148 1620 2190 Venerem
1621 2144 1742 2201 juro!
1758 2146 1927 2190 Habuit
1939 2163 2042 2190 sane

1188 2211 1244 2253 ob
1275 2212 1423 2256 oculos
1460 2228 1558 2269 quae
1587 2213 1635 2256 in
1670 2212 1745 2256 tali
1774 2229 1823 2256 re
1846 2213 2043 2257 Tibullus

1187 2277 1381 2334 praecipit
1397 2311 1409 2332 ‚
1435 2278 1457 2321 I
1476 2311 1488 2334 ,
1524 2278 1646 2335 Eleg.
1666 2293 1714 2323 lv
1730 2311 1743 2333 ,
1770 2296 1816 2336 17
1837 2294 1847 2321 :

1187 2351 1258 2383 Nec
1271 2353 1382 2394 jurare
1396 2354 1475 2384 time
1491 2365 1499 2385 :
1514 2354 1650 2385 Veneris
1668 2354 1814 2397 perjuria
1831 2355 1921 2385 venti

1230 2414 1330 2445 Irrita
1342 2425 1401 2456 per
1413 2421 1514 2446 terras
1528 2421 1561 2446 et
1575 2414 1660 2447 freta
1673 2415 1768 2456 longa
1788 2414 1910 2446 ferunt.

1188 2477 1337 2534 Longe
1360 2492 1466 2520 vero
1482 2476 1622 2531 aliter,
1646 2485 1690 2520 et
1711 2477 1881 2534 gravius
1900 2475 2043 2520 multo

1189 2540 1391 2598 Propert.
1411 2554 1473 2595 11,
1497 2541 1619 2598 Eleg.
1640 2554 1730 2583 xm
1748 2563 1762 2595 ,
1783 2543 1834 2598 47
1858 2556 1870 2583 :

1187 2617 1264 2650 Non
1280 2630 1405 2661 semper
1415 2619 1565 2661 placidus
1578 2620 1647 2660 peri
1653 2629 1728 2650 uros
1740 2619 1826 2650 ridet
1837 2623 1981 2649 amantes

1220 2680 1367 2719 Jupiter,
1383 2687 1416 2710 et
1429 2680 1527 2711 surda
1538 2680 1672 2721 negligit
1689 2690 1767 2711 aure
1780 2690 1903 2720 preces.

1187 2740 1343 2771 Vidistin'
1356 2747 1444 2771 moto
1457 2740 1584 2772 sonitus
1599 2751 1788 2782 procurrere
1800 2741 1877 2772 coelo
1888 2740 1908 2771 ‘1

1226 2799 1445 2842 Fulminaque
1457 2800 1587 2832 aetheria
1597 2801 1780 2832 dissiluisse
1792 2802 1889 2832 domo
1899 2801 1917 2832 ¹?

1186 2861 1263 2894 Non
1275 2862 1342 2894 haec
1354 2864 1500 2895 Pleiades
1511 2863 1650 2903 faciunt,
1657 2876 1762 2907 neque
1772 2876 1915 2908 aquosus
1927 2865 2042 2897 Orion:

1224 2923 1295 2954 Nec
1310 2923 1356 2954 sic
1370 2924 1411 2954 de
1422 2918 1526 2955 nihilo
1538 2923 1688 2956 fulminis
1701 2925 1751 2956 ira
1763 2926 1862 2957 cadit.
1932 2924 1947 2934 '¹

1184 2987 1336 3029 Pei-juras
1348 2995 1426 3019 tunc
1440 2988 1495 3019 ille
1509 2989 1590 3020 solet
1603 2989 1720 3031 punire
1733 2991 1859 3031 puellas
1871 2996 1934 3021 etc.

1242 3054 1307 3096 28.
1347 3056 1423 3096 Me
1441 3070 1524 3096 non
1543 3056 1729 3097 admissi
1739 3058 1928 3098 cn‘mz'mtr
1948 3070 2043 3098 esse

1185 3134 1311 3162 reum.
1353 3117 1490 3174 Quod
1513 3118 1693 3175 quidem
1721 3135 1854 3176 quam
1884 3136 2042 3162 verum

1185 3183 1262 3236 sit,
1285 3199 1417 3239 quam
1435 3183 1672 3227 candidum
1685 3218 1696 3239 ,
1716 3185 1917 3241 sequenti
1938 3200 2042 3227 mox

1188 3248 1339 3305 Elegia
1356 3248 1672 3306 comprobabit,
1686 3248 1941 3305 hujusmodi
1957 3250 2040 3292 cri-

1188 3315 1362 3358 minum
1374 3314 1672 3359 >dissimulator
1691 3314 1902 3372 egregius.

944 3428 1342 3448 ——Q—
