2268 3776
704 346 1114 418 REMEDIA
1163 348 1540 407 AMORIS.

1912 355 2018 424 435

309 470 434 530 Jam
458 465 623 529 facito
655 489 684 527 e
712 463 903 526 multis
932 488 1044 525 una
1069 463 1144 525 'sit
1170 462 1265 525 illa
1296 465 1417 526 tibi.

230 566 341 628 Sed
371 565 506 650 quid
535 562 808 648 praecipue
838 562 1046 624 nostris
1075 562 1373 624 conatibus
1402 563 1616 637 obstet,

312 662 584 746 Eloquar;
612 659 864 745 exemplo
891 684 1167 746 quemque
1198 659 1430 722 docente
1459 683 1579 722 suo.

233 761 554 824 Desinimus
585 759 771 832 tarde,
806 759 936 842 quia
963 781 1066 820 nos
1091 781 1375 843 speramus
1406 760 1609 821 amari:

1938 782 2023 826 685

314 860 466 920 Dum
493 858 603 920 sibi
626 858 862 942 quisque
892 855 1100 941 placet,
1127 855 1347 919 credula
1375 858 1540 919 turba
1569 882 1792 933 sumus;

231 958 310 1019 At
335 972 398 1019 tu
421 980 522 1019 nec
545 980 731 1030 voces,
767 954 901 1040 quid
932 955 1077 1017 enim
1107 954 1355 1017 fallacius
1385 954 1530 1016 illis!

315 1056 523 1129 Crede,
553 1078 654 1117 nec
682 1069 915 1116 aeternos
940 1053 1164 1138 pondus
1195 1053 1399 1115 habere
1428 1054 1599 1115 Deos.

230 1162 381 1222 Neve
407 1157 716 1243 puellarum
743 1156 983 1219 lacrimis
1009 1181 1260 1219 moveare
1283 1171 1474 1219 caveto
1499 1184 1510 1218 :

313 1265 395 1323 Ut
422 1261 643 1334 flerent,
674 1259 867 1322 oculos
897 1259 1150 1322 erudiere
1173 1283 1324 1321 suos.

230 1367 467 1431 Artibus
495 1366 801 1428 innumeris
828 1389 986 1427 mens
1018 1380 1381 1450 oppugnatur
1402 1380 1709 1438 amantum,

314 1472 396 1531 Ut
425 1470 566 1554 lapis
595 1470 867 1554 aequoreis
892 1457 1144 1554 undique
1172 1468 1372 1554 pulsus
1402 1468 1578 1553 aquis.

232 1575 351 1636 Nec
381 1597 572 1635 causas
601 1574 785 1658 aperi,
812 1598 981 1658 quare
1012 1573 1253 1635 divortia
1282 1572 1442 1635 malis
1463 1570 1482 1634 ε’

315 1679 433 1739 Nec
460 1677 548 1739 dic
567 1725 582 1751 ‚
610 1677 747 1761 quid
779 1676 995 1750 doleas3
1023 1676 1160 1738 clam
1195 1692 1372 1738 tamen
1406 1701 1585 1761 usque
1618 1675 1760 1738 dole.

234 1784 351 1844 Nec
380 1796 605 1865 peccata
630 1780 797 1854 refer,
823 1806 893 1843 ne
923 1780 1100 1843 diluat
1125 1806 1137 1840 ε

1170 1779 1291 1864 ipse
1320 1779 1530 1841 favebis
1551 1804 1563 1852 ;
1948 1798 2033 1856 695

319 1887 402 1947 Ut
426 1885 622 1947 melior
651 1910 813 1947 causa
841 1910 1003 1947 causa
1033 1885 1106 1946 sit
1136 1884 1229 1946 illa
1261 1898 1371 1946 tua.

238 1966 359 2068 Qui
388 1987 543 2062 silet,
572 2002 658 2049 est
681 1987 903 2061 firmus;
932 1987 1030 2071 qui
1060 1986 1196 2047 dicit
1224 1985 1398 2047 multa
1426 1985 1625 2070 puellae

318 2089 560 2162 Probra,
591 2088 845 2151 satisfieri
873 2088 1126 2173 postulat
1155 2087 1248 2149 ille
1278 2088 1406 2149 sibi.

235 2291 332 2319 ren.
353 2272 481 2318 Adel.
497 2274 594 2318 Act.
614 2273 700 2329 111,
717 2273 848 2319 Scen.
867 2287 921 2329 11,
942 2290 1002 2318 vs.
1020 2274 1095 2319 28:

235 2342 466 2384 AEschinus
484 2339 651 2382 alienus
664 2345 732 2382 est
747 2356 777 2381 a
799 2346 944 2383 nostra
944 2338 1096 2395 fiami—

235 2409 325 2458 lia,·
348 2413 393 2448 et
408 2404 682 2464 Hecyr.Act.
698 2404 718 2448 1
733 2438 744 2459 ,
765 2404 834 2449 Sc.
849 2419 912 2460 11,
933 2422 991 2449 vs.
1012 2406 1065 2450 83
1083 2422 1093 2451 :

236 2473 465 2528 Postquam
473 2471 584 2513 hunc
597 2469 790 2514 alienum
799 2473 854 2513 ab
864 2487 958 2514 sese
967 2474 1096 2515 videt.

291 2537 387 2581 682.
415 2538 521 2579 Jam
528 2532 639 2591 face
655 2542 704 2579 ut
724 2553 748 2579 e
766 2539 911 2580 maltis
927 2553 1015 2580 una
1038 2541 1101 2580 sit

236 2605 318 2645 illa
337 2604 428 2646 tibi.
440 2604 543 2645 Jam
551 2602 697 2658 facito
709 2618 733 2645 e
750 2605 894 2645 mullis
908 2602 1094 2660 Regius:

240 2667 422 2726 quidam
439 2668 535 2723 alii,
550 2670 652 2711 Jam
661 2668 772 2723 face
790 2685 814 2710 e
832 2671 990 2715 mullis.
1007 2667 1094 2723 vel,

238 2732 430 2787 Jamfac
442 2749 456 2776 .·
464 2731 574 2787 face
586 2726 668 2791 pro
669 2732 754 2787 fac
767 2749 907 2790 quum
924 2732 971 2776 in
990 2733 1099 2777 deli-

241 2798 310 2842 tiis
340 2799 398 2842 sit
430 2797 595 2843 ovidio
614 2831 625 2853 ‚
662 2799 849 2842 scribam
879 2799 1094 2855 libenter,

241 2865 423 2920 Jamque
441 2862 551 2919 sace
578 2880 601 2907 e
627 2867 784 2907 mullzlr.
808 2864 1044 2907 Hmns.-
1057 2866 1103 2907 E

241 2931 386 2972 mulleis·
403 2944 490 2972 una
508 2933 570 2972 sit
582 2932 663 2972 illa
678 2932 769 2972 ubi.
799 2930 866 2972 Sit
884 2933 966 2973 illa
986 2934 1072 2974 tutio
1082 2964 1094 2983 ‚

244 3004 361 3038 unus
382 3009 434 3037 ex
453 2994 576 3037 meis.
599 2993 737 3037 IDEM.

297 3059 394 3102 683.
428 3061 547 3114 Quid
562 3063 770 3114 precipue
789 3065 941 3103 vestri:
966 3077 1102 3104 cona—

244 3127 359 3168 tibus
369 3127 518 3167 obstel.
536 3126 693 3167 Obstat
702 3125 849 3181 scripti
862 3142 872 3168 :
885 3126 952 3169 vel
964 3159 976 3181 ,
991 3131 1107 3183 quod

244 3192 409 3233 obslat:
425 3194 582 3233 noslnlr
602 3189 735 3233 etiam
755 3194 978 3234 conatibus
999 3191 1102 3235 Pu-

245 3263 428 3298 teaneus
439 3263 484 3298 et
495 3254 624 3297 multi
638 3255 722 3306 alii,
738 3270 839 3298 curn
855 3257 997 3312 prima
1009 3257 1103 3300 edi-

247 3323 367 3366 tione
382 3341 392 3374 ;
409 3321 526 3379 quod
543 3322 774 3379 sequentia
791 3324 1074 3367 confirmant.

300 3388 395 3444 684.
409 3391 609 3445 Eloquar.
621 3391 857 3445 Proloquar
869 3389 935 3432 ed.
946 3390 1102 3446 prima.

300 3454 395 3498 686,
407 3457 522 3498 Dum
532 3458 952 3512 sibiquzrtqueplacet.
962 3456 1101 3510 Malo,

239 3522 425 3573 placent.
449 3519 501 3563 In
526 3520 803 3564 Menteliano
820 3529 937 3576 erat,
950 3521 1103 3576 saa-el:

1179 2272 1298 2331 quod
1322 2272 1391 2317 hic
1412 2274 1693 2331 praeserrem;
1713 2289 1805 2317 non
1825 2275 1947 2318 enim
1964 2275 2035 2319 hic

1179 2339 1233 2384 de
1256 2339 1488 2397 superbia,
1520 2355 1617 2397 quae
1647 2340 1823 2397 proprie
1856 2340 1957 2383 facit
1990 2349 2039 2383 ut

1177 2405 1256 2449 sibi
1289 2405 1487 2464 placeant
1513 2405 1745 2456 homines;
1768 2404 1843 2448 sed
1867 2404 1920 2448 de
1954 2422 2007 2448 eo
2022 2439 2035 2459 ,

1179 2473 1255 2529 qui
1267 2472 1347 2516 sibi
1360 2472 1585 2516 blanditur
1595 2505 1607 2527 ,
1619 2489 1794 2517 causam
1806 2489 1931 2517 suam
1946 2473 2037 2531 ipse

1179 2537 1279 2594 agit.
1302 2537 1467 2580 Bonna.

1232 2601 1288 2661 69
1295 2618 1327 2644 ι.
1343 2603 1627 2659 oppugnatur.
1637 2605 1985 2660 Espugnalurun
1991 2619 2040 2646 us

1179 2665 1371 2710 Heinsii.

1238 2732 1335 2794 693.
1353 2735 1555 2776 Divorlia
1573 2737 1712 2777 malis.
1732 2737 1899 2788 Quoeres
1912 2734 2040 2790 quin·

1181 2799 1325 2843 decim
1357 2798 1531 2855 scripti,
1556 2803 1705 2854 queris
1729 2807 1947 2854 quatuor:
1968 2814 2045 2840 cur

1180 2868 1328 2908 doleas
1361 2863 1451 2906 duo
1474 2865 1621 2919 :quod
1645 2866 1793 2906 doleas
1824 2863 2041 2906 editiones

1181 2931 1331 2988 priscae
1361 2938 1406 2972 et
1424 2927 1599 2971 &Aldina
1619 2929 1752 2985 prior.
1787 2929 1876 2971 Sed
1899 2934 2040 2971 lamen

1182 3014 1312 3055 usque
1333 2997 1473 3039 Junii.

1237 3065 1331 3123 695.
1364 3065 1429 3106 Ne
1457 3065 1600 3107 diluat
1625 3067 1717 3119 ipse
1746 3066 1921 3106 cavebit.
1950 3065 2042 3106 Nec

1182 3132 1322 3171 diluat
1339 3132 1436 3184 1psa
1461 3134 1607 3173 cavelo
1635 3129 1834 3186 plerique
1861 3129 2011 3186 scripti
2030 3145 2041 3172 ;

1185 3193 1366 3250 quidam
1387 3194 1521 3237 etiam
1535 3227 1546 3249 ,
1559 3197 1639 3237 illa
1651 3228 1662 3246 ‚
1681 3193 1750 3236 vel
1765 3199 1858 3249 ipse
1875 3199 2042 3236 cavelo:

1183 3259 1294 3302 alter
1314 3259 1481 3317 Regius
1494 3292 1506 3314 ,
1526 3261 1617 3302 Nec
1626 3266 1810 3315 peccata
1828 3260 1947 3316 teser,
1964 3276 2042 3302 nec

1183 3329 1259 3366 cui
1272 3323 1402 3379 favel
1423 3330 1522 3380 ipsa
1535 3360 1545 3376 ‚
1567 3324 1755 3380 favebis.
1779 3325 1903 3368 Alius
1920 3358 1932 3379 ,
1963 3327 2044 3366 illa

1172 3390 1348 3445 favebis
1362 3406 1375 3431 .·
1390 3389 1466 3433 sed
1483 3399 1600 3433 recte
1617 3424 1628 3445 ,
1644 3391 1714 3433 ille
1738 3391 1941 3433 omnium
1959 3407 2043 3447 op—

1185 3457 1318 3498 timus
1332 3455 1496 3513 Regius
1506 3464 1551 3498 et
1571 3465 1660 3498 tres
1678 3455 1764 3510 alii,
1778 3465 2039 3499 etvenuste:
2112 3488 2116 3496 „

1184 3525 1253 3556 Nec
1271 3532 1401 3567 peccata
1415 3526 1516 3564 :est-r,
1529 3537 1569 3557 ne
1586 3527 1689 3556 diluat
1708 3527 1800 3566 :ipse
1813 3525 1950 3557 favebis,
1972 3526 2017 3555 H.
