2268 3776
544 281 817 339 ARTIS
859 280 1338 337 AMATORIAE
1388 283 1549 338 LIB.
1590 283 1679 337 11.

1897 282 2005 338 313

308 402 566 464 Sumere:
587 401 809 483 judiciis
839 400 944 461 ista
969 423 1177 461 venena
1201 400 1355 461 meis.

229 507 345 567 Aut
370 504 530 588 piper
555 504 743 565 urticae
765 503 1039 564 mordacis
1067 503 1272 565 semine
1299 503 1533 564 miscent
1552 550 1567 577 ‚

307 607 570 690 Tritaque
599 606 658 666 in
688 631 901 668 annoso
930 606 1066 668 flava
1092 605 1353 691 pyrethra
1381 629 1555 666 mero.

231 703 341 764 Sed
371 705 487 764 Dea
516 727 630 763 non
653 704 864 787 patitur
892 703 970 764 sic
999 703 1068 764 ad
1095 727 1192 765 sua
1221 702 1421 783 gaudia
1449 702 1607 781 cogi,

314 797 471 860 Colle
502 800 606 860 sub
634 801 900 862 umbroso
931 824 1094 884 quam
1125 813 1275 861 tenet
1302 797 1447 860 altus
1476 801 1641 882 Eryx.

236 895 542 970 Candidus,
568 896 832 958 Alcathoi
859 898 956 981 qui
983 896 1226 958 mittitur
1251 895 1393 957 urbe
1425 894 1654 974 Pelasga
1672 942 1686 967 ‚

314 993 561 1066 Bulbus,
588 1009 665 1068 et,
691 994 949 1055 ex·horto
979 1018 1099 1077 quae
1129 994 1302 1066 venit,
1327 993 1501 1054 herba
1531 992 1713 1053 salax:

235 1091 467 1172 Ovaque
495 1104 807 1163 sumantur,
835 1104 1122 1151 sumantur
1151 1088 1433 1174 Hymettia
1460 1086 1623 1149 mella
1640 1135 1655 1159 ‚

317 1188 582 1271 Quasque
615 1187 744 1248 tulit
773 1187 910 1248 folio
940 1188 1109 1272 pinus
1135 1202 1294 1249 acuta
1319 1210 1507 1249 nuces,

235 1309 443 1371 DOCTA
460 1355 474 1381 ‚
503 1309 639 1392 quid
667 1308 735 1370 ad
760 1309 999 1371 medicas
1017 1356 1031 1382 ‚
1057 1310 1259 1381 Eram,
1286 1307 1582 1369 deverteris
1610 1308 1799 1369 artes?
1938 1323 2021 1380 [μ’.

315 1405 557 1467 Interior
585 1430 750 1467 curru
778 1421 922 1467 meta
952 1405 1175 1467 terenda
1204 1429 1329 1467 meo
1354 1419 1454 1465 est.

241 1503 358 1583 Qui
386 1503 552 1564 modo
583 1503 796 1565 celabas
827 1504 1043 1564 monitu
1075 1518 1167 1564 tua
1192 1503 1416 1563 crimina
1448 1517 1644 1563 nostro
1665 1550 1679 1574 ‚

321 1598 505 1660 Flecte
532 1600 668 1674 iter3
698 1615 753 1662 et
781 1601 1000 1661 monitu
1030 1600 1220 1679 detege
1249 1599 1396 1660 furta
1424 1624 1566 1660 meo.

240 1698 356 1758 Nec
382 1695 572 1758 levitas
602 1697 873 1782 culpanda
900 1722 1018 1759 mea
1049 1713 1132 1759 est
1157 1724 1168 1758 ε
1198 1721 1315 1758 non
1346 1721 1562 1781 semper
1590 1695 1784 1758 eodem

243 1846 458 1904 dendum,
474 1865 584 1892 num
598 1849 734 1908 magis
748 1849 800 1893 de
815 1850 974 1911 Satyrii
994 1850 1091 1895 her·

240 1912 297 1956 ba
315 1911 386 1957 hic
403 1913 521 1958 locus
541 1914 813 1972 accipiendus
831 1916 885 1959 sit
902 1931 911 1958 ι
930 1916 1092 1973 legen-

240 1977 436 2035 dumque
453 1980 641 2038 Salyrea,
658 1996 682 2023 a
703 1980 925 2038 primitivo
941 1981 1093 2040 Satyro

244 2040 435 2087 deducto
467 2043 650 2087 nomine
679 2059 690 2087 ε
717 2053 767 2088 ut
800 2045 1093 2104 intelligamus

243 2105 400 2152 herbas
416 2141 428 2163 ,
457 2108 543 2153 sive
572 2110 910 2168 compositiones
931 2127 983 2154 ex
1002 2111 1093 2154 Sa·-

245 2172 349 2231 lyr-ii
362 2172 582 2218 additione
604 2191 652 2218 ac
673 2183 971 2232 temperatura
996 2176 1095 2219 sac—

244 2244 310 2281 tas
325 2270 338 2293 ,
356 2254 462 2295 quas
482 2239 610 2296 vulgo
629 2239 675 2283 in
694 2239 879 2284 officinis
900 2256 948 2284 ac
962 2239 1097 2296 phar-

247 2303 498 2360 macopoliis
510 2307 575 2347 διὸ
586 2310 770 2366 σατυρίων
778 2320 932 2349 vocare
942 2304 1098 2348 solent.

302 2370 353 2423 4ι
362 2386 398 2426 7.
414 2370 578 2412 Urticoe.
591 2369 859 2426 Coniecerat
867 2371 973 2414 olim
993 2373 1099 2414 Eru-

251 2451 312 2478 cae
320 2435 544 2488 Heinsius;
556 2436 631 2480 sed
650 2446 800 2494 postea
811 2437 1101 2481 mutavitsen-

252 2501 450 2546 tentiam.
483 2499 653 2546 Contra
673 2502 764 2545 vim
782 2503 952 2560 frigoris
968 2503 1101 2547 etiam

253 2582 408 2610 semen
436 2567 586 2610 urticae
605 2567 887 2612 commendat
908 2568 1102 2613 Serenus

255 2631 486 2676 Sammon.
509 2631 659 2676 Carm.
682 2648 723 2676 x.
748 2633 913 2677 BURM.

310 2698 404 2750 421.
423 2697 636 2741 Alcathoi·
648 2701 770 2750 urbe„
780 2696 1011 2756 Megaram
1032 2713 1103 2741 ur-

254 2761 359 2806 bem
379 2762 604 2821 intelligit,
626 2764 750 2820 cujus
762 2796 774 2819 ,
791 2772 967 2807 auctore
984 2764 1103 2807 Pau-

258 2827 378 2871 sania
393 2860 406 2884 ,
426 2828 557 2872 Attic.
574 2843 650 2872 xm
663 2861 674 2884 ,
689 2829 926 2886 imperium
947 2829 1105 2873 dicitur

258 2892 449 2936 tenuisse
472 2893 706 2939 Alcathoiis
723 2928 735 2950 ,
757 2895 930 2952 Pelopis
962 2894 1075 2938 filius
1090 2927 1103 2950 ,

260 2966 359 3013 post
377 2957 638 3015 Megareum
654 2992 666 3014 ,
686 2960 809 3016 cujus
827 2959 963 3003 filiam
988 2975 1106 3003 uxo·—

263 3037 360 3065 rem
377 3021 568 3066 duxerat.
587 3023 818 3080 Megaram
834 3033 983 3070 autem
997 3040 1108 3068 cou-

265 3085 419 3130 didisse
435 3118 447 3140 ,
466 3087 582 3130 socio
603 3089 744 3144 operis
762 3088 965 3145 Apolline
985 3122 996 3145 ,
1018 3099 1108 3134 tes-

265 3160 384 3195 tatur
416 3151 660 3209 Theognis,
691 3160 891 3215 Παραίνεσ.
910 3156 1010 3210 751,
1035 3154 1109 3212 qui

266 3225 311 3260 et
327 3217 419 3274 ipse
441 3216 711 3274 Megarensis
729 3234 740 3260 :

267 3287 370 3327 Φοῖὸε
393 3283 488 3337 ἅναξ
503 3312 515 3335 ‚
538 3285 648 3331 αὐτ-ὂς
672 3287 740 3338 μὲν
770 3285 982 3345 ἐπύργωσας
1008 3288 1112 3330 πόλιν

434 3348 550 3407 ἄκρην

326 3413 505 3469 ᾼλκαθὸῳ
520 3414 676 3460 Πέλοπος
696 3416 812 3457 παιδὶ
827 3415 1085 3475 χαριζόμενος.

1228 1852 1323 1906 432.
1337 1851 1409 1901 ΕΙ,
1430 1866 1485 1893 ex
1504 1852 1624 1893 horto
1642 1866 1731 1906 que
1749 1852 1879 1898 venit,
1902 1848 2029 1890 herba

1172 1917 1313 1957 salax.
1337 1914 1529 1957 Erucam
1551 1913 1732 1972 intelligi
1761 1921 1895 1971 puto:
1923 1928 2027 1954 nam

1173 1979 1339 2022 etinsra
1350 1979 1421 2023 lib.
1434 1993 1471 2022 11
1486 2012 1497 2033 ‚
1514 1978 1568 2023 de
1592 1977 1780 2022 Remed.
1794 1979 1896 2022 Am.
1920 1994 1999 2036 799
2015 2009 2027 2030 ,

1174 2047 1359 2088 salacem
1368 2044 1571 2088 eamdem
1582 2044 1735 2087 nomin
1742 2052 1784 2087 at
1796 2043 1879 2087 hoc
1886 2057 2029 2086 versu:

1175 2113 1246 2146 Nee
1260 2114 1368 2145 minus
1383 2124 1496 2144 eruens
1511 2120 1626 2155 aptum
1642 2119 1690 2143 est
1704 2113 1807 2143 vit-m
1819 2111 1955 2152 salaces,
1967 2118 2029 2142 etc.

1234 2177 1328 2230 425.
1343 2176 1488 2218 Docta
1499 2176 1672 2231 quidad
1673 2179 1878 2229 magicas,
1884 2175 2032 2222 Erato,

1179 2243 1426 2284 converteris
1445 2246 1560 2282 artes
1574 2241 1599 2283 ?
1627 2241 1859 2283 Diverteris·
1888 2238 2035 2295 scripti

1180 2304 1377 2362 plerique
1396 2320 1406 2347 ε
1425 2304 1508 2349 nisi
1530 2304 1648 2361 quod
1672 2304 1835 2361 Regius
1852 2337 1864 2358 ,
1882 2307 2035 2347 dever—

1181 2373 1280 2412 teris
1295 2386 1307 2413 :
1324 2369 1549 2426 quomodo
1568 2385 1745 2427 semper
1763 2370 1809 2413 in
1830 2370 2034 2414 vetustio-

1182 2435 1301 2479 ribus
1333 2435 1452 2479 libris
1487 2435 1615 2479 scribi
1646 2436 1735 2491 jam
1756 2435 2036 2480 observatum

1184 2510 1263 2556 est,
1277 2501 1332 2545 ad
1345 2502 1415 2546 lib.
1430 2502 1493 2557 11,
1513 2502 1668 2546 Amor.
1689 2502 1758 2546 ΕΙ.
1774 2516 1839 2557 vr,
1851 2518 1892 2561 9.
1905 2503 2037 2546 Unus

1183 2583 1309 2611 meus
1325 2599 1339 2623 ‚
1367 2571 1577 2611 reverteris
1606 2584 1620 2611 .·
1647 2567 1842 2625 proxime
1867 2584 2038 2611 verum.

1186 2631 1276 2676 Sed
1287 2648 1367 2676 cur
1379 2637 1716 2690 magicasartes?
1725 2633 1840 2690 Lege
1852 2634 2039 2678 omnino

1182 2699 1369 2741 medicas
1394 2704 1529 2749 aries,
1557 2714 1660 2741 cum
1683 2697 1851 2740 Moreti
1876 2696 2040 2741 codice.

1187 2765 1446 2808 Converlenssr
1457 2798 1468 2814 ‚
1492 2764 1696 2807 Francos.
1711 2771 1818 2806 utet
1836 2762 2039 2819 quaedam

1186 2828 1412 2872 editiones.
1430 2829 1599 2872 Han-ts.

1240 2894 1334 2949 426.
1364 2897 1545 2936 Interior
1576 2909 1697 2936 curru
1726 2899 1839 2936 mela
1869 2895 2041 2936 terenda

1186 2973 1276 3000 meo
1288 2964 1363 3002 est.
1388 2959 1533 3000 Tenda
1548 2956 1712 3014 Regius
1725 2974 1736 3010 ;
1759 2956 1879 3000 unde
1893 2957 2043 3014 scripti

1187 3022 1434 3078 complures
1454 3023 1646 3072 tenenda,
1670 3037 1774 3065 cum
1790 3022 1932 3078 prima
1951 3021 2045 3065 edi-

1188 3088 1310 3130 tione
1333 3104 1343 3131 :
1361 3095 1600 3143 utrumque
1611 3087 1803 3143 probum
1818 3096 1895 3131 est.
1927 3088 1988 3131 Η.

1247 3155 1342 3212 429.
1359 3155 1450 3196 Nec
1465 3155 1615 3196 levitas
1631 3155 1843 3209 culpanda
1858 3170 1955 3197 ntea
1966 3159 2043 3206 erl.

1195 3218 1334 3275 Quod
1372 3221 1599 3273 detegenda
1637 3234 1760 3262 nunc
1794 3219 2042 3276 precipiam

1179 3283 1307 3338 furta
1317 3316 1329 3335 ,
1357 3299 1453 3340 quae
1469 3283 1603 3326 modo
1617 3287 1798 3328 celanda
1809 3300 2045 3328 suaseram.

1194 3348 1299 3390 Una
1312 3348 1473 3405 quippe
1485 3363 1611 3392 mens
1622 3381 1635 3404 ,
1652 3348 1894 3406 eademque
1909 3349 2041 3392 mihi:

1196 3428 1393 3457 amorem
1415 3414 1541 3459 scilic.
1565 3414 1687 3458 omni
1714 3424 1805 3460 arte
1826 3414 2044 3461 adserere.
