2268 3776
264 320 370 372 262

728 320 792 371 P.
845 319 1132 374 OVIDII
1182 319 1556 374 NASONIS

261 435 494 494 Institor
524 433 590 492 ad
619 432 896 494 dominam
921 433 1102 494 veniet
1126 433 1426 494 discinctus
1456 458 1692 494 emacem
1717 460 1730 493 ε

340 529 613 612 Expediet
641 554 846 591 merces
877 546 1040 614 teque
1064 531 1285 592 sedente
1310 556 1451 592 suas.
1474 566 1478 571 ·

268 631 422 708 Quas
452 626 569 699 illa,
598 627 885 710 inspiciaS‚
917 652 1105 711 sapere
1132 642 1197 687 ut
1223 627 1436 688 videare
1454 674 1469 699 ,
1500 625 1750 704 rogabit3

348 723 557 785 Oscula
586 723 779 786 deinde
810 726 999 797 dabit3
1028 724 1227 785 deinde
1256 724 1507 802 rogabit,
1535 734 1696 784 emas.

270 825 395 882 Hoc
422 821 540 882 fore
572 836 889 882 contentam
917 822 1126 883 multos
1153 822 1363 903 jurabit
1391 821 1451 881 in
1481 844 1656 880 annos
1680 845 1692 878 ;

351 921 515 978 Nunc
546 943 688 1001 opus
719 943 835 980 esse
869 921 1005 993 sibi,
1032 944 1181 979 nunc
1210 919 1352 980 bene
1383 917 1527 978 dicet
1555 916 1677 977 emi.

273 1015 331 1074 Si
358 1040 475 1076 non
505 1040 621 1077 esse
654 1017 838 1090 domi,
866 1041 1007 1100 quos
1041 1016 1162 1089 deS,
1194 1014 1485 1076 causabere
1514 1034 1802 1083 nummos;

350 1114 534 1174 Litera
561 1129 854 1196 poscetur,
888 1138 956 1174 ne
988 1113 1243 1174 didicisse
1272 1113 1441 1193 juvet.

271 1216 460 1295 Quid?
491 1218 647 1299 quasi
676 1216 845 1277 natali
878 1241 1048 1300 quum
1076 1216 1259 1300 poscit
1287 1238 1515 1275 munera
1542 1212 1661 1273 libo
1687 1259 1702 1285 ,

356 1320 461 1391 Et,
493 1319 711 1401 quoties
742 1343 883 1402 opus
913 1335 1023 1393 est,
1055 1319 1300 1379 nascitur
1329 1318 1451 1399 ipsa
1480 1316 1626 1376 sibi?

328 1505 378 1558 42
388 1522 402 1547 1
411 1538 420 1546 .
431 1507 607 1547 laslilor
613 1508 677 1548 ad
684 1507 893 1549 dominam
903 1514 982 1549 etc.
999 1505 1126 1549 «Ins-

276 1569 380 1612 titor
394 1579 457 1612 est
473 1602 484 1624 ,
500 1571 643 1626 inquit
658 1571 837 1627 Ulpian.
855 1572 902 1614 18
915 1604 926 1625 ,
946 1571 999 1614 de
1017 1571 1124 1615 Inst.

278 1634 375 1678 Act.
391 1635 465 1691 qui
486 1635 702 1690 tabemae,
728 1635 875 1679 locove
897 1636 950 1678 ad
972 1652 1127 1679 emen-

280 1699 389 1741 dum
418 1699 791 1758 vendendumque
824 1702 1126 1758 praeponitur;

281 1765 442 1820 quique
462 1765 556 1808 sine
574 1767 669 1809 loco
690 1767 743 1809 ad
760 1766 967 1811 eumdem
982 1777 1128 1812 actum

280 1831 599 1886 praeponitur.»
627 1856 681 1864 —
707 1835 856 1876 Veniet
885 1836 1129 1877 discinctus.

284 1894 546 1939 Oxoniensis
559 1928 570 1950 ,
587 1901 748 1947 veniat,
767 1906 811 1940 et
823 1899 1134 1953 sequentiwer·

281 1977 332 2002 su
347 1994 357 2014 ,
375 1962 616 2015 Expedial:
636 1962 859 2018 quomodo
874 1972 918 2007 et
932 1963 1020 2009 duo
1037 1964 1105 2007 alii
1119 1973 1130 2015 ';

283 2035 401 2069 recte
415 2025 572 2069 :modo
593 2043 673 2084 pro
692 2043 797 2084 quas
817 2031 914 2080 illa,
929 2044 1130 2085 reponas,

283 2095 363 2135 has
383 2096 472 2134 illa.
490 2093 655 2136 HEINS.
674 2094 915 2136 Dtlrlinclus
928 2094 974 2137 in
993 2094 1135 2151 prima

283 2157 476 2200 editione
490 2166 534 2200 et
554 2157 766 2201 tredecim
783 2159 950 2216 scriptis
967 2169 1102 2204 exstat
1123 2177 1132 2203 :

286 2225 362 2268 sed
382 2227 613 2267 discinctus
630 2235 718 2279 est,
737 2234 786 2268 ut
806 2236 922 2270 recte
942 2227 1133 2280 hlei-ula,

286 2295 331 2332 in
350 2293 504 2332 lum'cis
523 2293 734 2341 dmm'ssis,
756 2291 866 2335 sicut
881 2292 1138 2348 Propertius

289 2355 359 2397 lib.
384 2356 464 2409 IV,
490 2355 612 2413 Eleg.
628 2371 664 2399 11
680 2390 692 2411 ,
714 2358 790 2412 38,
811 2357 885 2400 ubi
899 2357 991 2401 haec
1012 2374 1139 2415 egre-

290 2422 356 2478 gie
385 2422 568 2465 illustrat
589 2423 901 2468 Broukhusius.
919 2426 1140 2467 Discrelus

293 2487 529 2531 Beruensis
549 2505 674 2532 unus.

349 2552 442 2604 422.
460 2554 678 2606 Expediet.
697 2553 898 2610 Exponet
913 2554 967 2596 ob
982 2554 1141 2598 oculos.

294 2616 360 2659 Ita
385 2616 574 2671 Quintil.
589 2632 676 2660 vul
690 2651 702 2672 ,
725 2620 750 2660 3
768 2652 779 2672 ‚
804 2619 1025 2676 eleganter
1045 2636 1142 2662 ora-

293 2690 439 2724 torem
453 2713 465 2734 ,
488 2681 606 2724 velut
626 2686 855 2727 institorem
875 2688 1114 2740 eloqucnlioe
1128 2719 1139 2735 ‚

292 2748 495 2802 quidquid
506 2750 586 2789 erit
599 2751 815 2789 sententiis
820 2751 1033 2803 populare,
1051 2765 1146 2792 ver-

296 2814 361 2852 bis
388 2814 563 2853 nilidum
591 2819 670 2856 etc.
702 2816 942 2855 intuendum
963 2821 1007 2855 et
1026 2829 1146 2868 poene

294 2878 636 2931 perlraclandum
645 2879 851 2929 daturum,
864 2877 1144 2921 dicit-BURM.

355 2941 448 2995 423.
478 2942 629 2996 Sapere
647 2948 704 2985 ul.
737 2943 850 2986 Scire
869 2949 917 2985 ut
932 2942 1147 2999 Neapoli-

301 3015 429 3048 tanus
458 3023 468 3049 ε
498 3006 573 3049 sed
611 3024 756 3062 sapere
789 3008 958 3051 retineo
989 3024 999 3050 :
1028 3008 1147 3051 idem

302 3087 409 3113 vero
428 3071 498 3114 hic
517 3081 581 3114 est
596 3104 607 3125 ,
633 3072 748 3128 quod
772 3072 841 3115 alii
863 3072 1013 3115 dicunt
1031 3076 1150 3115 inlel-

299 3139 449 3190 ligere,
476 3137 668 3192 peritum
691 3154 780 3180 esse
803 3138 1031 3181 mercium.
1055 3140 1150 3180 Ca-

298 3217 398 3255 pcre
419 3201 665 3246 Beruensis.
688 3203 823 3246 IDEM.

361 3268 453 3320 428.
483 3269 627 3310 Lilera
641 3275 855 3324 poscetur,
882 3286 934 3311 nc
952 3271 1153 3311 didicisse

294 3331 418 3386 juvet
431 3340 510 3375 etc.
525 3333 665 3376 Locus
681 3334 902 3377 obscurior
917 3368 927 3389 ‚
948 3351 1079 3390 quem
1094 3334 1153 3377 ita

305 3396 427 3451 capio
443 3429 454 3451 ,
484 3406 532 3440 ut
552 3398 586 3442 si
612 3408 814 3442 causetur
840 3409 1009 3443 amator
1028 3432 1039 3454 ,
1071 3400 1152 3443 sibi

309 3459 429 3503 domi
461 3461 507 3505 in
542 3478 637 3506 arca
668 3480 759 3507 non
797 3481 887 3509 esse
921 3473 1156 3522 praesentes

1971 1330 2052 1385 43⁰

1206 1521 1413 1549 nummos
1429 1538 1440 1560 ‚
1458 1513 1658 1562 poscatur
1675 1505 1727 1547 ab
1742 1519 1795 1546 eo
1807 1503 1948 1558 litera,
1964 1502 2052 1546 sive

1207 1572 1419 1628 scriptura
1456 1570 1511 1613 ad
1547 1571 1813 1613 tabernarios
1830 1602 1843 1624 ,
1877 1586 1963 1626 qua
1999 1568 2053 1611 de

1209 1652 1361 1680 mensa
1377 1636 1527 1692 iubeat
1547 1635 1654 1679 solvi
1676 1635 1871 1678 Institori
1892 1651 1903 1677 ε
1925 1650 1978 1677 ne
1995 1636 2056 1676 di-

1211 1704 1367 1745 dicisse
1383 1701 1510 1757 juvet
1538 1699 1658 1743 addit
1673 1733 1685 1755 ,
1706 1700 1806 1756 quia
1826 1699 1967 1757 puella
1985 1699 2055 1742 illa

1210 1767 1351 1810 vicem
1383 1765 1670 1822 ludimagistri
1707 1765 1827 1821 quasi
1857 1765 1948 1808 obit
1965 1797 1977 1819 ‚
2013 1772 2059 1807 et

1213 1833 1340 1876 docet
1353 1841 1595 1875 amatorem
1609 1831 1812 1885 scribere,
1822 1831 2057 1873 formulam

1211 1897 1348 1942 literae
1368 1898 1648 1954 praescribens
1661 1915 1671 1950 ;
1682 1898 1750 1940 vel
1767 1906 1909 1954 potest
1926 1897 2058 1939 etiam

1214 1966 1369 2008 referri
1379 1965 1431 2008 ad
1444 1966 1794 2022 Institorem,qui
1803 1981 1905 2008 cum
1918 1964 2061 2022 puella

1215 2031 1420 2086 colludit,
1444 2041 1489 2075 et
1507 2031 1616 2074 nihil
1635 2030 1714 2074 sibi
1741 2046 1848 2087 opus
1867 2030 2062 2073 nummis

1216 2098 1500 2155 praesentibus
1522 2113 1611 2141 esse
1633 2096 1772 2151 dicet,
1794 2094 1870 2139 sed
1890 2095 2063 2139 literam

1216 2172 1364 2219 poscet
1394 2161 1447 2206 ad
1468 2162 1722 2206 mensarios.
1754 2161 1941 2218 Egregie
1972 2160 2065 2203 haec

1218 2228 1404 2272 illustrat
1437 2228 1558 2271 locus
1591 2227 1767 2284 Apuleii
1802 2227 1849 2268 in
1882 2225 2064 2283 Apolog.

1222 2312 1244 2331 α
1262 2293 1383 2337 Hinc
1401 2294 1493 2350 jam
1508 2293 1580 2336 illa
1600 2293 1717 2335 inter
1734 2292 1878 2335 virum
1897 2299 1941 2333 et
1959 2306 2069 2333 uxo-

1220 2375 1318 2402 rem
1339 2368 1446 2403 nota
1463 2358 1666 2410 collusio;
1689 2357 1764 2414 qui
1783 2356 1973 2414 amplam
1991 2356 2071 2399 sti-

1221 2440 1325 2481 pem
1346 2424 1520 2467 mulieri
1539 2423 1818 2477 detulerunt,
1833 2438 1968 2466 nemo
1988 2437 2075 2465 eos

1223 2491 1450 2544 observat,
1481 2505 1560 2534 suo
1588 2489 1798 2532 arbitratu
1829 2487 2068 2532 discedunt.

1227 2555 1321 2611 Qui
1338 2554 1560 2598 inaniores
1577 2569 1740 2597 venere
1760 2586 1770 2605 ,
1793 2553 1917 2609 signo
1937 2552 2039 2594 dato
2055 2585 2067 2605 ‚

1223 2636 1305 2677 pro
1335 2619 1539 2663 adulteris
1573 2617 1991 2675 deprehenduntur-3
2026 2625 2070 2658 et

1227 2684 1345 2741 quasi
1367 2684 1421 2727 ad
1450 2685 1691 2727 dt’scendum
1709 2682 1915 2726 venerint
1929 2716 1940 2733 ‚
1976 2697 2081 2724 non¹

1226 2749 1346 2805 prius
1365 2749 1554 2801 abeunt,
1575 2763 1707 2804 quam
1738 2747 1898 2803 aliquid
1925 2747 2070 2803 scrip-

1226 2813 1375 2857 serint.
1392 2831 1413 2850 »
1435 2812 1545 2863 Sed,
1561 2829 1614 2856 nc
1625 2812 1969 2868 dimi-inclusae&
1989 2821 2069 2866 est,

1228 2895 1284 2922 ne
1306 2878 1442 2935 prosit
1467 2878 1544 2921 tibi
1563 2911 1574 2932 ,
1598 2877 1632 2921 si
1651 2877 1765 2921 dicas
1794 2887 1836 2921 te
1856 2878 1947 2934 jam
1968 2878 2071 2920 olim

1228 2946 1455 2996 didicztcse;
1480 2943 1667 3000 ideoque
1688 2959 1781 2986 non
1814 2959 1922 3000 opus
1953 2960 2043 2987 esse
2060 2977 2071 2998 ,

1229 3016 1280 3051 ut
1298 3024 1419 3052 nunc
1439 3007 1621 3052 demum
1637 3008 1824 3052 scribere
1845 3008 1991 3052 discas.
2023 3009 2073 3051 Β.

1284 3073 1377 3131 429.
1403 3074 1518 3127 Quid
1532 3078 1660 3129 quasi
1670 3077 1821 3117 natali.
1847 3076 1986 3127 Quasi
1994 3089 2075 3115 na—

1230 3142 1314 3181 tali
1326 3147 1389 3181 est
1402 3138 1504 3181 ficto
1516 3148 1560 3182 et
1578 3138 1695 3191 salso,
1708 3154 1846 3195 quum
1864 3138 2076 3181 mentitur

1230 3204 1310 3247 sibi
1343 3204 1462 3247 diem
1491 3204 1615 3248 illum
1643 3205 1834 3249 natalem
1861 3221 1977 3259 esse,
1999 3203 2073 3259 qui

1233 3270 1415 3312 minime
1437 3279 1515 3313 est.
1546 3270 1619 3313 Sic
1645 3275 1773 3326 quasi
1799 3274 2046 3312 testamenta
2061 3301 2073 3322 ‚

1234 3328 1347 3378 Plini
1370 3335 1440 3377 lib.
1461 3349 1550 3378 VIII
1566 3368 1577 3390 ,
1600 3330 1735 3391 Epist.
1759 3335 1820 3377 16.
1852 3333 2074 3390 Scriptum

1236 3401 1287 3443 ab
1314 3399 1476 3443 Ovidio
1500 3400 1676 3456 putabat
1697 3398 1904 3442 Heinsius
1927 3414 1937 3440 ε

1236 3469 1352 3510 Quid?
1367 3480 1426 3501 sua
1439 3470 1536 3500 natali
1549 3480 1651 3511 quum
1666 3468 1770 3510 poscit
1783 3477 1916 3498 munera
1932 3467 1998 3498 libo
2010 3465 2027 3496 ἶ)
