2268 3776
265 325 374 394 244

729 324 793 376 P.
840 321 1132 378 OVIDII
1175 321 1339 378 NAS
1363 321 1562 378 ONIS

262 444 411 503 Dum
440 440 713 523 loquitur,
743 439 1028 522 tangitque
1058 462 1279 499 manum
1297 486 1311 511 ,
1343 439 1635 524 poscitque
1663 439 1944 516 libellum3

338 548 413 605 Et
443 542 661 626 quaerit,
694 542 881 624 posito
911 541 1172 624 pignore,
1203 542 1386 602 vincat
1416 557 1574 616 uter;

258 647 489 707 Saucius
517 644 816 723 ingemuit,
851 642 1130 725 telumque
1160 641 1381 705 volatile
1408 646 1614 706 sensit:

340 751 416 808 Et
444 771 570 831 pars
603 745 832 829 spectati
862 745 1103 806 muneris
1130 742 1248 827 ipse
1275 742 1397 805 fuit.
1955 782 2031 809 m.

1973 802 1997 834 'x

261 850 452 931 Quid?
475 848 641 909 modo
675 873 846 932 quum
874 848 1009 909 belli
1036 846 1243 907 navalis
1274 847 1511 927 imagine
1543 851 1724 911 Caesar

339 951 592 1012 Persidas
622 950 842 1010 induxit
873 949 1317 1032 Cecropidasque
1350 952 1537 1010 rates?

257 1057 466 1138 Nempe
490 1054 558 1114 ab
588 1069 826 1136 utroque
853 1053 989 1113 mari
1014 1053 1266 1134 juvenes,
1299 1053 1367 1113 ab
1403 1067 1640 1137 utroque
1666 1053 1861 1138 puellae

339 1160 551 1218 Venere
574 1181 586 1229 ;
621 1170 784 1239 atque
812 1156 1007 1234 ingens
1036 1155 1189 1215 orbis
1218 1154 1278 1214 in
1304 1153 1442 1215 urbe
1471 1154 1594 1215 fuit.

258 1260 402 1339 Quis
426 1283 543 1319 non
572 1259 811 1332 invenit,
845 1257 1009 1318 turba
1040 1256 1192 1339 quod
1219 1271 1426 1316 amaret
1448 1257 1507 1316 in
1530 1256 1669 1318 illa?

1958 1280 2032 1335 175

334 1362 522 1436 Eheu,
559 1385 723 1445 quam
748 1359 955 1421 multos
982 1358 1188 1420 advena
1216 1357 1380 1419 torsit
1407 1358 1583 1422 Amor
1611 1360 1624 1418 ἔ

245 1557 346 1612 soro
376 1571 430 1599 eo
461 1571 591 1599 sensu
625 1553 803 1610 accipias
819 1585 831 1608 ,
853 1568 942 1610 quo
973 1569 1103 1610 supra

251 1624 462 1665 sollicitos
479 1623 614 1663 ludos.

312 1687 402 1744 167.
437 1688 669 1742 Tangilque
683 1702 851 1729 manum
865 1719 874 1735 ‚
886 1689 1104 1741 poscitque

252 1755 450 1795 llbellum.
471 1752 712 1808 Sequentia
733 1752 940 1795 evincunt
969 1767 1105 1807 aper-

254 1817 414 1861 tissime
431 1817 497 1874 agi
513 1816 567 1859 de
581 1817 832 1873 sponsione,
847 1825 1000 1859 utrum
1012 1816 1103 1859 vin·

253 1892 371 1927 ceret
383 1917 394 1937 ,
412 1883 618 1927 Prasinus
633 1899 689 1926 an
703 1884 903 1926 Venetus
923 1891 1004 1925 etc.
1021 1881 1104 1924 Ju-

254 1948 394 1992 venal.
415 1962 463 1991 x1
478 1981 491 2003 ,
517 1963 622 2007 199:

315 2044 355 2055 ..0
377 2025 526 2064 spectent
540 2024 676 2063 juvenes
692 2045 702 2061 ,
717 2033 799 2064 quos
813 2022 932 2053 clamor
948 2028 980 2052 et
997 2022 1103 2054 audax

252 2085 389 2126 Sponsio
401 2108 412 2122 ,
430 2094 513 2125 quos
529 2083 623 2113 cultoe
636 2083 727 2114 decet
743 2083 904 2114 adsedisse
917 2083 1032 2124 puellae
1050 2095 1060 2124 ;

254 2145 327 2189 ubi
344 2144 444 2187 vide
457 2144 736 2200 interpretes,
752 2152 797 2186 et
813 2144 888 2200 qui
902 2143 956 2186 de
969 2143 1101 2187 Circo

251 2211 518 2268 scripserunt
530 2209 614 2252 hoc
626 2208 872 2265 plenissime
888 2209 1102 2252 illustran-

252 2285 329 2319 tes.
359 2275 495 2318 Recte
526 2289 631 2318 vero
661 2272 816 2316 Douza
847 2273 1070 2316 adnotavit
1087 2307 1101 2329 ,

250 2341 389 2385 solere
409 2355 568 2382 manus
586 2338 704 2395 tangi
726 2339 843 2381 inter
865 2347 1101 2390 concerta-

252 2404 394 2446 tiones
411 2435 422 2457 ,
440 2402 596 2458 quibus
615 2401 870 2458 sponsiones
890 2410 994 2445 ratae
1010 2418 1101 2445 esse

251 2467 502 2511 indicantur
523 2483 533 2509 ε
554 2475 602 2509 ut
632 2475 676 2509 et
706 2467 752 2508 in
786 2466 877 2509 aliis
909 2467 1098 2522 actibus,

253 2534 409 2590 quibus
425 2533 533 2576 fides
544 2533 927 2593 interponebatur:
937 2534 996 2576 ita
1010 2534 1102 2577 Te—

251 2607 365 2641 rent.
393 2599 556 2654 Heaut.
586 2611 668 2652 111,
693 2615 710 2640 1
733 2614 743 2640 :
764 2601 867 2641 cedo
898 2602 1099 2642 dextram.

252 2663 326 2706 Sic
342 2665 531 2718 dextram
549 2669 727 2717 langere,
748 2663 869 2719 Virg.
890 2676 975 2717 vn,
993 2664 1072 2707 266
1086 2697 1098 2718 ,

253 2728 301 2770 in
333 2719 496 2770 soedere
520 2725 741 2781 faciende,
766 2736 810 2769 et
840 2728 899 2769 ita
929 2729 1099 2783 passim.

255 2794 409 2850 Quare
423 2793 536 2836 male
553 2798 763 2848 tangitque
777 2809 903 2835 manu
923 2793 1100 2848 quidam

252 2858 399 2915 scripti
420 2867 464 2901 et
482 2857 612 2912 editi,
634 2857 751 2914 quod
773 2858 901 2901 aliam
918 2867 1101 2901 senten-

254 2926 362 2977 tiam
395 2924 589 2967 efficeret
610 2928 777 2980 :poscit
805 2927 989 2966 lt'bellum
1017 2940 1099 2966 ex—

256 2991 367 3047 plico
385 2989 627 3046 sponsionis
645 2989 999 3045 chirographum,
1012 3004 1099 3045 quo

254 3055 443 3098 formula
454 3054 695 3111 sponsionis
708 3055 864 3110 scripta
880 3054 1101 3109 consigna-

253 3119 406 3173 batur,
426 3128 475 3162 ut
496 3136 546 3161 ex
578 3135 631 3161 eo
651 3120 717 3175 agi
740 3117 899 3161 deinde
926 3127 1068 3175 posset
1087 3134 1098 3162 ε

255 3182 376 3225 idem
397 3192 460 3226 est
478 3184 577 3225 insr.
599 3183 680 3236 428
699 3198 709 3225 ;
725 3186 849 3225 litera
857 3189 1065 3238 poscetur.

314 3263 404 3305 170.
433 3251 495 3290 Et
505 3264 609 3302 pars
627 3252 810 3302 spectati
821 3252 1001 3290 vulnentc
1012 3252 1101 3302 ipse

246 3312 347 3366 fuit.
366 3314 528 3369 Regius
541 3321 584 3355 et
606 3312 883 3368 Oxoniensis,
900 3329 1000 3356 cum
1017 3329 1099 3356 ex-

179 3392 183 3395 *
255 3378 412 3434 cerptis
439 3377 643 3435 Scaligeri
671 3394 719 3420 ac
739 3379 951 3431 Puteani,
971 3394 1100 3433 spec-

255 3448 547 3488 lalimunen's:
559 3445 730 3503 egregie
746 3462 754 3501 ξ
767 3444 966 3501 intelligit
981 3444 1099 3489 enim

1184 1567 1347 1596 munus
1384 1552 1701 1609 gladiatorium.
1737 1553 1811 1598 Sic
1845 1559 2031 1610 spectare

1184 1635 1331 1664 munus
1350 1619 1565 1675 Martiali,
1587 1633 1661 1676 lv,
1686 1620 1835 1678 Epigr.
1856 1637 1905 1665 2:

1263 1693 1434 1736 Spectabat
1444 1695 1542 1726 modo
1553 1695 1642 1727 solus
1656 1696 1740 1726 inter
1753 1707 1863 1728 omnes
1875 1719 1888 1736 ,

1262 1755 1297 1788 N
1300 1755 1377 1796 igris
1391 1766 1510 1787 munus
1526 1757 1684 1788 Horatius
1697 1757 1845 1789 lacernis.
1865 1758 2009 1791 HEms:

1241 1833 1330 1872 171.
1367 1819 1499 1871 Quid,
1525 1820 1647 1861 modo
1668 1835 1790 1875 quum
1815 1822 1921 1862 belli
1943 1836 2032 1862 na-

1181 1884 1290 1924 valis
1309 1886 1493 1938 imagine
1512 1892 1594 1927 etc.
1614 1884 1935 1929 Naumachiam
1957 1886 2030 1928 in-

1183 1946 1319 2002 dicat,
1334 1963 1411 1991 seu
1432 1950 1585 1992 navale
1604 1951 1804 2007 praelium
1823 1951 1940 2007 quod
1958 1967 2032 2008 po-

1181 2011 1285 2068 pulo
1305 2014 1699 2069 repraesentabatur
1710 2048 1722 2070 ,
1738 2015 1784 2057 in
1802 2015 1897 2059 lacu
1911 2048 1922 2070 ,
1936 2016 2031 2059 sine

1180 2094 1286 2120 cura
1302 2078 1498 2134 primum
1512 2087 1556 2122 et
1570 2088 1731 2123 ornatu
1745 2080 1883 2134 nullo,
1894 2096 2030 2137 prope

1183 2141 1384 2185 Tiberim
1405 2145 1575 2188 effosso.
1598 2144 1756 2187 Postea
1775 2161 1844 2187 res
1862 2145 1908 2187 in
1930 2145 2032 2188 deli-

1181 2207 1266 2250 cias
1284 2224 1492 2252 conversa
1507 2241 1519 2263 ,
1542 2209 1807 2253 certantibus
1826 2210 1943 2252 inter
1958 2227 2002 2253 se
2015 2244 2028 2265 ,

1182 2272 1257 2329 qui
1271 2273 1523 2330 Augustum
1541 2283 1804 2330 exceperunt
1816 2307 1827 2329 ,
1843 2274 2032 2332 impera-

1181 2338 1369 2394 toribus,
1392 2339 1487 2395 quis
1513 2338 1616 2381 luxu
1636 2339 1958 2396 praecedentem
1986 2351 2032 2384 et

1179 2419 1332 2446 rerum
1353 2405 1546 2447 novitate
1566 2413 1803 2461 superaret.
1826 2406 1946 2451 Hinc
1961 2423 2032 2450 va-

1181 2467 1272 2510 rius
1287 2467 1358 2511 ille
1379 2476 1423 2511 et
1443 2469 1669 2525 multiplex
1689 2478 1938 2526 apparatus,
1955 2470 2032 2527 qui

1181 2532 1316 2575 modo
1358 2533 1585 2591 Nymphas
1624 2535 1745 2590 aquis
1784 2535 1987 2578 innantes
2014 2569 2028 2589 ‚

1181 2597 1316 2639 modo
1337 2598 1570 2642 Tritonem
1600 2608 1860 2656 argenteum
1887 2599 2029 2643 indu-

1180 2671 1314 2716 ceret,
1331 2663 1406 2718 qui
1425 2663 1572 2706 medio
1588 2664 1632 2706 in
1646 2664 1741 2707 lacu
1755 2681 1835 2720 per
1853 2665 2029 2709 machi-

1180 2742 1285 2768 nam
1300 2728 1574 2783 emergebat,
1598 2737 1643 2771 et
1663 2738 1906 2785 pugnantes
1924 2730 2029 2773 buc-

1179 2790 1278 2833 cina
1307 2791 1508 2833 exciebat.
1529 2791 1630 2834 Vid.
1650 2792 1771 2836 Suet.
1796 2792 1843 2835 in
1872 2792 2029 2836 Claud.

1179 2868 1286 2906 xxm
1306 2855 1438 2897 Mart.
1453 2854 1506 2898 de
1525 2855 1806 2912 Spectaculis,
1821 2857 1945 2914 Epig.
1963 2876 2029 2917 29-

1184 2918 1341 2974 Quum
1355 2935 1459 2962 vero
1478 2920 1525 2962 in
1540 2919 1678 2965 Circis
1693 2922 1761 2965 vel
1775 2923 2028 2980 Amphitea-

1181 2984 1257 3027 tris
1269 2985 1578 3028 exhiberentur
1591 2987 1680 3030 ludi
1695 2988 1882 3042 navales,
1893 3006 2028 3045 aqua-

1180 3064 1282 3091 rum
1297 3050 1505 3093 immissio
1518 3050 1650 3094 fiebat
1665 3069 1745 3108 per
1758 3053 1947 3097 occultos
1964 3063 2028 3096 at-

1181 3130 1265 3170 que
1286 3115 1592 3159 subterraneos
1610 3126 1800 3173 meatus,
1818 3127 1940 3161 tanta
1959 3135 2026 3162 ce-

1180 3181 1348 3224 leritate
1366 3214 1378 3236 ,
1402 3191 1450 3224 ut
1473 3199 1495 3225 a
1515 3184 1826 3240 spectatoribus
1847 3185 1916 3228 vix
1929 3202 2025 3228 sen·

1181 3245 1367 3298 tiretur3
1391 3246 1634 3303 eademque
1662 3258 1810 3304 postea
1826 3282 1838 3303 ,
1858 3250 1894 3293 si
1922 3249 2023 3305 pla-

1181 3311 1337 3354 cuisset
1349 3344 1360 3366 ,
1373 3312 1699 3356 emittebantur.
1718 3315 1784 3357 Ita
1797 3322 1847 3356 ut
1865 3313 2022 3359 merito

1183 3393 1206 3419 e
1230 3378 1461 3429 Martialis,
1486 3379 1595 3421 libro
1612 3379 1728 3422 citat.
1749 3379 1895 3435 Epigr.
1915 3378 1969 3420 26
1988 3391 1998 3419 :

1182 3448 1283 3480 Parva
1302 3459 1389 3480 mora
1401 3455 1449 3481 est
1464 3459 1472 3480 ε
1489 3449 1575 3480 dices
1591 3460 1600 3480 :
1618 3448 1670 3480 hic
1684 3449 1782 3481 modo
1792 3454 1908 3491 pontus
1921 3453 1999 3479 erat·-
