2268 3776
317 315 416 367 1180

772 309 836 363 P.
897 310 1203 367 OVIDII
1257 311 1635 369 NASONIS

309 431 392 491 Te
424 451 647 512 quoque
677 429 1008 511 promissam
1037 429 1266 489 Xantho
1284 477 1298 503 ,
1325 431 1532 504 Penee,
1561 432 1824 492 Creiisam

386 525 719 585 Phthiotum
749 526 908 587 terris
939 525 1245 588 occuluisse
1276 526 1478 588 ferunt.

304 624 463 705 Quid
490 621 719 683 referam
754 623 1010 706 Asopon,
1042 645 1204 705 quem
1234 624 1384 707 cepit
1410 625 1614 685 Martia
1639 625 1832 687 Thebe
1851 642 1871 700 ,“

384 725 651 782 Natarum
677 720 871 780 Thebe
903 720 1149 803 quinque
1171 717 1360 780 futura
1386 722 1629 802 parens?
1677 777 1681 780 Δ

306 821 531 881 Cornua
560 817 607 877 si
641 832 734 876 tua
763 840 912 877 nunc
938 817 1039 876 ubi
1069 816 1211 889 sint,
1242 815 1512 890 Acheloo,
1541 819 1816 901 requiram
1834 865 1849 892 ,
2037 836 2092 878 353

384 912 641 976 Herculis
670 913 809 973 irata
837 913 1008 974 fracta
1041 936 1265 996 querere
1295 937 1479 974 manu.

302 1014 418 1073 Nec
448 1011 589 1071 tanti
620 1010 901 1093 Calydon,
926 1034 1027 1070 nec
1058 1024 1178 1070 tota
1207 1009 1416 1071 AEtolia
1444 1010 1619 1083 tanti3

388 1110 516 1168 Una
542 1123 723 1168 tamen
750 1107 889 1167 tanti
918 1107 1177 1168 Deianira
1205 1106 1329 1167 fuit.

304 1204 402 1265 Ille
431 1205 607 1265 fluens
637 1204 785 1265 dives
813 1220 1040 1289 septena
1067 1229 1169 1288 per
1198 1205 1341 1265 ostia
1364 1203 1529 1265 Nilus
1547 1251 1562 1277 ,

362 1375 430 1417 31.
461 1376 720 1418 Promissam
743 1377 918 1417 Xantho
947 1376 1158 1419 Cretisam.

309 1438 568 1497 Suspicabar
607 1439 841 1496 aliquando
877 1439 1161 1483 scribendum

306 1521 396 1547 esse
411 1536 423 1558 ,
440 1508 692 1559 promissam
711 1506 855 1547 Xutho
871 1506 1068 1547 Coeiisam
1085 1519 1097 1545 .·
1114 1511 1158 1546 et

308 1570 606 1627 intelligebam
630 1570 683 1614 de
710 1570 880 1614 Creiisa
895 1603 908 1626 ,
941 1570 1160 1614 Erecthaei

312 1637 594 1680 Athenarum
626 1638 759 1695 Regis
792 1637 880 1680 filia
895 1670 906 1691 ‚
937 1653 1033 1694 quae
1053 1637 1160 1680 Xu—

312 1702 390 1745 tho
420 1702 627 1746 Thessalo
658 1703 858 1746 Hellenis
877 1702 967 1745 filio
998 1702 1159 1759 nupsit.

310 1768 428 1810 Rem
456 1776 607 1810 narrat
636 1767 899 1822 Pausanias,
937 1767 1162 1811 Acha'i'co—

315 1849 417 1874 rum
441 1832 568 1876 initio
596 1848 606 1874 ι
639 1841 683 1875 et
713 1832 882 1875 Auctor
910 1831 964 1875 de
994 1831 1162 1888 origine

315 1898 474 1941 Gentis
501 1899 715 1941 Romanae
730 1931 741 1951 ,
774 1913 798 1940 a
818 1896 1002 1940 Schotto
1022 1895 1164 1939 editus

311 1980 404 2020 cap.
430 1981 446 2006 1
459 1981 474 2006 1
496 1997 508 2019 ,
531 1972 628 2006 tum
648 1971 692 2006 et
709 1962 781 2005 alii
798 1994 810 2016 ,
829 1962 904 2018 qui
921 1961 1091 2005 addunt
1110 1961 1162 2004 ab

312 2029 517 2087 Apolline
557 2043 850 2085 compressam
886 2027 1045 2070 Ionem
1078 2042 1164 2083 ge-

311 2096 485 2146 nuisse;
517 2104 646 2151 atque
674 2094 775 2137 hinc
810 2092 1063 2150 Apollinem
1089 2113 1165 2137 πα-

315 2169 431 2223 τρῷον
449 2159 500 2202 ab
517 2158 858 2202 Atheniensibus
873 2157 1053 2200 cultum.
1074 2155 1164 2200 Sed

321 2236 459 2282 quum
470 2223 702 2276 Pindarus,
714 2221 979 2281 Pythiorum
990 2221 1090 2266 Ode
1102 2235 1166 2276 lx,

319 2309 388 2344 22,
408 2288 622 2332 Creiisam
635 2287 825 2332 Na·1·dem
839 2288 990 2331 Terrae
1006 2287 1141 2330 filiam
1154 2320 1167 2342 ,

315 2373 409 2400 non
436 2356 757 2399 Atheniensem
787 2354 905 2398 illam
923 2387 934 2409 ,
962 2370 986 2397 a
1014 2354 1169 2397 Peneo

318 2430 508 2465 amatam
520 2421 677 2464 innuat
693 2454 704 2475 ,
721 2436 843 2463 nunc
854 2428 979 2462 muto
994 2427 1167 2463 senten-

317 2487 445 2530 tiam:
459 2486 513 2529 de
524 2486 676 2528 Xutho
687 2494 835 2528 tamen
851 2485 990 2541 placet
999 2484 1168 2540 conjec-

318 2562 417 2595 tura
429 2585 438 2602 ‚
462 2550 580 2606 quod
595 2550 629 2593 is
643 2550 875 2593 Thessalus
889 2550 1031 2592 suerit.
1046 2549 1164 2591 Xan-

317 2618 420 2661 thus
439 2625 532 2659 toto
550 2615 655 2657 orbe
679 2631 703 2656 a
728 2613 953 2657 Thessalia
971 2623 1167 2657 remotus

317 2679 616 2724 locumhicvix
624 2678 768 2721 habet:
778 2678 1018 2734 praesertirn
1029 2695 1166 2734 quum

321 2746 415 2802 ejus
432 2760 601 2789 amores
621 2742 749 2800 paulo
772 2750 873 2784 ante
893 2741 983 2798 jam
1004 2757 1166 2785 occur-

319 2813 473 2855 rerint.
487 2809 742 2869 Nympham
761 2824 935 2864 quoque
953 2806 1167 2850 Creiisam

321 2877 436 2920 hanc
450 2877 549 2919 facit
561 2875 785 2934 Diodorus
800 2872 971 2916 Siculus
986 2905 997 2928 ,
1017 2872 1089 2915 lib.
1103 2886 1165 2916 1v.

319 2941 613 2985 Bibliothecae.
629 2941 868 2983 Phthiotam
887 2946 1034 2980 autem
1049 2941 1168 2980 lerrtlc

318 3007 621 3064 reposuimus,
656 3021 707 3047 ex
737 3004 964 3048 Puteaneo
991 3001 1164 3055 codice;

318 3072 365 3114 in
388 3087 474 3127 quo
498 3073 692 3114 Phialam
708 3103 719 3120 ,
756 3082 895 3125 quum
924 3068 1167 3110 Phlie'adum

320 3144 423 3188 ante
444 3135 675 3192 legeretur.
697 3135 864 3177 HEms.

376 3199 443 3253 34.
465 3201 667 3241 Natarum
688 3199 823 3240 Thebe
839 3199 1009 3253 quinque
1015 3195 1168 3250 sulum
1203 3215 1205 3219 ¹

315 3277 483 3316 parens.
503 3262 596 3304 Has
610 3261 802 3318 quinque
821 3268 1018 3304 recenset
1031 3260 1167 3302 inter-

322 3343 422 3382 pres
443 3326 649 3381 Pindari,
674 3325 852 3384 Olymp.
874 3340 925 3368 vl
940 3359 951 3381 ,
981 3327 1079 3381 1443
1102 3325 1167 3369 his

320 3391 573 3434 nominibus
595 3408 604 3434 :
640 3393 843 3450 Corcyra,
867 3393 1049 3447 AEgt'na,
1078 3392 1168 3433 Sa-

318 3459 468 3508 lamis,
504 3458 657 3509 Thebe,
681 3465 725 3500 et
742 3458 990 3510 Harpe'naa:
1011 3471 1165 3511 easque

1239 1382 1363 1418 natas
1384 1374 1568 1431 Metope
1598 1372 1702 1418 dicit
1719 1405 1731 1428 ,
1765 1370 1868 1430 ‘quae
1887 1369 1976 1415 filia
1998 1370 2093 1414 La—

1241 1439 1382 1483 donis.
1396 1438 1487 1483 Sed
1499 1437 1685 1485 Ovidius
1698 1437 1801 1482 alios
1810 1445 1982 1481 secutus
1995 1452 2094 1480 auc-

1242 1513 1361 1549 tores
1393 1504 1571 1547 videtur
1587 1536 1598 1558 ,
1629 1503 1703 1560 qui
1723 1511 1912 1546 matrem
1934 1502 2095 1545 harum

1248 1572 1415 1614 Theben
1427 1570 1545 1624 facit,
1561 1570 1866 1624 nonMetopen:
1879 1568 1948 1611 alii
1961 1567 2096 1611 etiam

1241 1635 1387 1693 plures
1410 1634 1545 1692 Asopi
1565 1633 1672 1678 filias
1692 1640 1990 1676 annumerant
2009 1649 2019 1675 ι
2045 1641 2095 1675 ut

1246 1703 1461 1752 Cleonem,
1501 1716 1527 1743 a
1558 1715 1643 1757 qua
1671 1697 1852 1742 Cleonae
1883 1697 2096 1755 oppidum

1241 1766 1361 1823 juxta
1391 1766 1609 1811 Nemeam
1640 1780 1650 1808 :
1680 1766 1886 1807 Plaloeam
1905 1797 1917 1819 ,
1953 1779 1976 1806 a
2009 1779 2096 1819 qua

1243 1831 1407 1875 Plateae
1427 1829 1640 1887 oppidum
1662 1829 1845 1873 Boeotiae
1864 1845 1874 1872 :
1898 1831 2062 1872 Beroen
2082 1861 2093 1879 ,

1244 1913 1270 1940 a
1292 1913 1377 1953 qua
1408 1896 1552 1939 Beroe
1584 1895 1795 1952 oppidum
1817 1911 1828 1937 ε
1854 1895 1964 1938 item
1991 1893 2095 1936 Eu-

1244 1961 1393 2005 boiam
1413 1994 1425 2016 ,
1461 1977 1487 2004 a
1521 1976 1607 2018 qua
1638 1960 1790 2006 insulae
1823 1974 1990 2002 nomen
2010 1974 2019 2001 :
2053 1967 2098 2001 et

1248 2029 1453 2077 Comben,
1487 2041 1583 2082 quae
1607 2033 1651 2068 et
1676 2027 1847 2068 Chalcis
1869 2024 1983 2067 dicta
2008 2036 2018 2062 2
2043 2022 2097 2066 de

1246 2091 1401 2148 quibus
1415 2090 1575 2148 partim
1591 2089 1827 2134 Pausanias
1840 2089 1884 2131 in
1901 2089 2095 2140 Boeotia;

1246 2157 1407 2213 partim
1431 2155 1686 2199 Eustathius
1717 2155 1764 2197 in
1798 2154 1919 2198 Iliad.
1954 2162 1996 2197 B.
2031 2155 2097 2197 M.

1245 2246 1303 2254 —
1322 2220 1637 2265 Rittershusius
1657 2229 1783 2263 notat
1803 2219 1855 2263 ad
1877 2218 2098 2278 Oppiani,

1247 2287 1321 2330 lib.
1346 2304 1362 2329 1
1382 2320 1394 2342 ,
1419 2288 1470 2330 25
1484 2320 1495 2338 ‚
1516 2285 1802 2331 Herodotum
1823 2285 1928 2328 duas
1947 2284 2101 2328 nomi-

1245 2368 1353 2396 nare
1368 2351 1476 2396 filias
1489 2384 1502 2407 ,
1524 2353 1689 2394 Theben
1703 2360 1747 2395 et
1760 2352 1957 2407 AEginam
1972 2366 1982 2393 :
1996 2366 2101 2407 qua-

1247 2433 1349 2460 rum
1370 2416 1505 2468 hanc,
1534 2432 1671 2473 quum
1695 2424 1821 2473 pater
1838 2414 2000 2459 indicio
2019 2414 2100 2458 Si-

1246 2481 1372 2542 syphi
1395 2482 1664 2539 cognovisset
1686 2482 1739 2524 ab
1756 2481 1868 2524 Jove
1893 2488 2068 2537 raptam
2084 2513 2095 2531 ‚

1247 2562 1514 2604 persequens
1538 2545 1724 2588 fulmine
1750 2553 1888 2588 tactus
1915 2553 2008 2596 est;
2050 2552 2102 2586 ut

1248 2612 1380 2655 habet
1412 2610 1705 2655 Callimachus
1738 2611 1918 2667 ejusque
1948 2609 2098 2652 Scho-

1247 2676 1388 2719 liastes
1405 2709 1417 2731 ,
1456 2676 1503 2718 in
1539 2677 1710 2733 Hymn.
1740 2675 1788 2717 in
1820 2672 1999 2716 Delum.
2034 2674 2098 2731 78.

1250 2740 1473 2784 Diodorus
1491 2739 1661 2783 Siculus
1677 2772 1688 2793 ,
1719 2738 1791 2782 lib.
1813 2752 1862 2781 lv
1878 2770 1890 2792 ,
1915 2737 2099 2781 duode-

1249 2806 1336 2850 cim
1355 2805 1463 2848 filias
1483 2805 1524 2848 ei
1538 2804 1694 2858 *tribuit
1709 2837 1721 2858 ,
1748 2818 1938 2860 quarum
1955 2812 2002 2847 et
2018 2818 2095 2846 no·

1248 2871 1370 2913 mina
1393 2878 1604 2913 recenset.
1631 2869 1796 2913 BURM.

1304 2936 1478 2992 37—38.
1497 2937 1587 2979 Nec
1605 2940 1721 2977 tanti
1736 2937 1927 2992 Calydon
1930 2967 1994 2978 .....
2013 2952 2099 2978 una

1247 3007 1386 3045 tamen
1395 3000 1831 3056 lantiDei'am‘rafut’l.
1843 3001 1958 3043 Tam
1970 3017 2097 3057 grave

1250 3084 1353 3112 cum
1394 3067 1590 3111 Acheloo
1627 3076 1850 3110 certamen
1884 3068 2099 3111 Hercules

1250 3151 1341 3178 non
1378 3132 1688 3188 commisisset,
1719 3133 1753 3176 si
1777 3132 1831 3176 de
1855 3131 2098 3191 Calydonia

1250 3210 1424 3245 tantum
1438 3200 1640 3255 urbe,vel
1654 3199 1787 3243 etiam
1799 3198 1853 3242 de
1868 3204 1959 3242 tota
1973 3198 2099 3242 AEto-

1248 3266 1303 3309 lia
1344 3266 1493 3309 suisset
1529 3264 1829 3308 dimicandum
1851 3283 1862 3317 ;
1906 3262 1981 3307 sed
2011 3280 2099 3305 una

1248 3330 1460 3388 Deianira
1475 3362 1487 3383 ,
1517 3329 1702 3387 dignum
1731 3332 1846 3371 tanti
1866 3326 2096 3385 praemium

1249 3395 1496 3440 certaminis
1512 3428 1523 3449 ,
1554 3395 1600 3436 in
1622 3410 1710 3450 quo
1732 3393 1916 3437 Achelo'i'
1933 3407 2097 3436 cornua

1251 3459 1455 3504 Herculis
1476 3474 1612 3503 manu
1631 3459 1953 3515 frangerentur.
