2268 3776
680 316 1096 374 REMEDIA
1118 320 1122 323 ’
1147 316 1512 374 AMORIS.

1877 317 1985 387 433

279 434 389 498 Sed
419 449 601 497 tamen
628 434 742 496 haec
771 434 955 496 brevis
985 449 1070 495 est
1095 458 1108 494 ε
1134 433 1228 494 illa
1256 436 1516 519 perennis
1544 458 1700 519 aqua.

198 531 408 606 Fallat,
434 546 490 593 et
516 531 577 592 in
606 546 801 593 tenues
832 531 1098 593 evanidus
1126 546 1282 594 exeat
1311 556 1471 594 auras
1488 580 1503 606 ,

281 631 499 714 Perque
531 627 735 709 gradus
768 628 965 691 molles
991 627 1295 691 emoriatur
1325 653 1495 690 amor.

202 729 312 791 Sed
339 727 506 789 modo
533 724 789 787 dilectam
816 725 994 788 scelus
1024 740 1110 788 est
1137 724 1322 787 odisse
1353 725 1631 810 puellam:
1911 747 1997 788 655

283 826 485 887 Exitus
514 824 754 904 ingeniis
783 824 1042 886 convenit
1068 824 1173 885 iste
1203 822 1352 884 feris.

203 926 336 986 Non
367 946 556 984 curare
589 936 675 983 sat
700 936 821 983 est:
857 921 987 982 odio
1019 922 1116 1005 qui
1143 920 1271 982 finit
1297 944 1536 983 amorem
1555 970 1570 996 ‚

287 1023 407 1083 Aut
432 1034 608 1094 amat,
641 1033 738 1080 aut
766 1042 908 1097 aegre
940 1018 1159 1080 desinet
1188 1043 1306 1081 esse
1335 1018 1519 1082 miser.

207 1126 400 1207 Turpe
424 1170 438 1196 ‚
471 1123 556 1182 vir
585 1137 641 1184 et
669 1120 899 1194 mulier,
927 1122 1107 1203 juncti
1137 1122 1310 1183 modo
1329 1168 1344 1195 ,
1380 1124 1644 1206 protinus
1674 1125 1882 1189 hostes:

289 1228 423 1287 Non
446 1224 570 1286 illas
599 1223 725 1285 lites
756 1223 970 1308 Appias
1000 1224 1123 1308 ipsa
1149 1225 1373 1309 probat.

1923 1250 2008 1293 660

212 1329 368 1414 Soepe
397 1352 516 1391 reas
544 1327 782 1401 faciunt,
811 1342 866 1389 et
895 1342 1080 1389 amant
1106 1353 1117 1388 :
1145 1327 1245 1389 uhi
1274 1326 1429 1389 nulla
1460 1328 1712 1393 simultas

292 1428 527 1500 Incidit,
551 1427 841 1489 admonitu
869 1426 1013 1489 liber
1041 1427 1260 1490 aberrat
1288 1453 1460 1490 amor.

212 1534 378 1595 Forte
409 1532 626 1594 aderam
654 1531 842 1614 juveni
867 1556 878 1593 :
905 1531 1188 1593 dominam
1215 1531 1409 1594 lectica
1440 1533 1698 1595 tenebat:

298 1636 623 1698 Horrebant
652 1635 807 1696 saevis
840 1635 1028 1697 omnia
1052 1635 1223 1697 verba
1249 1635 1434 1697 minis.

215 1742 451 1824 Jamque
478 1739 805 1811 vadaturus;
838 1740 1060 1801 Lectica
1090 1738 1328 1823 prodeat
1351 1765 1363 1800 :
1391 1740 1592 1823 inquit.
1932 1762 2016 1805 665

299 1843 592 1905 Prodierat
619 1869 630 1903 :
660 1844 776 1905 visa
804 1844 1040 1925 conjuge
1060 1891 1074 1917 ‚
1109 1858 1298 1904 mutus
1324 1857 1459 1903 erat.

219 1950 296 2011 Et
321 1972 547 2022 manus,
578 1962 632 2008 et
659 1947 916 2008 manibus
948 1942 1197 2030 duplices
1227 1945 1471 2007 cecidere
1505 1935 1751 2008 tabellae:

303 2051 473 2112 Venit
498 2051 557 2111 in
580 2048 894 2133 amplexus3
921 2063 1087 2132 atque
1117 2049 1226 2123 ita,
1253 2047 1446 2109 Vincis
1463 2095 1478 2122 ‚
1506 2049 1599 2108 ait.

223 2240 288 2277 est
300 2230 492 2290 tegendo
503 2263 514 2285 ‚
526 2239 571 2275 et
587 2230 829 2276 occulendo
841 2231 1052 2288 injuriam
1067 2247 1079 2276 t

223 2301 402 2343 tacendo
426 2297 576 2341 minus
608 2297 771 2355 placet,
791 2313 848 2340 ne
876 2298 939 2341 bis
959 2296 1080 2341 idem

223 2363 354 2415 dican
366 2378 472 2406 nam
482 2362 696 2419 sequitur,
704 2364 762 2404 Et
768 2365 911 2404 malim
921 2368 1080 2406 taceas.

279 2429 375 2472 653.
400 2431 620 2472 Εναηίᾶω·
638 2434 764 2470 exeat
780 2444 920 2471 auras.
937 2430 1082 2470 Radi-

227 2496 338 2538 citus
356 2493 561 2536 nonnulli
581 2509 631 2536 ex
652 2492 821 2550 scriptis
839 2508 850 2536 ι
871 2491 948 2536 sed
972 2491 1084 2536 nihil

228 2568 369 2603 muto.
390 2559 576 2603 Metam.
601 2557 668 2613 V,
692 2559 772 2614 435
794 2574 805 2602 :

227 2632 426 2674 Pectomque
443 2631 477 2661 in
492 2637 606 2661 tenues
620 2629 741 2661 abeunt
753 2628 892 2661 evanida
908 2629 996 2660 rivos

283 2692 380 2748 654.
410 2693 656 2735 Emoriatur
676 2707 805 2734 amor.
837 2692 1093 2733 Emolliatur

231 2758 417 2803 vossian
422 2773 471 2800 us
480 2772 490 2800 :
499 2758 761 2800 moderatur
768 2756 879 2799 Men
885 2755 1087 2799 telianus:

231 2828 474 2868 amoveatur
487 2830 690 2879 quatuor.
707 2822 780 2865 Nil
801 2830 938 2864 muta.

287 2889 384 2945 657.
410 2889 502 2932 Nec
515 2890 726 2931 curandus
739 2889 874 2930 adest.
896 2886 1092 2945 Scaliger

232 2953 432 3010 legebat:
1061 2954 1071 2960 “

233 3023 305 3056 Nec
320 3033 435 3055 cin-me
450 3029 498 3053 sat
510 3027 573 3062 est,
585 3021 661 3054 odio
672 3022 730 3063 qui
742 3021 813 3054 finit
825 3033 978 3054 umorem.
989 3023 1033 3054 D.
1046 3024 1090 3054 Η.

237 3085 403 3142 Regius
419 3117 431 3139 ,
447 3092 493 3128 et
513 3098 594 3141 pro
612 3082 782 3127 diversa
800 3083 987 3127 lectione
1003 3084 1095 3127 Pu-

236 3158 419 3194 teaneus
435 3182 448 3205 ,
472 3152 568 3194 Non
587 3165 733 3192 curare
750 3156 823 3192 sat
836 3155 927 3193 est:
946 3166 1095 3206 neque

239 3215 365 3259 aliter
385 3214 593 3271 Scaligeri
614 3223 829 3271 excerpta.
847 3214 953 3257 Duo
968 3248 980 3270 ,
996 3217 1096 3260 Non

237 3283 450 3326 curandus
469 3285 602 3324 abest.
624 3282 720 3324 Non
741 3297 914 3324 curasse
931 3288 1004 3324 sat
1031 3288 1101 3325 est

240 3346 386 3404 prima
413 3345 562 3390 editio.
591 3346 810 3403 Sequenti
837 3362 966 3390 versu
981 3379 993 3402 ,
1015 3363 1098 3404 pro

241 3417 363 3456 amat
397 3419 441 3455 et
475 3414 633 3454 desini!
644 3446 654 3463 ‚
688 3412 835 3477 scripti
869 3412 1066 3469 plerique
1084 3445 1097 3469 ,

245 3483 360 3525 amet
369 3485 412 3521 et
425 3481 604 3521 desinat.
617 3477 725 3534 Reg.
739 3483 859 3520 amat
867 3485 911 3521 et
925 3481 1099 3522 desinet.

444 3561 537 3615 II.

1215 2231 1312 2275 660.
1336 2233 1514 2287 Appias.
1531 2232 1687 2277 Venus
1708 2233 1797 2290 ipsa
1819 2235 2022 2292 genitrix,

1162 2298 1288 2354 cujus
1306 2299 1523 2356 templum
1547 2308 1640 2343 erat
1660 2300 1705 2342 in
1730 2303 1826 2343 soro
1848 2300 1900 2344 C.
1925 2302 2024 2345 Cae-

1161 2365 1283 2414 saris:
1296 2364 1355 2409 sic
1367 2367 1678 2422 cognominata
1688 2368 1740 2411 ab
1755 2384 1865 2425 aqua
1881 2369 2025 2428 Appia

1164 2447 1261 2488 quae
1282 2431 1367 2475 illic
1390 2440 1497 2475 erat.

1221 2495 1317 2539 662.
1352 2496 1542 2538 Oberrat.
1563 2497 1751 2541 Aberta!
1770 2497 1959 2555 Regius,
1982 2508 2027 2543 et

1166 2578 1239 2606 sex
1258 2561 1328 2604 alii
1346 2580 1356 2613 ;
1381 2561 1465 2606 hoc
1486 2571 1550 2605 est
1570 2563 1672 2606 abit.

1222 2626 1319 2670 663.
1330 2629 1455 2671 Forte
1469 2633 1620 2671 aderat
1623 2630 1811 2684 juvenis.
1824 2630 1923 2674 Imo
1932 2635 2029 2675 adc-

1169 2710 1260 2737 ram
1277 2695 1437 2749 juveni
1458 2710 1558 2738 cum
1583 2694 1747 2751 Regio,
1770 2697 1998 2740 Puteaneo
2015 2732 2026 2752 ‚

1171 2774 1265 2801 uno
1277 2774 1329 2801 ex
1347 2758 1457 2802 meis
1469 2792 1481 2815 ,
1498 2767 1542 2802 et
1556 2760 1696 2816 prima
1709 2760 1902 2804 editione
1914 2778 1922 2804 τ
1933 2766 2030 2804 ade·

1171 2841 1282 2875 ram,
1307 2823 1641 2868 advocationem
1662 2826 1920 2882 praestabam
1942 2829 2028 2871 :ita

1172 2888 1277 2932 illud
1300 2905 1474 2947 quoque
1489 2890 1825 2948 intelligendum
1847 2891 1917 2935 lib.
1940 2894 2027 2950 111,
2110 2902 2112 2905 '

1174 2953 1296 2998 Artis
1318 2954 1466 2996 Amat.
1487 2955 1540 2997 53
1550 2972 1563 2997 1
1587 2970 1597 2997 :
1635 2966 1641 2969 ·

1173 3024 1315 3054 Munera
1322 3023 1375 3054 det
1386 3023 1492 3063 dives,
1504 3025 1623 3066 jusqui
1637 3025 1851 3067 profitebitur,
1864 3029 1963 3060 adsit.
1974 3029 2033 3060 In.

1175 3107 1231 3117 —
1250 3087 1432 3128 Ferebat
1457 3084 1548 3127 duo
1569 3086 1716 3143 scripti
1733 3104 1742 3129 :
1765 3089 1878 3132 sorte
1900 3090 2035 3133 etiam

1177 3152 1362 3205 legebat,
1376 3158 1425 3192 ut
1437 3149 1491 3193 de
1507 3157 1619 3194 tecla
1631 3156 1783 3195 leclt‘ca
1795 3170 1896 3197 cum
1907 3156 2035 3200 Bers-

1178 3233 1346 3260 manno
1361 3218 1556 3274 capiatur
1571 3235 1582 3270 ;
1605 3220 1679 3275 qui
1692 3231 1903 3276 sequutus
1917 3223 2035 3266 vide·

1179 3291 1253 3324 tur
1273 3283 1579 3326 auctoritatem
1594 3284 1727 3342 Lipsii
1743 3319 1754 3340 ,
1771 3286 1893 3342 lib.1‚
1916 3288 2035 3332 Elec·

1180 3357 1262 3391 tor.
1282 3364 1374 3405 cap.
1399 3364 1460 3407 19-

1235 3412 1329 3471 667.
1358 3415 1563 3468 Duplz’ces
1583 3418 1758 3457 tabellae.
1777 3416 1893 3472 Quae
1913 3418 2038 3463 vadi-

1182 3478 1321 3522 monii
1343 3479 1580 3523 formulam
1601 3482 1901 3526 continebant.

1737 3572 1807 3620 28
