2268 3776
499 312 890 370 AMORUM
941 312 1070 368 III.
1126 314 1382 370 ELEG.
1433 315 1628 371 XIII.

1850 334 1962 390 219

175 433 251 492 Et
277 429 435 491 vituli
454 477 469 503 ‚
497 430 747 491 nondum
775 430 1070 491 metuenda
1098 430 1278 491 fronte
1308 433 1578 503 minaces3
1913 450 1962 491 15

258 531 332 589 Et
357 528 540 588 minor
567 551 632 588 ex
658 527 855 588 humili
881 528 1101 589 victima
1130 552 1335 611 porcus
1367 530 1497 590 hara
1520 554 1533 601 ;

176 627 416 708 Duxque
446 625 627 703 gregis
656 649 830 686 cornu
860 649 960 708 per
989 640 1240 709 tempora
1274 627 1412 687 dura
1438 651 1686 688 recurvo.

257 722 440 782 Invisa
469 736 553 782 est
582 721 818 783 dominae
845 721 965 782 sola
993 721 1207 806 capella·
1230 722 1377 782 Deae.

174 817 334 879 Illius
361 819 570 879 indicio
602 819 753 880 silvis
785 820 1006 880 inventa
1035 820 1142 881 sub
1171 817 1299 880 altis

257 915 479 975 Dicitur
505 915 801 999 incoeptam
830 916 1145 977 destituisse
1173 915 1377 994 fugam.
1911 947 1965 976 20

172 1013 338 1073 Nune
368 1037 591 1096 quoque
617 1037 716 1097 per
744 1037 947 1097 pueros
973 1012 1169 1094 jaculis
1199 1011 1496 1073 incessitur
1528 1011 1688 1073 index
1711 1036 1724 1086 ;

254 1111 331 1170 Et
356 1110 598 1193 pretium
627 1111 839 1171 auctori
866 1110 1110 1172 vulneris
1139 1109 1263 1193 ipsa
1292 1108 1473 1168 datur.

175 1205 305 1287 Qua
332 1221 563 1268 ventura
590 1209 707 1269 Dea
738 1222 846 1280 est,
870 1207 1096 1289 juvenes
1125 1206 1439 1289 timidaeque
1468 1204 1665 1289 puellae

253 1304 603 1365 Praeverrunt
627 1305 764 1366 latas
794 1319 943 1367 veste
970 1306 1186 1387 jacente
1217 1303 1349 1364 vias.

174 1405 428 1485 Virginei
458 1408 637 1470 crines
666 1433 831 1482 aure,
866 1431 1189 1491 gemmaque
1216 1420 1579 1490 premuntur:
1911 1425 1967 1467 αῖ»

256 1510 333 1571 Et
361 1510 500 1590 tegit
519 1526 749 1573 auratos
777 1510 922 1595 palla
952 1511 1193 1596 sup‘erba
1221 1508 1407 1593 pedeS.

178 1693 327 1730 autem
343 1685 550 1730 meminit
568 1687 613 1731 et
630 1686 783 1744 Virgil.
800 1686 847 1731 in
866 1686 1028 1746 Georg.

175 1763 216 1794 11
228 1784 240 1807 ,
268 1751 345 1807 146
363 1767 376 1795 .·
394 1753 508 1795 Hinc
523 1755 636 1803 albi,
670 1754 875 1796 Clitumne
887 1786 898 1804 ‚
939 1769 1032 1809 gre-

171 1834 248 1873 ges
262 1851 272 1869 ‚
308 1823 352 1861 et
367 1821 555 1861 maxima
575 1824 721 1862 laurus
749 1820 930 1862 Victima
950 1828 1031 1863 etc.

177 1882 238 1925 Et
253 1882 367 1926 Plin.
387 1881 494 1925 min.
515 1895 630 1937 v111,
654 1882 735 1940 Ep.
756 1884 807 1936 8;
833 1882 1031 1933 solebant

175 1946 297 1992 enim
315 1964 367 1992 ex
386 1947 545 1992 eodem
570 1965 674 2006 agro
691 1982 703 2005 ,
728 1957 908 2007 propter
927 1966 1028 1993 can-

175 2013 348 2071 dorem,
366 2013 498 2060 etiam
513 2015 705 2059 Romam
724 2016 919 2060 accersiri
936 2016 1028 2060 vic-

174 2081 306 2126 timae.
911 2079 917 2088 ”

234 2162 252 2189 ι
260 2150 296 2191 5.
311 2147 536 2190 metuenda
535 2146 683 2203 fronte
693 2151 890 2190 minaces.
903 2146 1030 2190 Alter

175 2213 450 2268 Puteaneus,
475 2217 687 2258 metuendi
693 2214 840 2271 fronte
861 2218 1029 2257 minaci.

234 2280 297 2324 16.
309 2283 372 2324 Et
381 2283 516 2324 mt‘nor
527 2296 580 2323 ex
593 2283 746 2324 humili
758 2284 932 2324 vt‘ctinm
946 2289 1028 2324 etc.

179 2344 295 2402 Quae
317 2345 498 2402 majores
521 2344 708 2389 victimae
728 2377 739 2400 ,
772 2360 868 2401 quae
891 2348 1028 2387 mino-

175 2428 242 2455 res
257 2446 269 2464 ‚
305 2427 330 2455 e
352 2411 476 2455 Livio
497 2420 541 2455 et
561 2412 651 2456 aliis
670 2411 716 2455 in
738 2420 918 2468 promtu
938 2411 1032 2455 col-

175 2475 310 2534 ligere
331 2483 409 2519 est.
438 2477 645 2520 Viclimas
664 2484 813 2520 autem
831 2485 928 2534 post
943 2476 1029 2520 vic·

176 2542 337 2586 toriam
355 2559 366 2595 ;
389 2540 465 2585 sed
482 2557 621 2599 quum
641 2542 688 2585 in
703 2541 877 2586 hostem
892 2542 1030 2598 irent,

176 2608 340 2650 hostias
352 2605 661 2662 immolabant,
677 2607 821 2663 inquit
838 2607 961 2651 Serv.
974 2606 1030 2650 ad

177 2672 283 2716 AEn.
300 2687 318 2716 1
334 2706 346 2728 ,
369 2673 464 2717 338.
485 2672 664 2716 Rectius
679 2706 691 2729 ,
713 2674 748 2716 si
762 2677 959 2717 victimas
973 2672 1028 2716 de

177 2740 416 2797 majoribus
427 2739 541 2783 sumi
556 2739 727 2784 dixisset
745 2758 754 2793 ;
778 2742 942 2783 hostias
957 2756 1029 2783 ve-

176 2821 248 2860 ro,
273 2804 327 2848 de
348 2805 593 2849 minoribus
607 2822 703 2862 quae
721 2814 822 2848 ante
842 2821 935 2849 aras
954 2821 1030 2849 ca-

179 2868 341 2913 debant
355 2902 367 2924 ,
389 2870 659 2913 animalibus.

237 2949 300 2992 ¹9·
316 2935 439 2976 Illius
453 2937 608 2977 indicio
623 2937 752 2992 sylvis
767 2938 935 2979 inuenta
950 2937 1029 2977 sub
1059 2952 1063 2955 “

178 3000 282 3040 altis
300 3006 380 3041 etc.
403 2998 478 3041 Bis
495 2999 649 3056 fugisse
667 3000 698 3042 J
702 3015 791 3042 uno
810 2999 997 3042 traditur
1018 3012 1028 3039 ε

178 3062 337 3118 semel,
359 3063 535 3120 quando
564 3065 684 3121 virgo
707 3064 847 3109 adhuc
867 3067 1028 3109 Jovem

180 3127 341 3170 amoris
355 3128 542 3183 impulsu
555 3129 673 3171 illam
689 3139 1028 3186 persequentem

179 3192 403 3249 fugiebat:
436 3208 524 3248 quo
550 3202 749 3250 tempore
776 3195 952 3251 Jupiter
982 3212 1027 3238 se

181 3258 315 3301 etiam
334 3258 380 3300 in
396 3259 599 3301 cuculum
611 3291 622 3313 ‚
645 3260 907 3304 convertisse
926 3259 1027 3303 dici-

180 3332 254 3366 tur
267 3357 279 3379 ,
298 3333 346 3367 ut
358 3325 602 3382 fugientem
620 3341 670 3367 ea
687 3325 826 3382 specie
845 3326 1026 3369 falleret.

185 3389 337 3446 Quam
354 3406 479 3434 avem
493 3390 563 3433 illa
578 3399 725 3447 postea
743 3391 882 3448 cepit,
902 3401 945 3434 et
959 3393 1028 3435 in—

183 3453 427 3501 terludicra
441 3472 518 3500 sua
536 3455 688 3502 habuit
708 3472 716 3502 :
738 3465 785 3501 ut
803 3456 847 3500 in
870 3453 1026 3502 Corin·

1110 1685 1261 1731 thiacis
1279 1682 1805 1742 17,meminitPausanias.
1815 1681 1873 1726 Et
1889 1682 1967 1726 ite-

1111 1766 1214 1794 rum
1233 1784 1245 1805 ,
1266 1749 1443 1807 quando
1462 1749 1536 1792 Dii
1558 1748 1856 1793 communiter
1872 1764 1965 1790 om·

1110 1831 1189 1858 nes
1218 1815 1427 1872 sugerunt
1453 1813 1499 1857 in
1531 1812 1776 1872 AEgyptum
1797 1846 1809 1868 ,
1842 1822 1966 1855 metu

1111 1881 1368 1942 Gigantum.
1394 1880 1483 1925 Sed
1515 1880 1585 1924 hic
1612 1879 1665 1923 de
1694 1879 1839 1938 priore
1866 1880 1965 1937 suga

1112 1947 1358 2006 intelligere
1382 1946 1546 1989 malim.
1569 1946 1742 1989 chu.

1165 2028 1230 2056 20.
1265 2014 1535 2055 Deslilm'sse.
1572 2012 1830 2054 Desia'lm'sse
1851 2013 1964 2052 viam

1109 2078 1311 2121 Francos.
1334 2092 1415 2134 pro
1435 2075 1604 2119 diversa
1622 2074 1823 2118 lectione.
1850 2076 1966 2116 Indi-

1108 2149 1190 2189 ciis
1203 2160 1378 2202 quoque
1397 2144 1618 2187 Palatinus
1634 2142 1801 2200 primus
1815 2174 1826 2196 ,
1846 2150 1894 2184 ut
1908 2141 1967 2183 ita

1098 2213 1283 2269 judei-iis
1298 2211 1353 2254 de
1368 2226 1456 2267 quo
1473 2210 1571 2253 vide
1589 2210 1642 2253 ad
1667 2210 1747 2267 Ep.
1763 2222 1820 2251 111
1836 2241 1848 2262 ,
1875 2209 1966 2262 ¹04·

1166 2294 1230 2319 21.
1267 2279 1438 2321 Jaculis
1475 2279 1699 2319 incessitur
1726 2276 1856 2317 index
1884 2281 1970 2316 etc.

1113 2341 1307 2400 Capella,
1322 2342 1479 2386 scilicet
1494 2357 1590 2399 quae
1607 2341 1817 2384 latentem
1831 2338 1968 2398 insyl-

1110 2410 1174 2454 vis
1190 2411 1422 2453 Junonem
1446 2413 1604 2452 indicio
1633 2406 1837 2466 prodidit.
1871 2406 1967 2463 Qui

1110 2492 1215 2520 vero
1230 2492 1253 2519 e
1266 2476 1412 2534 pueris
1430 2476 1579 2534 jaculis
1590 2478 1767 2518 incessit
1781 2473 1963 2528 felicius,

1109 2541 1247 2599 ipsam
1271 2541 1403 2596 tollit,
1428 2540 1620 2585 victoriae
1642 2538 1887 2597 praemium.

1164 2608 1229 2661 24.
1252 2609 1507 2649 Praeerrunl
1525 2608 1642 2648 latas
1660 2610 1774 2648 ueste
1793 2604 1968 2657 jacente

1110 2674 1219 2714 vias.
1251 2670 1423 2714 Auctor
1446 2670 1613 2713 Moreti
1631 2703 1642 2724 ‚
1665 2687 1705 2713 v.
1728 2686 1778 2711 22
1798 2684 1808 2711 :

1182 2745 1185 2746 ⁷
1244 2768 1282 2779 ...
1297 2748 1340 2779 Et
1355 2747 1481 2778 cinctus
1495 2747 1620 2777 villosae
1640 2753 1764 2785 tergore
1777 2755 1902 2786 capre,

1106 2810 1278 2843 Proverrit
1293 2809 1395 2839 caud·
1407 2809 1513 2839 silices
1528 2807 1753 2849 gremiumque
1767 2806 1928 2836 molarum
1944 2815 1954 2836 ε

1107 2871 1184 2914 ubi
1225 2870 1465 2914 insolenter
1515 2873 1719 2924 gremium
1766 2869 1967 2909 molarum

1110 2937 1216 2981 dixit
1238 2950 1248 2977 :
1269 2937 1348 2981 sed
1370 2938 1509 2981 scribe
1532 2953 1542 2979 :

1107 3008 1280 3038 Praeverrit
1293 3007 1395 3038 eat-da
1410 3007 1516 3036 silices
1527 3029 1538 3044 ,
1557 3005 1744 3046 gremioque
1756 3004 1906 3035 molares.

1117 3071 1285 3111 Gremio
1299 3100 1310 3121 ,
1344 3066 1388 3108 id
1410 3075 1474 3109 est
1495 3081 1633 3122 caprae
1651 3074 1822 3122 tergore
1844 3098 1855 3119 ,
1880 3081 1968 3121 quo

1110 3135 1277 3178 cinctus
1295 3142 1388 3176 erat
1407 3149 1417 3175 t
1439 3132 1499 3175 sic
1519 3138 1626 3187 {05⁷oe
1640 3135 1838 3187 gremium
1859 3131 1965 3174 Flo-

1108 3216 1183 3242 rus
1196 3199 1301 3241 dixit
1313 3211 1322 3237 t
1335 3214 1450 3240 unus
1461 3206 1609 3240 tamen
1624 3196 1851 3240 Mediceus
1866 3230 1878 3251 ‚
1896 3214 1966 3239 ve-

1109 3267 1274 3306 larunt:
1290 3278 1403 3305 unus
1414 3261 1652 3305 Vaticanus
1663 3294 1675 3315 ,
1688 3264 1968 3305 Praebuerunl.

1110 3329 1140 3371 J
1143 3328 1329 3370 unianus
1343 3359 1354 3380 ,
1370 3328 1623 3368 Praeeerlunl
1632 3341 1646 3379 ‚·
1665 3325 1771 3368 alius
1784 3325 1963 3368 Vatica-

1110 3410 1194 3437 nus
1206 3426 1217 3447 ‚
1235 3394 1483 3435 Slmverunl.
1498 3392 1628 3434 Forte
1645 3394 1965 3446 ,Praeslemunl.

1165 3460 1233 3503 25.
1262 3459 1514 3515 Gemmaque
1525 3462 1777 3512 premuntur.
1802 3457 1966 3501 Putea-
