2268 3776
518 273 908 330 AMORUM
958 274 1050 328 II.
1101 274 1346 331 ELEG.
1406 276 1587 332 XIV.
1835 300 1937 355 ¹²9

249 390 523 453 Vidissem
550 389 762 463 nullos,
794 405 968 451 matre
998 404 1256 464 necante,
1294 391 1426 455 dies.

166 486 323 567 Quid
350 486 569 572 plenam
596 485 817 547 fraudas
845 486 1012 547 vitem
1041 487 1415 549 crescentibus
1443 488 1597 560 uvis;

247 585 529 668 Pomaque
558 581 766 644 crudeli
794 581 950 643 vellis
980 583 1176 645 acerba
1201 586 1405 644 manu?

166 681 375 765 Sponte
404 679 578 741 fluant
602 694 821 741 matura·
843 703 942 740 sua
966 704 978 740 ε
1011 680 1128 741 sine
1158 702 1397 741 crescere
1423 694 1548 740 nata
1572 705 1584 741 ε
1892 701 1945 743 25

245 779 347 839 Est
377 778 615 862 pretium
643 801 819 861 parvae
847 799 962 837 non
987 775 1103 838 leve
1131 776 1243 837 vita
1271 800 1452 838 morae.

165 875 362 935 Vestra
394 874 528 957 quid
558 873 805 935 effoditis
837 873 1100 956 subjectis
1129 873 1336 934 viscera
1364 871 1515 947 telis;

245 973 320 1031 Et
347 970 598 1032 nondum
628 971 773 1032 natis
803 970 921 1031 dira
947 994 1154 1031 venena
1184 969 1364 1031 datis?

167 1066 438 1129 Colchida
465 1091 770 1151 respersam
798 1090 1095 1150 puerorum
1127 1067 1394 1147 sanguine
1420 1066 1670 1151 culpant,

244 1166 432 1250 Atque
464 1189 562 1226 sua
591 1187 787 1225 caesum
816 1178 986 1225 matre
1016 1178 1325 1248 queruntur
1351 1166 1494 1247 Ityn.
1897 1186 1948 1233 30

164 1263 410 1345 Utraque
438 1284 574 1322 saeva
599 1283 826 1345 parens;
852 1259 948 1321 sed
978 1260 1231 1322 tristibus
1254 1274 1486 1344 utraque
1517 1262 1696 1323 causis

242 1361 469 1420 Jactura
497 1358 633 1419 socii
665 1357 950 1435 sanguinis
979 1356 1097 1417 ulta
1125 1357 1320 1418 virum.

163 1456 371 1530 Dicite,
405 1455 528 1540 quis
553 1456 789 1527 Tereus,
824 1452 949 1536 quis
975 1476 1075 1513 vos
1102 1453 1280 1514 irritet
1305 1456 1499 1527 Iason,

245 1554 439 1632 Figere
461 1550 702 1613 sollicita
733 1574 966 1633 corpora
994 1566 1173 1612 vestra
1198 1555 1409 1614 manu?

167 1651 294 1710 Hoc
323 1671 505 1732 neque
534 1647 592 1707 in
623 1646 902 1707 Armeniis
931 1646 1100 1726 tigres
1129 1647 1302 1709 fecere
1331 1648 1557 1710 latebris
1583 1674 1594 1708 :
1902 1669 1955 1711 35

249 1747 613 1810 Perdere.nec
642 1744 809 1806 foetus
836 1767 968 1805 ausa
997 1743 1166 1805 leaena
1194 1769 1344 1806 suos·

167 1845 248 1906 At
272 1858 473 1905 tenerae
501 1841 740 1914 faciunt,
772 1840 867 1901 sed
896 1864 1014 1901 non
1043 1840 1303 1925 impune,
1333 1840 1545 1924 puellae.

247 1943 432 2025 Saepe,
460 1926 782 2010 suosutero
812 1962 934 2021 quae
961 1952 1148 2012 necat,
1179 1938 1487 2022 ipsaperit.

168 2121 276 2167 dum
303 2120 458 2180 Vir-gil.
487 2128 531 2165 et
550 2127 657 2165 aestu
681 2135 783 2163 vere
803 2133 991 2163 romano
1003 2151 1015 2174 ,

170 2183 382 2231 AE'neidm
397 2219 409 2242 ,
442 2201 525 2245 ²90
541 2201 552 2230 :

167 2262 331 2296 Nascetur
344 2261 481 2305 pulchra
499 2263 663 2302 ijanus
679 2259 803 2301 origine
825 2260 931 2292 Coesnr
942 2284 953 2300 ‚

169 2322 348 2366 Imperium
362 2322 492 2354 Oce-no
502 2345 514 2360 ,
528 2320 650 2352 samum
661 2320 721 2363 qui
736 2322 888 2352 terminet
901 2322 998 2353 nstris
1006 2346 1016 2361 ‚

170 2386 189 2417 J
194 2385 281 2416 nlius
297 2395 316 2415 ι
329 2394 445 2425 magno
457 2383 635 2414 demissum
649 2392 766 2413 nomen
784 2383 873 2413 Iulo.

167 2469 224 2478 —
237 2443 504 2499 Futurafuit.
519 2445 677 2486 Futura
679 2441 810 2497 soret,
829 2441 1018 2485 Sars-avii

172 2518 216 2553 et
235 2508 487 2567 quindecim
507 2507 578 2550 alii
595 2521 698 2551 cum
724 2506 864 2563 prima
886 2506 989 2549 edit.

225 2591 291 2617 22.
319 2575 458 2616 Matre
467 2578 643 2616 necante
657 2605 670 2627 ,
692 2574 793 2614 dies.
815 2573 1016 2628 Negante,

171 2640 347 2698 quidam
368 2656 379 2684 :
396 2639 472 2683 sed
492 2639 619 2682 male.

226 2706 291 2749 23.
327 2707 444 2759 Quid
469 2708 640 2761 plenam
663 2705 852 2760 fraudas
892 2708 1019 2747 vilem

168 2773 445 2822 crescentibus
469 2776 560 2814 uois
578 2784 593 2823 ,⁶
633 2773 846 2827 Pomaque
862 2773 1026 2814 crudeli

169 2839 294 2880 vellis
312 2838 466 2879 acerba
481 2853 606 2880 manu
621 2840 645 2881 ?
676 2837 808 2880 Hanc
834 2844 1016 2879 senten-

171 2900 276 2943 tiam
289 2933 302 2955 ,
318 2900 462 2957 paucis
474 2901 668 2953 mutatis,
693 2917 716 2943 e
732 2901 907 2943 Tibullo
924 2913 982 2943 111
1002 2933 1015 2955 ,

172 2964 239 3008 El.
255 2979 302 3020 v,
325 2983 390 3025 19,
411 2967 572 3023 accepit
584 2966 736 3023 ,cujus
750 2967 882 3009 verba
893 2974 1017 3010 sunt:

172 3040 263 3081 Quid
266 3039 437 3083 fraudare
453 3041 547 3081 juvat
562 3042 663 3072 vitem
676 3041 895 3072 crescentibus
913 3041 987 3073 uvis
1001 3040 1020 3071 Ἰ

212 3101 255 3132 Et
268 3100 365 3132 modo
377 3107 453 3131 nutu
467 3101 550 3132 mata
563 3101 681 3132 vellere
697 3112 794 3142 poma
808 3113 908 3132 manu
918 3102 936 3132 ?

227 3165 294 3205 25.
316 3162 466 3217 Sponte
461 3163 607 3217 fluant
615 3167 780 3204 matura
790 3178 880 3205 sua.
892 3162 1019 3219 Inep-

175 3236 218 3270 ta
238 3235 302 3270 est
322 3226 414 3270 haec
440 3226 724 3282 compositi03
760 3225 919 3268 idcirco
934 3258 946 3280 ,
970 3235 1019 3269 ut

173 3300 239 3336 est
267 3292 313 3335 in
341 3291 528 3348 antiquis
552 3291 790 3344 codicibus,
824 3290 884 3332 ita
909 3291 1016 3334 scri-

173 3357 369 3401 bendum
389 3374 398 3400 :
421 3362 567 3412 sponte
596 3373 676 3399 sua
700 3358 1017 3410 maturastuent.

175 3422 304 3466 Mam
313 3426 472 3466 Fluant
481 3427 643 3465 malum
650 3421 1018 3475 sua‚Puteaneus,

329 3506 420 3560 II.

1100 2125 1146 2162 et
1155 2133 1268 2162 unus
1280 2117 1446 2162 Moreti
1458 2133 1469 2162 ε
1481 2118 1606 2162 multi
1613 2152 1624 2173 ,
1624 2119 1771 2174 fiuent.
1787 2119 1952 2162 Eurus.

1157 2185 1222 2226 28.
1241 2184 1432 2227 Nondum
1446 2187 1572 2226 natis:
1595 2183 1804 2226 Francius
1817 2183 1955 2225 male-

1099 2247 1187 2301 bat,
1200 2254 1322 2295 nato:
1334 2246 1600 2301 offendebat,
1616 2247 1703 2291 scil.
1721 2247 1954 2307 rhythmus

1099 2313 1170 2356 ille
1185 2345 1197 2367 ,
1215 2315 1332 2356 dalis
1344 2322 1389 2357 et
1399 2317 1514 2358 natis
1528 2330 1541 2355 .·
1559 2313 1619 2357 sic
1635 2312 1716 2370 Ep.
1728 2326 1833 2367 vul,
1856 2313 1952 2357 135:

1141 2383 1184 2413 Et
1203 2383 1350 2415 nondum
1367 2390 1446 2414 nato
1462 2383 1586 2414 funeris
1601 2390 1715 2414 unctor
1729 2384 1805 2414 eris.

1154 2461 1220 2503 29.
1242 2445 1449 2487 Colchida
1458 2459 1684 2500 respersam
1701 2452 1782 2488 etc.
1805 2444 1953 2501 Argu-

1100 2518 1254 2552 mento
1274 2509 1428 2563 utitur,
1450 2517 1501 2553 ut
1515 2518 1700 2565 vocant,
1728 2526 1758 2552 a
1771 2510 1950 2564 fortiori.

1100 2573 1148 2617 Si
1165 2574 1306 2625 enim,
1330 2575 1475 2631 inquit
1487 2607 1499 2629 ,
1517 2574 1680 2619 Medea
1693 2583 1737 2618 et
1751 2576 1923 2619 Procne
1937 2610 1949 2629 ,

1098 2646 1307 2682 natorum
1326 2639 1443 2685 caede
1462 2640 1669 2695 infames,
1702 2642 1862 2684 merito
1896 2642 1949 2683 ab

1099 2704 1303 2749 omnibus
1330 2715 1611 2761 execrantur,
1647 2707 1746 2750 licet
1766 2706 1820 2749 ad
1844 2715 1951 2749 tan-

1099 2778 1196 2813 tum
1215 2771 1382 2815 facinus
1413 2772 1543 2815 iratas
1566 2771 1790 2828 impulerit
1811 2772 1949 2814 mari-

1099 2844 1247 2878 torum
1267 2836 1476 2893 perfidia;
1500 2846 1666 2893 quanto
1687 2837 1822 2894 magis
1842 2837 1888 2879 in
1903 2851 1948 2881 se

1067 2956 1074 2960 Ἣ
1097 2900 1168 2944 illa
1189 2901 1279 2946 odii
1299 2902 1548 2955 concitabit,
1566 2917 1662 2958 quae
1679 2903 1751 2945 tali
1772 2902 1827 2945 de
1844 2919 1951 2946 cau-

1097 2983 1165 3020 sa,
1187 2971 1376 3017 sciHcet,
1399 2973 1449 3009 ut
1480 2974 1627 3010 careat
1656 2977 1736 3011 etc.
1770 2969 1947 3026 proprio

1097 3033 1144 3075 in
1165 3041 1290 3075 utero
1310 3032 1526 3074 infantem
1547 3032 1703 3076 occidit
1723 3034 1733 3075 !

1152 3098 1218 3141 31.
1241 3098 1369 3139 Sava.
1385 3099 1519 3148 Dira,
1546 3098 1769 3142 Palatinus
1781 3099 1947 3156 primus

1099 3170 1142 3204 et
1155 3162 1415 3205 Vaticanus:
1428 3162 1486 3204 ita
1499 3165 1595 3206 dira
1603 3179 1798 3216 noverca,
1829 3164 1951 3221 Epis·

1099 3227 1185 3270 tola
1207 3241 1298 3281 xn,
1327 3227 1414 3270 188.

1151 3293 1218 3334 35.
1247 3293 1343 3334 Hoc
1360 3307 1488 3348 neque
1507 3301 1586 3336 etc.
1605 3293 1918 3350 Neapolitanus
1933 3327 1944 3347 ,

1097 3358 1195 3399 Hoc
1225 3373 1351 3411 neque
1383 3363 1632 3402 marmoreis.
1667 3359 1799 3402 Forte
1837 3375 1917 3416 pro
1935 3392 1945 3413 ,

1098 3423 1378 3464 Marmaricis.
1412 3421 1580 3470 HEINS.

1685 3530 1721 3583 9
