2268 3776
546 332 942 391 AMORUM
994 334 1084 388 II.
1139 330 1383 389 ELEG.
1441 332 1579 387 XV.

1847 331 1943 385 133

166 455 264 516 Me
294 476 418 533 gere
436 498 450 526 ‚
485 475 656 535 quum
688 450 880 513 calidis
906 448 1254 534 perfunderis
1284 447 1563 509 imbribus
1594 460 1744 506 artus
1772 470 1785 518 3

247 551 568 631 Damnaque
600 547 704 608 sub
738 570 949 626 gemma
977 546 1159 630 perfer
1187 546 1371 607 euntis
1401 567 1570 628 aquae.

169 648 278 711 Sed
307 662 476 732 puto,
512 661 563 707 te
592 645 772 719 nuda,
800 668 920 706 mea
947 644 1193 706 membra
1223 641 1457 703 libidine
1485 654 1740 718 surgent,
1902 659 1956 700 25

249 746 323 805 Et
350 767 606 827 peragam
634 757 818 827 partes
849 740 1087 803 annulus
1114 738 1204 801 ille
1237 739 1358 800 viri.

169 840 331 902 Irrita
366 839 501 923 quid
532 840 778 899 moneo?
815 838 1051 899 Parvum
1082 835 1428 921 proficiscere
1457 857 1660 894 munus
1685 858 1699 907 ;

250 934 352 997 Illa
380 935 561 997 datam
590 950 771 996 tecum
795 934 995 995 sentiat
1015 955 1136 995 esse
1158 931 1349 993 fidem!

223 1089 290 1134 23.
318 1090 552 1147 Pefimdes
567 1093 766 1135 imbribus
777 1096 912 1134 artus.
925 1093 1022 1135 Pet·-

158 1155 315 1212 fundis
334 1154 454 1200 idem
474 1157 740 1201 Puteaneus.
762 1155 913 1199 Scribe
921 1171 1024 1211 per-

160 1220 386 1278 [κώπη
408 1221 536 1267 obvio
558 1220 671 1279 apud
692 1229 841 1279 poetas
868 1219 1024 1264 latinos

173 1286 408 1345 graecismO.
444 1286 517 1331 Sic
536 1286 606 1330 lib.
631 1300 668 1339 1,
705 1287 890 1331 Metam.
914 1285 996 1341 484
1011 1316 1023 1340 ,

174 1367 227 1395 ex
248 1351 438 1409 antiquis
457 1350 702 1396 codicibus:

172 1420 312 1454 Pulchr·
327 1421 511 1454 verecundo
522 1420 724 1453 suffunditur
742 1430 797 1453 orn
810 1419 940 1452 rubore.
957 1419 1004 1451 H.

229 1483 295 1538 24.
323 1481 470 1539 Perfer
490 1486 638 1526 cunm.
659 1482 775 1541 Lege
792 1515 802 1533 ,
823 1490 1027 1538 transpo-

175 1546 266 1593 sitis
303 1548 474 1608 syllabis
496 1581 508 1604 ,
541 1549 619 1604 ser
651 1552 865 1605 pereuntis
900 1563 1028 1604 aqua.

178 1613 369 1658 Martial.
389 1627 480 1669 ΧΠ,
507 1614 655 1672 Epigr.
677 1616 701 1657 5
719 1629 730 1658 t

219 1684 262 1715 m
272 1683 438 1725 pereunti·
450 1694 542 1725 aqua
554 1682 674 1715 fluctus
688 1683 810 1725 ubique
823 1689 926 1715 sonat.
943 1683 984 1714 D.

178 1743 321 1788 Locus
339 1743 406 1788 his
427 1743 651 1788 obscurior
665 1776 677 1799 ,
700 1760 783 1787 nec
804 1743 857 1786 ab
879 1743 1029 1786 inter-

180 1808 374 1867 pretibus
389 1809 490 1854 satis
503 1809 752 1867 explicatus‚·
767 1808 842 1852 sed
859 1808 927 1851 illa
938 1822 1030 1850 ver-

179 1873 235 1924 ba
262 1876 339 1917 sub
354 1890 517 1931 gemma
542 1874 682 1918 nolim
707 1874 902 1918 construi
929 1887 1031 1917 cum

181 1955 300 1997 aque
312 1944 474 1993 enaim
496 1941 614 1997 quasi
637 1955 747 1997 aqua
761 1940 841 1983 sub
858 1955 1031 1997 gemma

180 2003 266 2048 iret
280 2036 292 2059 ,
315 2012 360 2048 et
379 2002 481 2048 inde
503 2004 718 2050 damnum
739 2005 924 2048 inferret
945 2004 1030 2059 illi,

183 2078 235 2114 ut
264 2069 488 2115 obscurior
506 2070 584 2115 fiat
605 2070 708 2115 :sed
738 2073 816 2114 sub
842 2086 1030 2127 gemma,

185 2133 344 2180 dicitur
374 2151 464 2180 esse
492 2135 633 2193 puella
650 2169 661 2191 ,
685 2152 782 2193 quae
813 2150 1034 2197 gemmam

186 2199 322 2257 digito
335 2201 464 2259 gerit:
477 2209 527 2245 ut
537 2205 614 2246 sub
626 2218 729 2246 auro
738 2236 748 2252 ,
766 2217 846 2259 pro
861 2210 1034 2255 aurato,

187 2267 265 2308 sub
284 2269 414 2310 armis
426 2299 437 2316 ,
453 2282 534 2323 pro
554 2275 737 2310 armato.
753 2266 919 2311 Sivero
934 2282 1037 2310 cum

188 2329 346 2373 Douza
365 2330 581 2389 legamus,
601 2332 677 2387 set
695 2336 932 2387 pereuntis,
957 2347 1039 2375 ca-

192 2393 407 2452 piendum
451 2395 505 2439 de
536 2411 648 2453 aqua
664 2429 676 2451 ,
709 2412 843 2453 quam
876 2396 1041 2439 ancillae

194 2459 381 2516 aquarioe
402 2461 657 2517 portabant,
672 2460 726 2504 de
745 2477 830 2518 qua
851 2460 904 2504 ad
920 2461 945 2504 l.
958 2474 1038 2516 111,

196 2525 396 2584 Eleg.vn
410 2560 421 2582 ,
438 2529 514 2583 843
532 2536 576 2572 et
597 2527 716 2585 quod
737 2529 908 2586 egregie
930 2529 1043 2573 illus-

195 2599 338 2637 tratur
355 2592 437 2636 illis
458 2610 510 2636 ex
529 2608 586 2638 111
601 2628 613 2649 ,
635 2594 732 2638 Art.
753 2595 854 2638 Am.
872 2595 950 2653 96:

195 2661 299 2701 Quid,
306 2661 370 2692 nisi
377 2672 477 2703 quam
484 2672 606 2701 sumes,
619 2662 672 2693 dic
684 2662 780 2702 mihi,
788 2663 896 2705 perdis
906 2663 1044 2706 nquam?

197 2720 285 2766 Sed
307 2737 389 2779 ego
406 2722 627 2779 vulgatam
649 2738 774 2767 servo
789 2757 801 2779 ‚
818 2724 918 2781 quia
931 2724 1045 2769 Ovi-

198 2784 293 2830 dius
311 2795 525 2845 perpetuo
547 2787 767 2832 adhaerere
788 2789 942 2846 puelloe
957 2805 1045 2834 suae

198 2851 368 2898 volebat
382 2870 393 2905 ;
405 2852 591 2911 ideoque
603 2863 721 2898 recte
729 2855 881 2911 perfer,
902 2854 947 2898 id
963 2864 1042 2910 est,

200 2931 429 2973 nunquam
438 2917 626 2976 depone,
639 2921 727 2964 sive
738 2921 892 2964 laveris
904 2921 950 2964 in
961 2921 1047 2964 bal·
1075 2958 1078 2960 .

200 2995 288 3022 neo
305 3012 317 3035 ,
331 2980 424 3024 ..sive
439 2990 483 3025 te
501 2982 686 3028 flumine
702 2985 800 3028 vivo
821 2985 1047 3042 prolueris.

200 3066 256 3076 —
277 3044 386 3089 Haec
404 3045 686 3094 Burmannus
708 3082 720 3103 ,
755 3066 888 3107 quem
908 3051 1048 3095 miror

200 3124 303 3152 sane
316 3142 327 3161 ,
350 3110 542 3166 priorem
559 3145 571 3168 ,
607 3115 682 3172 qui
701 3131 792 3158 sese
809 3116 1020 3160 offerebat
1033 3149 1045 3171 ,

201 3189 382 3218 sensum
411 3191 504 3219 non
522 3179 740 3232 ¹tenuisse3
762 3195 846 3223 nec
865 3182 1055 3236 &perfer

203 3239 256 3282 ad
276 3242 434 3283 damna
452 3242 646 3287 retulisse
664 3277 675 3298 ,
716 3260 767 3287 ex
785 3261 896 3301 aqua
908 3279 920 3297 ,
955 3261 1052 3303 quae

205 3321 426 3362 gemmam
447 3312 621 3360 subiret,
645 3310 691 3352 in
727 3310 885 3354 balneo
916 3327 1053 3369 :·quae

206 3369 368 3419 damna
385 3374 545 3422 nullius
565 3385 668 3422 sunt
683 3377 798 3434 apud
815 3376 1049 3435 Ovidium,

1106 1087 1352 1133 dummodo
1384 1087 1600 1132 annulum
1636 1087 1836 1132 Corinna
1865 1101 1961 1129 non

1106 1154 1313 1214 deponat.

1161 1222 1227 1264 25.
1258 1221 1345 1264 Sed
1350 1225 1458 1275 pulo
1473 1225 1513 1263 le
1523 1223 1638 1265 m'sa.
1667 1221 1725 1262 Te
1739 1220 1854 1261 nuda
1868 1218 1964 1262 Pu-

1107 1294 1289 1331 teaneus
1310 1294 1353 1331 et
1374 1285 1464 1329 duo
1486 1286 1579 1337 alii,
1597 1301 1701 1329 cum
1721 1285 1750 1327 J
1756 1283 1868 1328 ureti
1888 1300 1965 1327 ex-

1108 1351 1279 1409 cerptis.
1303 1350 1513 1407 Quatuor
1531 1350 1676 1408 scripti
1690 1382 1702 1404 ,
1720 1351 1834 1406 quod
1842 1365 1964 1391 mem·

1110 1420 1187 1460 bra
1199 1433 1212 1460 .·
1227 1424 1313 1460 tres
1326 1449 1337 1471 ,
1351 1421 1452 1473 quia
1468 1433 1481 1459 ‚⁰
1502 1424 1609 1474 puto
1622 1448 1633 1471 ,
1648 1417 1758 1458 mihi
1770 1417 1964 1458 membra.

1163 1481 1229 1523 26.
1252 1483 1315 1524 Et
1322 1487 1506 1536 peraffel.
1523 1484 1728 1536 Peragam
1743 1479 1860 1523 idem
1880 1480 1965 1523 Pu-

1109 1553 1292 1590 teaneus
1307 1579 1319 1600 ,
1339 1561 1442 1589 cum
1463 1545 1783 1589 Barberiniano
1808 1553 1853 1587 et
1873 1559 1966 1587 uno

1111 1610 1279 1655 Moreti
1297 1628 1307 1656 ε
1327 1610 1417 1654 duo
1438 1610 1531 1666 alii,
1549 1626 1727 1666 perages
1741 1627 1752 1652 :
1775 1609 1935 1653 deinde
1950 1642 1966 1663 ,

1107 1678 1291 1719 annulus
1309 1678 1405 1727 ille,
1431 1691 1511 1733 pro
1529 1679 1645 1731 ipse,
1666 1674 1884 1718 meliores.
1906 1675 1967 1718 11.

1165 1757 1229 1798 27.
1253 1742 1370 1794 Quid
1383 1757 1543 1784 moneo.
1560 1740 1653 1783 Etsi
1670 1739 1826 1783 referri
1843 1755 1967 1797 posse

1109 1797 1311 1849 videatur
1333 1803 1387 1848 ad
1410 1804 1453 1848 id
1469 1838 1481 1860 ‚
1516 1804 1634 1862 quod
1657 1820 1788 1862 supra
1807 1805 1973 1847 monuit

1112 1871 1300 1928 puellam
1316 1903 1328 1926 ,
1350 1886 1407 1914 ne
1430 1870 1582 1914 timeat
1609 1886 1654 1914 se
1689 1870 1832 1913 lavare
1863 1886 1965 1913 cum

1112 1936 1277 1980 annulo
1294 1969 1306 1991 ‚
1329 1944 1374 1979 et
1394 1935 1556 1979 damna
1577 1935 1646 1979 illa
1667 1951 1790 1993 aqua:
1811 1936 1965 1993 perse-

1112 2012 1202 2047 rat:
1221 2012 1369 2047 tamen
1384 2004 1451 2047 vel
1472 2020 1637 2062 magno
1652 2004 1835 2061 pignore
1856 2019 1967 2047 con-

1115 2068 1335 2113 tenderim
1359 2103 1371 2125 ,
1404 2078 1582 2127 poetam
1615 2069 1825 2127 scriptum
1857 2068 1969 2111 reli-

1115 2134 1255 2191 quisse
1273 2167 1284 2189 ,
1320 2151 1446 2178 voveo
1468 2151 1481 2178 ,⁰
1503 2134 1563 2178 ita
1589 2135 1708 2178 enim
1729 2148 1880 2177 sensus
1907 2140 1973 2175 est

1116 2199 1308 2255 apertior
1324 2232 1335 2254 ,
1358 2208 1403 2243 et
1422 2200 1481 2243 sic
1501 2200 1547 2242 in
1570 2197 1804 2242 horrendae
1822 2205 1972 2241 vetus-

1117 2266 1214 2309 tatis
1233 2266 1381 2310 codice
1403 2266 1573 2324 legitur,
1602 2266 1785 2322 Expone
1808 2264 1983 2322 igitur-:1

1118 2347 1244 2374 voveo
1257 2363 1270 2386 ,
1294 2330 1340 2375 id
1361 2340 1425 2374 est
1437 2364 1450 2385 ,
1465 2331 1594 2388 cupio
1616 2346 1746 2374 :nam
1761 2345 1857 2387 quae
1876 2345 1974 2372 ma-

1120 2412 1312 2454 gnopere
1335 2397 1551 2454 cupimus,
1566 2412 1617 2439 ea
1632 2412 1655 2439 a
1669 2396 1764 2439 Diis
1778 2395 1969 2438 immor-

1120 2461 1274 2505 talibus
1294 2462 1484 2506 solemus
1512 2462 1624 2506 votis
1656 2470 1819 2519 petere.
1850 2461 1971 2505 Hinc

1122 2527 1386 2584 quandoque
1404 2543 1547 2571 vovere
1560 2526 1774 2585 signifieat
1790 2525 1973 2570 deside-

1121 2608 1246 2643 rare;
1270 2601 1314 2635 et
1331 2599 1472 2635 votum
1487 2627 1498 2643 ,
1523 2591 1804 2636 desiderium.
1839 2593 1972 2635 MAR.

1122 2680 1177 2689 ——
1195 2659 1386 2700 Parvum.
1419 2657 1719 2701 Mentelianus
1735 2690 1747 2711 ,
1770 2672 1943 2712 parcum
1960 2689 1970 2705 ,

1107 2723 1236 2779 ,bene
1258 2739 1268 2765 :
1288 2723 1346 2766 ita
1360 2740 1496 2778 parca
1515 2727 1692 2770 crimina
1718 2722 1854 2766 MSS.
1877 2721 1975 2766 Art.

1126 2787 1228 2830 Am.
1239 2801 1295 2830 111
1308 2821 1319 2842 ,
1332 2788 1383 2830 32
1395 2792 1583 2844 :parcior
1592 2789 1725 2830 libido
1737 2803 1750 2829 .·
1761 2786 1863 2829 ibid.
1879 2787 1973 2829 281:

1126 2869 1178 2896 ex
1203 2853 1340 2897 MSS.
1368 2853 1506 2911 Epist.
1536 2851 1724 2911 Cydipp.
1748 2851 1979 2895 80:11'nlca

1119 2935 1255 2975 parca
1265 2935 1277 2961 :
1283 2923 1458 2974 parcius
1463 2920 1657 2974 fielium,
1669 2930 1702 2971 1,
1716 2916 1978 2971 Amonwn,

1127 2986 1183 3045 69
1199 3001 1209 3028 t
1225 3000 1383 3040 parcus
1401 2999 1575 3034 succus,
1599 2996 1619 3024 1
1634 3015 1646 3036 ,
1669 2983 1800 3026 Pont.
1822 2982 1898 3026 ult.
1914 2983 1977 3026 H.

1129 3049 1219 3093 Sed
1243 3066 1417 3105 parvum
1438 3048 1621 3105 praesero
1639 3063 1649 3090 z
1662 3064 1838 3103 parcum
1858 3048 1979 3091 enim

1131 3115 1354 3158 avaritiam
1386 3113 1599 3156 indicaret
1614 3131 1624 3165 ;
1641 3129 1816 3169 parvum
1841 3129 1947 3157 vero
1965 3146 1977 3167 ‚

1130 3181 1295 3225 bonam
1314 3179 1587 3241 voluntatem
1601 3211 1613 3234 ,
1636 3179 1716 3223 etsi
1737 3178 1881 3223 desint
1901 3178 2005 3221 di-‘

1132 3246 1260 3289 vitiae.
1280 3245 1444 3288 Eunu.

1191 3312 1255 3355 28.
1270 3313 1443 3355 Senlz‘al.
1457 3312 1607 3366 Forte,
1618 3316 1800 3354 censeat.
1812 3311 1980 3363 &alim

1138 3376 1361 3438 Gryphius
1383 3385 1427 3422 et
1446 3377 1759 3424 Bersmannus.
