2268 3776
331 334 438 404 343

800 335 864 389 Ρ.
911 334 1214 392 OVIDII
1264 333 1633 390 NASONIS

407 452 521 511 Nec
553 449 771 532 tepidus
800 450 1015 533 pluvias
1045 452 1284 512 concitat
1312 453 1516 512 Auster
1541 474 1724 534 aquas,

328 551 468 607 Ecce
501 547 606 606 tibi
637 547 860 621 similis,
889 549 985 631 qui
1017 548 1293 631 quondam
1322 548 1585 632 Phryxou
1612 563 1666 608 et
1687 545 1886 607 Hellen

2023 564 2097 621 175

408 644 622 704 Diceris
649 647 803 705 Ino’l's
832 646 1095 727 eripuisse
1123 644 1305 703 dolis·

326 740 435 799 Hic
461 741 636 800 undas
665 741 936 812 imitatus,
961 742 1132 800 habet
1162 763 1384 822 quoque
1409 764 1612 801 nomeu
1638 741 1706 801 ab
1735 740 1898 801 undis
1921 765 1935 798 τ

409 837 749 897 Crediderim
774 838 1058 920 Nymphas
1084 837 1187 896 hac
1219 860 1319 914 ego
1344 852 1491 897 veste
1520 838 1648 916 tegi.

326 930 427 992 Ille
459 956 679 993 crocum
711 932 933 993 simulat
958 958 970 993 ε
998 956 1191 993 croceo
1221 931 1430 992 velatur
1459 932 1686 1003 amictu,

410 1030 652 1090 Roscida
681 1029 938 1090 luciferos
970 1053 1143 1112 quum
1165 1029 1285 1088 Dea
1309 1028 1496 1109 jungit
1523 1051 1712 1110 equos.

2029 1046 2104 1086 180

325 1125 435 1185 Hic
466 1126 703 1209 Paphias
730 1140 940 1209 myrtos
966 1150 978 1184 ε
1009 1125 1102 1184 hic
1128 1148 1434 1207 purpureas
1463 1123 1829 1205 amethystoS‚

408 1221 742 1282 Albentesve
771 1244 922 1281 rosas
940 1267 954 1293 ‚
984 1221 1362 1280 Thre‘iciamve
1390 1243 1599 1298 gruem.

327 1325 442 1385 Nee
470 1324 720 1403 glandeS‚
755 1322 1046 1407 Amarylli‚
1077 1338 1213 1396 tuae,
1239 1346 1340 1383 nec
1363 1319 1648 1405 amygdala
1678 1320 1878 1380 desunt
1901 1365 1917 1392 ‚

410 1431 487 1488 Et
514 1453 613 1488 sua
642 1427 936 1488 velleribus
965 1427 1189 1486 nomina
1224 1450 1347 1487 cera
1381 1425 1548 1486 dedit.

332 1530 492 1609 Quot
512 1555 656 1591 nova
685 1545 826 1590 terra
854 1530 1002 1612 parit
1028 1529 1189 1590 flores
1206 1576 1221 1603 ,
1255 1534 1427 1611 quum
1455 1551 1578 1589 vere
1609 1525 1819 1609 tepenti
2034 1540 2108 1583 185.

336 1707 452 1751 Vide
463 1708 642 1752 Salmas.
654 1707 840 1751 Exercit.
851 1706 965 1751 Plin.
979 1723 1074 1766 pag.
1092 1708 1185 1762 1433

335 1773 411 1815 ubi
430 1773 615 1816 Tertull.
637 1773 781 1816 locum
801 1772 1001 1816 similiter
1019 1789 1184 1816 emen-

336 1837 434 1890 dat;
459 1847 503 1881 et
520 1855 613 1895 pag.
630 1839 711 1898 399
725 1848 769 1882 et
790 1854 882 1895 770·
903 1839 1064 1882 BURM.

361 1954 363 1957 Ι
384 1920 412 1959 ⁷¹
424 1905 487 1958 75.
511 1905 625 1945 Ecce
649 1907 732 1945 libi
746 1906 901 1945 similis
915 1937 925 1953 ‚
951 1907 1027 1959 qui
1047 1919 1189 1958 quon-

338 1968 437 2008 dam
461 1975 540 2010 etc.
563 1966 802 2010 Galbinum
823 1965 1036 2020 colorein,
1056 1966 1130 2022 qui
1146 1975 1190 2009 et

339 2047 512 2085 aureus,
532 2031 733 2088 intelligit
748 2032 928 2075 Salmas.
945 2032 996 2075 ad
1017 2031 1190 2088 Vopisc.

340 2096 492 2138 Aurel.
513 2112 603 2152 cap.
625 2097 691 2150 34.
715 2096 817 2140 Vid.
835 2106 880 2140 et
895 2096 1093 2139 Turneb.
1114 2109 1188 2149 1v,

344 2160 575 2204 Adve'rsar.
596 2177 686 2218 cap.
709 2161 775 2204 23.

403 2243 491 2283 177.
519 2228 616 2269 Hic
644 2229 782 2270 undas
811 2230 1001 2269 imitatus
1018 2260 1030 2279 ,
1066 2229 1196 2269 habet

342 2306 500 2347 quoque
519 2307 666 2333 nomen
695 2294 751 2333 ab
777 2294 913 2334 undis.
942 2291 1013 2334 De
1046 2291 1196 2348 glauco

344 2355 489 2398 colore
510 2388 523 2409 ‚
558 2372 692 2412 quem
726 2356 920 2399 eundem
951 2366 996 2399 et
1026 2359 1196 2415 hyulum

346 2422 553 2479 adpellari
573 2423 677 2466 dicit
693 2456 704 2478 ,
721 2424 898 2480 exponit
914 2424 1032 2467 hunc
1050 2424 1197 2467 locum

349 2487 538 2530 Merula,
570 2487 659 2531 Sed
691 2505 836 2544 neque
870 2488 963 2532 haec
989 2489 1197 2545 expositio

347 2568 427 2609 per
447 2552 595 2595 omnia
610 2552 808 2608 procedit
823 2569 834 2596 ε
847 2568 941 2595 non
962 2553 1083 2596 enim
1094 2556 1200 2611 bya-

348 2619 462 2658 linus
486 2616 606 2658 color
635 2617 720 2671 (ita
748 2617 870 2660 enim
894 2618 966 2660 ἀπὸ
992 2627 1058 2662 τοῦ
1088 2620 1199 2662 ὑάλου

349 2680 435 2724 dici
457 2689 576 2723 recte
607 2679 737 2737 puto)
760 2682 879 2724 idem
901 2692 944 2725 et
969 2683 1044 2738 qui
1069 2683 1200 2740 glau—

350 2762 450 2789 cus:
472 2745 549 2788 sed
569 2745 755 2800 vitreus,
779 2746 880 2788 vitri
908 2748 1200 2803 perspicuita-

350 2819 444 2853 tem
456 2811 665 2854 referens.
677 2810 852 2854 Deinde
866 2827 1012 2867 neque
1022 2813 1072 2854 ab
1083 2812 1202 2855 unda

349 2889 516 2917 nomen
546 2890 676 2917 suum
702 2874 831 2918 habet
851 2878 1042 2930 glaucus.
1082 2876 1203 2919 For—

349 2941 471 2983 tassis
494 2949 642 2984 autem
665 2949 793 2997 poeta
812 2957 915 2983 eum
935 2940 1127 2983 colorem
1144 2943 1205 2984 si-

352 3006 559 3063 gnificat,
585 3006 703 3049 unde
729 3012 867 3049 vestes
888 3008 1098 3050 undulata.-
1126 3007 1204 3049 di—

354 3081 538 3114 cuntur:
555 3071 932 3128 quemadmodum
950 3087 974 3114 a
988 3071 1204 3116 fluctuum

356 3136 501 3178 colore
515 3169 525 3187 ‚
549 3137 638 3179 sive
660 3138 799 3194 specie
816 3169 828 3192 ,
851 3140 1083 3195 cymuliles.
1103 3139 1206 3182 Sive

357 3199 412 3241 de
434 3199 589 3243 iisdem
609 3200 902 3257 intelligamus
922 3202 1143 3261 cymatiles
1163 3211 1207 3245 et

355 3263 589 3309 undulatas
604 3298 615 3319 ‚
636 3266 723 3309 sive
747 3266 800 3309 de
825 3266 1027 3321 diversis,
1041 3275 1090 3309 ut
1109 3268 1209 3323 qui-

353 3330 538 3373 busdam
573 3331 748 3374 videtur
766 3365 781 3386 ,
807 3333 881 3388 qui
910 3333 1057 3375 locum
1089 3332 1208 3376 hunc

355 3404 496 3450 poetae
512 3394 565 3438 de
584 3396 774 3454 cymatili
791 3397 934 3440 colore
948 3432 958 3448 ‚
982 3398 1069 3441 sive
1090 3407 1208 3441 veste

359 3459 586 3516 accipiunt.
599 3461 876 3506 Undulatam
888 3471 1035 3508 autem
1044 3471 1207 3508 vestem

1267 1705 1518 1764 intelligunt
1539 1718 1663 1759 eam,
1689 1718 1822 1761 quam
1851 1702 2112 1759 κυμὸάλλωτον

1266 1772 1397 1829 vulgo
1418 1770 1597 1829 quidam
1617 1776 1787 1812 vocant.
1810 1767 1985 1810 MlcYL.

1301 1832 1306 1837 ”
1328 1853 1418 1895 ¹79·
1452 1837 1604 1878 Croceo
1628 1835 1792 1877 velatur
1806 1835 1976 1874 amictu.
2001 1832 2111 1874 Cro-

1268 1907 1407 1945 cotam
1430 1910 1475 1945 et
1505 1902 1756 1945 crocotulam
1782 1899 1953 1943 Nonius
1982 1897 2113 1940 Mar—

1270 1967 1402 2011 cellus
1422 1976 1548 2010 vocat
1569 1965 1710 2009 crocei
1736 1963 1890 2009 coloris
1920 1971 2084 2006 vestem
2103 1994 2113 2013 ‚

1273 2032 1496 2089 quomodo
1507 2040 1551 2075 et
1562 2033 1777 2081 caltulam,
1795 2046 1819 2072 a
1832 2029 1976 2073 colore
1985 2027 2117 2071 caltae.

1274 2097 1404 2141 Idem
1431 2097 1551 2142 color
1577 2100 1714 2140 luteus
1732 2101 1777 2139 el
1794 2099 1996 2139 crocinus.
2017 2091 2118 2136 Vid.

1274 2163 1475 2207 Nonium
1494 2163 1543 2205 in
1562 2163 1732 2205 Luleus.
1765 2161 1932 2203 Hssms.

1334 2229 1426 2272 180.
1453 2230 1607 2283 Jungit
1616 2243 1751 2283 equos.
1766 2226 1917 2277 blavit,
1936 2223 2121 2280 Regius;

1277 2299 1411 2337 mouet
1425 2326 1437 2346 ‚
1459 2291 1684 2343 Lincoln.;
1712 2294 1882 2346 mergit,
1904 2288 2125 2332 Palatinus

1278 2376 1405 2403 unus.
1419 2361 1584 2403 Lucida
1595 2359 1782 2413 rorzfluos
1793 2390 1803 2407 ‚
1819 2355 2001 2400 Palatin.
2015 2371 2026 2408 ;
2038 2370 2125 2397 ros·

1279 2428 1379 2468 cida
1391 2439 1619 2480 purpureos
1633 2457 1643 2474 ‚
1667 2422 1697 2465 J
1700 2420 1899 2465 unianus.

1339 2507 1355 2532 1
1363 2490 1428 2543 84.
1448 2491 1512 2531 Et
1525 2504 1607 2531 sua
1617 2490 1836 2531 velleribus
1849 2489 2018 2529 nomina
2029 2499 2127 2527 cera

1281 2556 1411 2597 dedit.
1435 2552 1530 2609 Qui
1555 2552 1677 2596 color
1704 2555 1868 2594 cerinus
1898 2549 2077 2600 dicitur,
2101 2561 2123 2589 a

1282 2634 1371 2675 quo
1395 2620 1622 2672 Cet-inani,
1645 2616 1720 2673 qui
1747 2615 1894 2659 cerina
1911 2646 1923 2668 ,
1949 2612 1994 2655 id
2027 2620 2089 2655 est
2111 2644 2121 2664 ,

1279 2683 1398 2727 'cerei
1412 2683 1566 2727 coloris
1578 2690 1717 2725 vestes
1733 2680 1930 2736 tingunt,
1949 2676 2036 2720 sive
2053 2676 2124 2716 in—

1283 2747 1451 2791 ficiunt.
1469 2748 1625 2803 Neque
1646 2748 1842 2788 ceruleus
1855 2742 1974 2785 color
1987 2757 2011 2783 a
2028 2757 2125 2783 cera

1284 2813 1466 2868 dicitur,
1483 2821 1533 2855 ut
1552 2812 1728 2855 Merula
1747 2808 1975 2867 putatzsed
1995 2816 2044 2851 ut
2056 2824 2127 2851 ce-

1285 2879 1368 2922 teri
1389 2877 1688 2936 etymologici,
1706 2893 1729 2920 a
1747 2875 1839 2919 caeli
1859 2872 2128 2931 apparentia,

1284 2943 1373 2986 sive
1392 2942 1533 2999 specie
1550 2974 1562 2996 ‚
1584 2941 1705 2997 quasi
1724 2943 1928 2983 caeluleus.
1950 2939 2009 2981 Et
2027 2937 2133 2980 illud

1287 3007 1508 3064 Propertii
1521 3007 1567 3050 in
1584 3007 1837 3049 Vertumno
1850 3037 1861 3059 ,
1886 3005 1969 3058 IV,
1988 3002 2054 3045 El.
2070 3015 2108 3044 11
2121 3034 2132 3054 ‚

1289 3075 1356 3127 42,
1373 3071 1491 3129 quod
1504 3070 1682 3128 quidam
1697 3070 1910 3127 adlegant,
1934 3070 2137 3111 Coeruleus

1288 3141 1495 3188 cucumis,
1516 3138 1748 3192 tumidoque
1769 3136 1985 3178 cucurbita
1999 3138 2140 3175 ventre

1290 3212 1370 3247 ete.
1390 3202 1499 3246 nihil
1519 3201 1573 3244 ad
1593 3217 1688 3245 rem
1709 3206 1973 3257 praesentem
2000 3196 2100 3239 facit
2123 3212 2132 3238 :

1290 3284 1430 3324 quum
1446 3267 1504 3311 ibi
1517 3283 1609 3310 non
1629 3280 1843 3324 cyaneum
1856 3296 1867 3318 ,
1884 3263 1958 3319 qui
1972 3261 2135 3305 Graecis

1291 3332 1498 3377 caeruleus
1517 3331 1692 3388 proprie
1712 3338 1799 3381 est;
1821 3328 1897 3373 sed
1914 3327 2077 3370 flavum
2093 3342 2141 3368 ac

1291 3413 1469 3442 cereum
1488 3396 1680 3439 colorem
1692 3428 1704 3449 ,
1717 3393 1850 3450 qualis
1861 3392 1908 3434 in
1923 3405 2139 3435 cucume—

1290 3462 1411 3507 ribus
1427 3461 1642 3515 cernitur‚
1664 3457 1888 3516 significet.
1910 3456 2086 3500 Mlcn.
