2268 3776
280 318 386 387 248

722 322 787 374 P.
853 322 1151 378 ovlnll
1199 301 1577 382 NASONIS
1641 326 1646 333 ’

355 436 583 508 Parthe‚
615 436 820 496 malum
842 438 953 519 jam
982 463 1127 500 nunc
1159 441 1312 501 Mars
1344 457 1472 503 tuus
1504 466 1666 503 omen
1694 443 1878 505 habet.

274 535 429 611 Ergo
462 534 566 593 erit
592 532 686 594 illa
716 535 862 608 dies,
897 560 1005 619 qua
1034 553 1121 610 tu,
1151 537 1518 619 pulcherrime
1545 564 1725 600 rerum
1745 588 1760 612 ‚

357 631 619 708 Quatuor
642 632 700 690 in
728 632 901 693 niveis
927 657 1122 694 aureus
1152 634 1263 693 ibis
1293 635 1481 717 equis?

273 727 447 788 Ibunt
476 740 599 786 ante
631 726 822 800 duceS‚
855 721 1064 789 onerati
1095 728 1235 790 colla
1264 731 1495 803 cateniS‚

1963 764 2042 792 21.»

350 827 433 885 Ne
463 824 682 906 possint
710 825 844 897 tuti,
878 850 985 908 qua
1013 827 1193 908 priuS‚
1226 850 1341 887 esse
1364 826 1511 905 fuga.

269 920 615 1004 Spectabunt
642 920 752 982 laeti
773 922 1025 1004 juveneS‚
1056 923 1347 1006 mixtaeque
1374 922 1610 1006 puellae;

346 1018 747 1102 Diffundetque
777 1020 988 1081 animos
1017 1021 1279 1081 omnibus
1308 1021 1416 1081 ista
1446 1020 1577 1080 dies.

261 1119 448 1200 Atque
479 1115 663 1198 aliqua
691 1141 754 1177 ex
784 1116 894 1177 illis
926 1142 1098 1200 quum
1128 1120 1346 1196 Regum
1375 1118 1605 1177 nomina
1635 1132 1874 1200 quaeret,

345 1215 486 1294 Quae
513 1214 657 1287 loca,
691 1215 787 1297 qui
816 1231 1032 1275 montes
1049 1263 1063 1287 ‚
1099 1239 1281 1298 quaeve
1306 1216 1554 1276 ferantur
1581 1238 1736 1298 aquae
1759 1239 1773 1289 ;
1825 1240 1829 1244 ·

1956 1244 2038 1274 220

266 1309 471 1371 Omnia
497 1311 772 1393 responde
798 1336 810 1370 :
835 1335 935 1371 nec
964 1325 1177 1371 tantum
1209 1313 1256 1372 si
1286 1336 1394 1394 qua
1422 1311 1671 1390 rogabit3

343 1408 418 1466 Et
446 1432 565 1490 quae
590 1408 876 1480 nescieris,
907 1423 972 1468 ut
1000 1409 1140 1468 bene
1171 1423 1307 1468 nota
1328 1456 1342 1481 ‚
1373 1410 1528 1469 refer.

262 1505 368 1566 Hic
403 1520 486 1566 est
514 1507 853 1589 EuphrateS,
883 1507 1209 1588 praecinctus
1239 1506 1507 1566 arundine
1535 1505 1812 1567 fiontem:

341 1603 448 1661 Cui
478 1627 633 1663 coma
661 1602 935 1685 dependet
956 1602 1176 1677 caerula,
1211 1603 1397 1682 Tigris
1425 1604 1544 1664 erit.

259 1759 420 1818 Georg.
446 1774 504 1803 111
522 1794 533 1815 ‚
567 1762 654 1815 30.)
692 1761 746 1804 ad
777 1778 971 1820 pugnam
1003 1779 1106 1806 mox

258 1827 443 1870 acriores
464 1828 680 1870 reversuri
701 1844 710 1870 :
731 1827 890 1871 deinde
911 1845 1016 1871 vero
1037 1829 1104 1872 si-

256 1891 433 1934 mulatae
464 1908 614 1935 veram
638 1926 650 1947 ‚
685 1909 817 1948 quam
850 1893 1072 1936 ominatur
1089 1927 1100 1948 ‚

254 1959 404 2014 sugam
416 1973 657 2015 opponens,
673 1958 792 2001 addit
805 1959 968 2003 ironice
981 1975 991 2001 :
1007 1962 1110 2015 quid

252 2027 410 2073 melos,
434 2026 611 2076 Parme,
634 2027 831 2080 relinquis
846 2029 869 2070 Ρ
890 2024 992 2081 quid
1009 2025 1103 2068 Ro-

254 2104 425 2143 manos,
437 2104 543 2144 quos
557 2094 693 2131 victos
706 2089 797 2144 jam
811 2089 932 2132 solita
949 2089 1103 2133 fraude

252 2155 504 2209 praesumis,
526 2158 745 2210 relinquis,
770 2163 814 2197 et
828 2155 954 2211 fugis
978 2155 1067 2212 ipse
1086 2185 1098 2210 ‚

252 2223 372 2277 quasi
392 2222 559 2265 victus?
581 2222 699 2266 Nihil
719 2222 789 2266 hic
808 2222 935 2266 video
951 2256 962 2277 ,
983 2223 1101 2280 quod

252 2302 345 2329 non
381 2287 597 2343 aptissime
637 2304 739 2331 cum
773 2296 925 2331 mente
960 2297 1099 2344 poetae

250 2361 463 2408 congruat
479 2369 490 2405 ;
508 2352 615 2396 dum
634 2369 767 2409 quem
786 2369 837 2396 ex
858 2353 1099 2396 Heinsiana

246 2415 435 2459 lectione
462 2434 640 2468 sensum
674 2433 799 2461 eruas
816 2452 827 2473 ,
867 2419 935 2461 vix
977 2419 1098 2476 capio

247 2481 598 2538 intelligendum.

302 2546 396 2588 213.
426 2548 540 2602 Ergo
559 2552 640 2590 erit
656 2551 735 2591 illa
754 2551 845 2592 dies
865 2558 945 2593 etc.
969 2549 1095 2606 Quos

248 2621 399 2655 mente
410 2614 607 2669 praesagit
619 2615 863 2671 triumphos
875 2649 886 2670 ,
899 2617 990 2671 jam
1005 2617 1097 2660 des-

248 2676 375 2719 cribit
395 2685 444 2719 ut
463 2694 589 2723 veros
609 2687 737 2735 poeta
750 2711 761 2733 ‚
779 2688 822 2722 et
839 2681 885 2722 in
903 2680 1096 2723 mediam

247 2757 339 2784 sese
370 2758 576 2799 pompam
592 2776 604 2797 ,
626 2760 727 2786 cum
756 2753 949 2788 amatore
966 2778 978 2799 ‚
1000 2745 1095 2787 im·-

248 2809 383 2852 mittit
401 2827 410 2861 ς
434 2810 508 2852 ubi
535 2811 603 2852 vix
620 2810 875 2853 mirandum
893 2811 991 2853 satis
1010 2827 1095 2868 qua

248 2883 339 2917 arte
356 2874 410 2917 ad
422 2891 518 2918 rem
531 2876 796 2932 propositam
809 2875 982 2929 redeat,
994 2891 1095 2932 qua-

247 2956 331 2995 que
351 2941 589 2983 verborum
601 2941 824 2995 felicitate,
845 2958 867 2983 a
884 2941 1091 2997 grandio-

245 3005 366 3047 ribus
398 3004 450 3047 ad
492 3005 654 3048 leviora
685 3015 888 3049 transeat.
906 3029 959 3037 —
982 3008 1094 3060 Ergo

245 3074 327 3111 erit
342 3072 431 3112 illa.
455 3070 521 3113 Ita
543 3070 651 3113 Stat.
670 3084 727 3113 III
745 3104 756 3125 ,
781 3070 936 3114 Silv.11
953 3103 965 3124 ‚
994 3084 1092 3127 127:

245 3144 330 3184 Ergo
346 3144 407 3174 erit
420 3145 473 3175 illa
488 3145 574 3184 dies,
592 3157 656 3186 qua
673 3152 704 3176 te
721 3147 844 3187 majora
857 3147 991 3177 daturus

246 3205 349 3235 Caesar
360 3205 400 3235 ab
414 3206 547 3236 emerito
566 3205 677 3247 jubeat
693 3207 856 3238 discedere
870 3207 966 3239 bello.

245 3265 349 3310 Non
370 3274 520 3309 tamen
542 3267 826 3311 invenustum
841 3301 853 3322 ‚
874 3267 989 3325 quod
1012 3268 1092 3311 ha-

243 3331 319 3374 bet
344 3331 479 3374 codex
500 3333 682 3389 Regius,
714 3336 891 3387 Quando
920 3338 999 3377 erit
1014 3337 1092 3376 illa

243 3399 335 3438 dies
360 3413 373 3438 .-
404 3397 522 3452 quod
553 3397 791 3443 vehemens
826 3398 1091 3443 desiderium

245 3460 459 3518 exprimit.
479 3462 641 3506 BURM.

1242 1766 1335 1818 214.
1348 1764 1515 1809 Aureus
1530 1766 1614 1807 ibis
1628 1766 1755 1820 equit.
1773 1761 2033 1808 Notandum

1186 1847 1291 1874 vero
1306 1831 1377 1874 hic
1388 1836 1447 1874 ire
1458 1836 1504 1874 in
1521 1835 1636 1887 equit
1648 1830 1776 1888 poni,
1799 1845 1880 1886 pro
1900 1845 2032 1873 curru

1189 1896 1311 1950 vehi,
1327 1912 1466 1952 quum
1480 1896 1604 1938 aliter
1618 1911 1698 1952 pro
1712 1895 1905 1951 equitare
1917 1893 2031 1936 sumi

1184 1961 1342 2004 soleat:
1357 1961 1428 2003 lib.
1444 1973 1473 2004 v
1489 1993 1501 2015 ,
1525 1960 1656 2004 Trist.
1674 1960 1795 2016 Eieg.
1815 1973 1904 2013 VII,
1926 1960 1976 2012 14
1994 1973 2004 2000 ε

1224 2030 1286 2060 Per
1298 2029 1421 2060 medias
1435 2029 1468 2059 in
1482 2029 1574 2070 equis
1589 2029 1678 2070 itque
1694 2028 1842 2069 reditque
1854 2027 1936 2058 vias.

1185 2091 1258 2135 Sic
1272 2095 1410 2134 venire
1427 2094 1472 2134 in
1482 2094 1597 2146 equis·
1611 2089 1766 2132 Florus
1780 2088 1851 2131 lib.
1861 2101 1927 2142 IV,
1944 2104 1978 2130 c.
1993 2105 2029 2130 2.

1184 2158 1313 2212 Super
1335 2171 1460 2212 equos
1475 2159 1534 2198 ire
1557 2153 1720 2198 Justin.
1739 2167 1812 2196 xm
1831 2185 1842 2207 ‚
1865 2153 1904 2195 3.
1935 2151 2030 2207 Qui

1183 2231 1229 2266 et
1251 2226 1446 2278 plaustro
1464 2226 1524 2265 ire
1555 2221 1659 2264 dixit
1678 2221 1751 2263 lib.
1772 2234 1821 2262 XI
1835 2253 1846 2270 ‚
1872 2235 1962 2275 cap.
1983 2236 2026 2274 7,

1183 2287 1332 2331 Livius
1351 2288 1422 2330 lib.
1435 2299 1586 2330 XXVIII
1597 2318 1608 2341 ‚
1621 2303 1648 2345 9
1658 2301 1668 2328 τ
1679 2288 1826 2341 Itaque
1836 2288 1917 2327 iret
1923 2286 2034 2326 alter

1184 2354 1346 2397 Consul
1360 2354 1552 2395 sublimis
1570 2367 1712 2404 curru,
1729 2350 1974 2406 multcjugete,
1990 2352 2035 2390 si

1180 2421 1328 2469 vellet,
1350 2421 1480 2474 equis.

1246 2503 1268 2527 2
1278 2500 1339 2543 17.
1376 2485 1604 2539 Metaque
1627 2484 1790 2538 puellae.
1824 2481 2029 2537 Loelaeque

1171 2552 1323 2605 puella·
1355 2548 1580 2592 Palatinus
1605 2563 1615 2591 :
1640 2551 1878 2603 pariterque
1908 2555 1996 2588 tres
2014 2561 2024 2587 z

1177 2620 1389 2670 nuptaque
1408 2613 1608 2657 vatican.
1622 2613 1854 2667 timida-que
1863 2643 1875 2662 ,
1897 2625 2023 2652 unus.

1233 2697 1326 2721 221.
1362 2680 1453 2723 Nec
1482 2683 1644 2719 tantum
1666 2680 1712 2719 si
1735 2691 1819 2731 qua
1848 2677 2023 2729 rogabit.

1177 2746 1340 2788 Monet
1357 2760 1415 2787 ne
1431 2752 1627 2800 expectet
1641 2743 1748 2785 dum
1764 2743 2022 2798 interroget,

1175 2809 1249 2852 sed
1284 2809 1401 2851 ultro
1421 2807 1622 2865 <pueliam
1656 2806 1892 2850 admoneat
1908 2840 1920 2861 ,
1953 2809 2029 2862 qui

1175 2881 1353 2925 montes,
1369 2873 1711 2930 quaevefi’rantur
1720 2889 1837 2929 aquoe
1846 2887 1861 2925 ,·
1878 2871 1924 2914 id
1941 2880 2020 2925 est,

1174 2941 1351 2983 urbium
1394 2949 1439 2983 et
1477 2939 1712 2996 regionum
1751 2938 2022 2983 devictarum

1174 3007 1386 3063 imagines
1408 3004 1646 3061 descriptae.

1230 3074 1324 3127 224.
1351 3074 1579 3126 Dependet.
1608 3073 1852 3127 Respondet
1873 3069 2023 3113 Com-

1174 3138 1415 3181 melianus:
1435 3136 1556 3179 unde
1583 3138 1817 3192 resplendet
1840 3136 2021 3179 faciebat

1173 3203 1384 3246 Heinsius
1408 3218 1418 3245 z
1435 3210 1632 3245 ceterum
1647 3201 1856 3258 glossator
1869 3200 2019 3256 aliquis

1172 3270 1220 3312 in
1247 3268 1394 3312 codice
1424 3285 1516 3311 uno
1547 3267 1828 3324 adscripserat
1846 3283 1855 3309 :
1881 3284 1902 3302 «
1916 3265 2018 3307 Eu-

1173 3333 1374 3390 phratem
1385 3332 1599 3376 arundine
1612 3332 1893 3389 praecinctum
1903 3331 2018 3372 fron-

1170 3408 1278 3452 tem,
1294 3397 1338 3440 id
1356 3406 1441 3452 est,
1459 3395 1781 3441 extremitatem
1799 3396 2015 3452 riparum:

1173 3463 1342 3522 Tigridi
1380 3479 1553 3507 comam
1586 3465 1810 3518 dependere
1836 3468 2015 3518 propter
