2268 3776
586 309 975 364 AMORUM
1021 308 1145 362 111.
1202 309 1445 363 ELEG.
1503 310 1586 362 11.

1914 313 1934 325 fi

1878 331 1974 363 10*-

1948 354 1967 385 Ι

202 428 391 489 Altera
420 428 515 488 das
540 439 736 487 nostro
765 425 1040 486 victurum
1067 447 1271 486 nomen
1302 426 1490 486 amori.
1921 446 1976 485 05

281 525 432 602 Ergo
461 522 619 596 ades,
651 535 708 583 et
734 519 916 601 longis
942 522 1194 583 versibus
1221 522 1360 583 adde
1387 524 1597 583 breves,

201 621 479 700 Exiguum
506 620 616 680 vati
643 617 883 681 concede
902 666 917 693 ,
948 619 1240 699 Tragoedia
1256 665 1271 693 ‚
1305 634 1540 703 tempus,

279 718 367 777 Tu
387 762 402 791 ‚
436 715 600 777 labor
627 731 862 778 aeternus
888 741 900 777 :
929 716 1080 800 quod
1109 716 1253 801 petit
1278 715 1401 789 illa,
1435 716 1599 776 breve
1629 730 1727 776 est.
1754 743 1782 769 »ι

202 813 361 874 Mota
390 812 543 875 dedit
570 813 783 874 veniam
812 838 824 873 :
851 814 1023 875 teneri
1053 827 1422 898 properentur
1451 836 1663 873 amores
1681 859 1696 886 ‚

280 909 430 970 Dum
456 923 637 983 vacat3
665 935 697 971 a
726 924 882 989 tergo
913 910 1178 990 grandius
1206 924 1370 990 urget
1400 933 1559 993 opus,
1919 942 1972 984 ‘7⁰

199 1073 335 1118 Recte
355 1090 481 1118 sonor
494 1073 624 1119 Ovid.
642 1090 732 1118 non
747 1091 877 1118 sonus
890 1109 899 1126 ‚
925 1075 1047 1132 quasi

195 1139 438 1196 repentinae
449 1138 549 1183 huic
559 1138 948 1197 grandiloquentiae
959 1140 1048 1196 ipse

198 1202 434 1261 adstupeat.

251 1268 315 1311 66.
349 1269 509 1324 Longis
541 1272 740 1312 versibus.
775 1269 875 1312 Hoc
911 1269 1047 1314 Ennii

198 1334 395 1392 exemplo
420 1334 547 1390 dicit,
581 1334 655 1392 qui
679 1333 916 1390 (Cicerone
938 1343 1047 1379 teste

194 1399 266 1444 lib.
289 1413 340 1443 11.
360 1399 414 1444 de
431 1400 635 1458 Legibus)
656 1400 854 1445 heroicos
874 1417 1021 1445 versus
1035 1433 1047 1456 ,

196 1467 343 1520 longos
365 1463 618 1522 adpellabat.

251 1529 319 1573 68.
345 1530 428 1581 Tu,
453 1532 575 1574 labor
589 1535 775 1573 aternus.
796 1529 1047 1589 Tragoedias

200 1593 361 1640 scilicet
370 1593 558 1639 scrihere
572 1628 584 1651 ,
607 1593 691 1638 hoc
700 1611 808 1652 opus
817 1629 829 1652 ‚
844 1595 916 1639 hic
926 1596 1047 1640 labor

202 1658 289 1702 est!
313 1657 421 1703 dum
435 1658 528 1704 leve
548 1658 813 1715 admodum,
837 1660 952 1717 quod
969 1677 1048 1719 pe—

200 1723 251 1767 tit
272 1722 445 1782 Elegia,
468 1732 513 1768 et
531 1723 848 1769 brevissimum.

1186 1075 1253 1135 69.
1282 1075 1407 1117 Mola
1435 1076 1554 1117 dedit
1571 1078 1745 1117 veniam-
1774 1074 1983 1130 Exiguum

1131 1147 1304 1196 tempus
1318 1138 1558 1192 concessit,
1579 1137 1694 1194 quod
1710 1138 1761 1181 ab
1774 1138 1842 1181 illa
1861 1139 1979 1182 Naso

1128 1212 1412 1262 poposcerat,
1455 1203 1508 1246 ad
1539 1202 1851 1247 absolvendum
1882 1212 1982 1247 ter-

1134 1269 1245 1312 tium
1268 1267 1387 1311 hunc
1409 1267 1628 1312 Amorum
1651 1267 1824 1311 librum.
1846 1269 1980 1312 Festi-

1136 1342 1211 1376 nat
1222 1333 1374 1390 igitur:
1389 1337 1953 1388 leneriproperenluramores
1964 1349 1980 1387 ,·

1131 1400 1229 1441 dum
1249 1404 1400 1449 vacat,
1434 1397 1541 1441 dum
1564 1397 1671 1440 mihi
1694 1415 1773 1455 per
1793 1399 1984 1457 Traga:-

1129 1462 1247 1509 diam
1295 1462 1394 1507 licet
1438 1462 1598 1520 Elegia>
1637 1479 1791 1506 vacate
1810 1477 1827 1516 ,⁰
1878 1480 1981 1507 nam

1124 1529 1327 1584 grandius
1350 1543 1478 1584 opus,
1518 1526 1679 1571 Medea
1699 1528 1859 1573 scilicet
1875 1564 1886 1582 ‚
1913 1531 1983 1573 vel

1133 1594 1357 1652 quodlibet
1372 1593 1485 1638 aliud
1507 1603 1844 1652 argumentum,
1866 1603 1987 1652 urge!

1128 1677 1157 1704 a
1173 1667 1306 1716 tergo,
1329 1660 1611 1705 festinantem
1626 1661 1809 1718 premit,
1828 1661 1884 1705 ob
1899 1667 1983 1705 exi·

1124 1730 1334 1781 guilatem
1354 1725 1544 1770 concessi
1566 1726 1787 1784 temporis.

806 1978 1200 2051 ELEGIA
1261 1980 1366 2050 ΙΙ.

856 2295 967 2327 tunt
997 2293 1261 2325 cmcnnsns.
1292 2291 1310 2310 ¹*

196 2420 370 2506 NON
400 2465 504 2521 ego
533 2440 810 2507 nobilium
835 2440 1000 2502 sedeo
1031 2440 1316 2502 studiosus
1345 2461 1648 2521 equorum:

252 2603 274 2627 *
295 2603 350 2647 In
370 2601 501 2647 Circo
514 2602 704 2646 maximo
717 2600 1049 2646 celebrabantur

201 2670 371 2723 annui,
400 2674 624 2725 magnique
655 2667 913 2712 dicebantur
934 2700 946 2722 ,
988 2667 1049 2710 ait

200 2735 429 2789 Asconius,
440 2736 555 2791 quod
557 2738 723 2789 magnis·
730 2737 928 2788 impensis
937 2734 1047 2785 dati,-

200 2799 269 2843 vel
289 2798 406 2857 quod
425 2833 436 2851 ,
471 2808 521 2842 ut
541 2815 594 2842 ex
616 2797 832 2842 Cicerone
854 2805 899 2841 et
922 2797 1046 2840 Livio

202 2864 402 2909 discimus
419 2897 432 2919 ,
454 2868 620 2921 magn&
640 2866 762 2915 Diis,
787 2863 888 2908 Jovi
908 2895 920 2917 ,
950 2863 1046 2906 Ju-

201 2929 310 2972 noni
330 2937 375 2973 et
401 2929 618 2973 Minervae
647 2929 819 2972 fierent.
851 2927 1068 2972 Instituti—

202 2992 394 3051 primum
402 2993 454 3036 ab
463 2992 671 3037 Evandro
682 2995 872 3044 fuerant3
884 2992 1045 3036 deinde

204 3073 228 3101 a
255 3056 449 3102 Romulo
467 3058 693 3102 instaurati
713 3091 726 3112 ‚
761 3059 807 3101 in
827 3057 1047 3101 honorem

206 3121 372 3178 Consi,
406 3123 480 3178 qui
500 3122 620 3166 idem
641 3139 688 3166 ac
709 3123 941 3179 Neptunus
961 3141 972 3175 ;
1001 3132 1047 3167 et

203 3203 291 3244 quo
309 3186 534 3241 suadente,
553 3187 733 3230 Sabinas
746 3188 839 3243 rapi
854 3188 1047 3242 jusserat.

203 3252 274 3297 De
296 3268 383 3310 quo
405 3261 552 3295 autem
573 3253 714 3310 agitur
732 3251 803 3296 hic
827 3255 972 3296 Cioeus
986 3285 998 3308 ,
1021 3269 1047 3297 a

203 3317 447 3374 Tarquinio
469 3317 618 3361 Prisco
647 3316 893 3374 designatus
921 3326 1014 3360 erat
1031 3350 1043 3372 ,

203 3383 320 3427 inter
341 3382 613 3425 Aventinum
632 3390 676 3424 et
697 3381 945 3425 Palatinum
964 3414 975 3437 ‚
999 3382 1047 3426 in

205 3446 310 3493 valle
332 3446 523 3501 Murtia,
547 3463 572 3490 a
593 3447 815 3505 Myrteto,
838 3455 883 3490 et
902 3447 1058 3492 vene,

1129 2603 1188 2646 ris
1198 2602 1393 2656 Murtiae,
1408 2616 1486 2644 seu
1498 2599 1702 2660 Myrteoe,
1712 2600 1878 2645 sacello.
1892 2603 1978 2646 Tin.

1131 2667 1223 2711 Liv.
1246 2681 1291 2721 1,
1325 2667 1393 2710 35.
1424 2665 1561 2722 Quod
1585 2681 1692 2722 opus
1710 2698 1723 2720 ,
1753 2682 1807 2709 eo
1822 2699 1834 2719 ,
1857 2669 1981 2710 annis

1134 2731 1474 2792 procedentibus
1485 2765 1496 2786 ,
1519 2730 1815 2788 amplitudinis
1831 2740 1876 2774 et
1888 2746 1982 2775 ma-

1131 2799 1394 2858 gnificentiae
1416 2798 1615 2851 devenit,
1639 2797 1779 2840 testib.
1795 2796 1980 2858 Dionys.

1129 2866 1269 2909 Halic.
1301 2878 1360 2908 111
1377 2897 1388 2919 ,
1422 2872 1466 2907 et
1486 2863 1600 2906 Plin.
1628 2875 1796 2915 xxxvt,
1824 2864 1902 2917 15,
1930 2873 1981 2905 ut

1128 2930 1245 2974 inter
1255 2927 1547 2986 pulcherrima
1557 2925 1675 2968 urbis
1687 2935 1979 2968 monumenta

1129 2995 1460 3039 adscriberetur.
1503 2989 1802 3046 conflagravit
1826 2999 1974 3037 autem

1129 3054 1647 3108 Neronisincendio,vide
1657 3055 1760 3098 Tac.
1771 3058 1889 3098 Anu.
1899 3070 1977 3108 xv;

1129 3132 1173 3166 et
1188 3138 1321 3165 nemo
1334 3154 1346 3175 ,
1364 3129 1464 3163 ante
1482 3119 1726 3175 Trajanum
1739 3153 1750 3174 ,
1764 3121 1977 3170 restituit;

1128 3187 1204 3231 sed
1230 3185 1486 3241 ampliorem
1507 3183 1648 3227 multo
1667 3193 1712 3228 et
1731 3183 1979 3240 elegantio—

1129 3267 1226 3294 rem
1243 3251 1339 3299 ille,
1376 3257 1425 3291 ut
1455 3257 1623 3292 constat
1649 3266 1673 3292 e
1712 3249 1855 3291 Plinio
1877 3280 1890 3302 ,
1927 3249 1976 3292 in

1129 3317 1344 3373 Panegyr.
1367 3322 1410 3356 et
1429 3329 1481 3357 ex
1500 3314 1647 3356 Dione
1672 3312 1833 3357 Cassio.

1189 3398 1223 3424 1.
1253 3381 1351 3425 Non
1369 3395 1445 3434 ego
1470 3382 1670 3422 nobilium
1691 3388 1771 3422 etc.
1801 3378 1974 3423 Omnes

1129 3446 1262 3501 editi,
1293 3447 1414 3489 sedeo
1434 3451 1659 3501 ,ψει-ἰσίαν,
1691 3454 1790 3490 ante
1819 3446 1973 3489 Hein-
