2268 3776
571 302 831 362 ARTIS
879 301 1363 359 AMATORIAE
1410 306 1572 361 LIB.
1628 307 1674 360 1.

1890 307 1987 359 281

322 421 610 484 Palliolum
639 420 829 481 nitidis
859 419 1185 502 imposuisse
1215 421 1400 480 comis.

241 517 557 579 Adtenuent
579 516 838 597 juvenum
864 512 1098 593 vigilatas
1126 538 1359 598 corpora
1387 531 1577 576 noctes
1594 563 1608 586 ,
1908 536 1987 589 735·

323 613 596 695 Curaque,
627 624 682 671 et
711 634 739 671 e
767 633 968 689 magno
1001 610 1097 693 qui
1125 609 1189 670 fit
1216 633 1398 671 amore
1433 609 1609 670 dolor.

242 710 322 767 Ut
347 721 476 767 voto
504 705 715 788 potiare
743 720 841 765 tuo
859 751 874 778 ‚
905 704 1232 768 miserabilis
1256 719 1375 768 esto
1402 730 1415 765 :

321 805 400 862 Ut
429 801 524 884 qui
556 815 608 862 te
636 801 817 862 videat
843 800 1019 862 dicere
1048 801 1253 885 possit,
1278 802 1473 861 Amas!

241 900 586 982 Conquerar,
617 922 686 959 an
712 922 962 959 moneam
989 898 1222 959 mixtum
1250 897 1332 959 sas
1360 920 1520 957 omne
1546 895 1849 978 nefasque?

313 997 531 1056 Nomen
554 994 788 1055 amicitia
818 1009 902 1055 est
924 1018 936 1054 ε
960 1017 1163 1055 nomen
1191 994 1352 1056 inane
1381 992 1534 1053 fides.
1915 1009 1995 1064 φφ.

235 1091 343 1152 Hei
371 1091 534 1152 mihi!
566 1115 684 1152 non
714 1106 895 1151 tutum
925 1104 1036 1161 est,
1072 1089 1224 1173 quod
1253 1112 1427 1162 ames,
1457 1086 1676 1148 laudare
1706 1085 1878 1147 sodali
1902 1110 1914 1158 ;

314 1187 507 1267 Quum
534 1186 640 1246 tibi
667 1185 912 1247 laudanti
942 1185 1206 1259 credidit,
1239 1187 1356 1269 ipse
1388 1184 1555 1246 subit.

231 1283 310 1343 At
333 1307 448 1343 non
476 1282 766 1344 Actorides
790 1282 993 1343 lectum
1023 1282 1304 1343 temeravit
1330 1279 1595 1343 Achillis:

313 1381 598 1460 Quantum
629 1379 698 1439 ad
725 1378 1070 1452 Pirithoum,
1101 1379 1332 1439 Phaedra
1360 1378 1561 1462 pudica
1588 1376 1710 1437 fuit.

235 1475 576 1537 Hermionen
604 1474 835 1558 Pylades
853 1522 868 1547 ,
903 1500 1014 1558 quo
1038 1474 1261 1535 Pallada
1283 1474 1553 1546 Phoebus,
1583 1473 1796 1534 amabat
1821 1497 1834 1532 :
1918 1491 1995 1546 74³·

314 1571 594 1654 Quodque
625 1572 731 1632 tibi
757 1571 1040 1650 geminuS‚
1071 1571 1339 1654 Tyndari,
1374 1573 1571 1631 Castor
1597 1586 1726 1632 erat.

235 1669 295 1729 Si
323 1669 446 1752 quis
475 1670 620 1730 idem
649 1684 859 1752 sperat,
890 1668 1094 1729 laturas
1117 1692 1283 1751 poma
1311 1669 1542 1750 myricas

225 1795 227 1797 ¹
313 1766 529 1849 Speret3
562 1781 617 1826 et
642 1767 702 1826 in
727 1765 907 1826 medio
938 1764 1161 1824 flumine
1190 1761 1350 1823 mella
1372 1777 1539 1845 petat.

231 1865 324 1928 Nil
349 1867 461 1927 nisi
491 1882 649 1950 turpe
670 1868 855 1949 juvat:
881 1890 1021 1927 curae
1045 1880 1128 1927 est
1156 1889 1255 1926 sua
1282 1864 1481 1949 cuique
1513 1862 1798 1947 voluptas:

310 1970 440 2030 Haec
471 1994 691 2053 quoque
722 1970 791 2030 ab
822 1968 1044 2030 alterius
1075 1982 1228 2047 grata
1252 1965 1445 2027 dolore
1473 1967 1639 2026 venit.

1907 1986 1989 2040 750

230 2072 355 2132 Heu
382 2071 617 2133 facinus!
650 2095 766 2133 non
791 2085 874 2133 est
902 2071 1081 2131 hostis
1103 2069 1431 2131 metuendus
1460 2069 1690 2129 amanti!

282 2237 373 2294 734.
400 2240 625 2280 Palliolum
651 2239 797 2289 nitidis
822 2240 1067 2292 imposuisse

227 2301 466 2357 comis.Qui
478 2302 597 2344 enim
612 2301 799 2344 infirmae
811 2301 1066 2345 valetudinis

229 2373 379 2419 erant,
408 2366 586 2422 palliolis
616 2366 897 2410 obnubebant
926 2375 1066 2422 caput.

231 2429 420 2485 Quintil.
432 2445 479 2473 xl
492 2463 504 2486 ,
524 2431 550 2473 3
566 2447 576 2474 :
591 2433 839 2482 Palliolum,
856 2435 968 2473 sicut
965 2429 1067 2484 sas-

226 2499 320 2537 cias
332 2528 342 2545 ‚
365 2498 511 2550 quibus
537 2511 656 2538 crura
672 2500 903 2538 vestiuntur
913 2528 924 2546 ‚
941 2493 1069 2548 etso—

227 2561 342 2601 calia
351 2592 361 2609 ,
382 2562 476 2602 sola
486 2566 628 2614 polest
644 2575 845 2603 excusare
859 2562 1067 2602 valetudo.

227 2622 408 2666 Monuit
433 2624 522 2679 jam
546 2624 600 2667 ad
621 2625 861 2668 Historiam
883 2624 1065 2681 Augus-

226 2695 318 2731 tam
355 2688 584 2732 Salmasius
601 2722 612 2744 ‚
643 2697 687 2732 et
721 2689 774 2731 ad
807 2689 1066 2732 Tertulliani

224 2757 404 2798 Polliam
419 2788 430 2805 ‚
452 2770 548 2812 quae
562 2764 732 2799 secutus
744 2754 950 2799 Octavius
962 2755 1063 2798 Fer-

225 2817 376 2871 rarius,
387 2818 689 2876 elegantissimi
698 2820 764 2864 vir
774 2820 954 2877 ingenii,
970 2836 1063 2876 par·

225 2881 279 2924 tis
297 2883 494 2926 secundae
521 2884 592 2927 lib.
611 2899 659 2927 ιν
674 2917 686 2939 ,
713 2900 802 2941 cap.
831 2899 949 2928 xxm
971 2918 983 2940 ,
1006 2885 1059 2929 de

227 2944 294 2987 Re
303 2946 527 2990 vestiaria.
539 2947 611 2991 Sic
624 2949 841 2993 Maecenas
851 2950 964 3006 apud
977 2950 1060 2994 Se—

224 3027 377 3054 necam
391 3043 404 3065 ,
426 3012 615 3068 Epistola
638 3027 766 3058 cxlv:
786 3018 925 3059 Pallio
941 3020 1061 3060 vela-

224 3081 292 3118 tus
304 3082 450 3131 caput3
470 3087 513 3120 et
524 3079 755 3122 Trimalcio
773 3080 884 3136 apud
902 3082 1059 3124 Petro—

225 3140 350 3182 nium
365 3172 376 3194 ,
399 3156 488 3198 cap.
507 3143 558 3184 32
583 3159 593 3186 ι
607 3147 741 3198 pallio
762 3149 952 3187 coccineo
969 3148 1058 3187 ad—

223 3220 362 3247 rasum
381 3209 608 3249 incluseral
622 3213 758 3262 caput.

280 3269 369 3327 739.
402 3271 651 3325 Conquerar,
672 3288 730 3313 an
741 3288 925 3315 moneam
946 3278 1055 3316 mix-

222 3333 394 3387 !umsas
413 3350 504 3377 esse
520 3334 715 3390 nefasque
729 3339 749 3371 Ρ
767 3336 885 3380 Libri
902 3338 1058 3381 melio-

223 3414 291 3443 res
302 3401 401 3456 ,sas
417 3417 535 3447 omae
548 3400 755 3460 nefasque.
774 3401 945 3450 Deinde
965 3404 1058 3458 Res

1147 2236 1240 2294 gius
1255 2268 1268 2290 ,
1293 2237 1427 2290 Quum
1445 2251 1594 2291 querar
1610 2235 1866 2276 admoneam.
1884 2233 1987 2275 Ad·-

1147 2317 1333 2344 moneam
1349 2300 1481 2343 etiam
1501 2308 1565 2342 est
1583 2299 1630 2341 in
1645 2298 1789 2342 Oxon.
1811 2297 1957 2341 Scribe
1979 2315 1987 2339 ;

1145 2374 1238 2406 Num
1262 2386 1399 2417 querar,
1419 2386 1456 2405 nc
1478 2384 1624 2406 monem
1652 2373 1784 2403 misum
1805 2371 1853 2403 su
1875 2383 1969 2403 omne

1270 2434 1423 2476 nefasque
1436 2458 1447 2472 ‚

1189 2495 1317 2528 Nomen
1331 2495 1489 2526 {micitins
1499 2518 1510 2534 ‚
1526 2506 1643 2527 nomen
1660 2494 1753 2526 inane
1765 2494 1860 2526 fidem
1873 2494 1892 2523 7

1148 2562 1214 2607 Ut
1248 2577 1339 2604 esse
1356 2560 1729 2618 gsubintelligatur.
1768 2559 1860 2604 Nisi
1891 2559 1985 2615 quis

1146 2626 1290 2681 malit,
1310 2628 1568 2682 Conquerar,
1590 2641 1647 2668 aa
1665 2631 1826 2667 taceam
1838 2656 1849 2676 ,
1869 2621 1985 2679 quod

1145 2699 1208 2734 est
1227 2691 1273 2733 in
1295 2690 1502 2748 excerptis
1521 2689 1750 2743 Politiani,
1776 2697 1820 2731 et
1849 2687 1983 2729 tribus

1144 2771 1168 2798 a
1185 2771 1257 2798 me
1274 2755 1489 2812 inspectis.
1511 2755 1675 2797 Hmus.

1199 2823 1290 2876 741.
1316 2823 1442 2874 Quod
1451 2835 1584 2862 amas.
1600 2820 1731 2861 Ames
1743 2851 1755 2869 ,
1771 2816 1983 2860 meliores.

1140 2908 1195 2919 —-
1216 2888 1422 2929 Laudare.
1453 2888 1627 2927 Jaclare
1652 2884 1898 2927 Patavinus.
1931 2883 1982 2925 Β,

1197 2954 1287 3007 745.
1322 2953 1416 3005 Qua
1435 2952 1619 2993 Pallada
1636 2951 1826 2993 Phaebus.
1861 2949 1986 3002 Quod

1142 3016 1304 3073 Regius
1326 3033 1335 3059 z
1356 3015 1511 3071 reliqui
1542 3014 1734 3071 plerique
1752 3047 1765 3068 ,
1798 3030 1878 3069 quo
1900 3030 1912 3056 .·
1932 3021 1980 3055 ut

1138 3096 1269 3136 supra
1289 3082 1366 3123 285
1386 3097 1397 3124 ι

1139 3149 1275 3191 Myrrha
1289 3157 1411 3191 patrem
1422 3173 1432 3188 ,
1447 3147 1574 3180 sednon
1581 3159 1646 3190 quo
1657 3148 1721 3180 fitia
1731 3148 1975 3187 debe1‚amavin.

1193 3212 1281 3267 747.
1314 3212 1496 3252 Laturus
1509 3226 1637 3264 poma
1652 3214 1844 3267 myricas.
1861 3212 1977 3252 Jac-

1137 3282 1252 3318 turas
1267 3276 1449 3333 Regius,
1467 3275 1727 3320 Oxoniensis
1740 3285 1783 3319 et
1798 3294 1869 3320 sex
1882 3276 1973 3319 alii:

1139 3340 1360 3395 quomodo
1394 3341 1442 3383 in
1475 3339 1859 3386 observationibus
1880 3374 1891 3396 ‚
1926 3358 1976 3384 ex

1139 3405 1438 3454 Arundeliano
1471 3407 1615 3455 codice
1647 3408 1835 3453 restituit
1852 3422 1972 3464 prae-
