2268 3776
324 291 425 344 160

789 293 855 344 P.
907 292 1204 346 ovlmi
1243 251 1621 347 NAso'le

398 409 671 469 Contactu
700 404 887 466 lateris
912 405 1128 466 laeditur
1155 407 1259 467 ista
1288 407 1385 467 tui.

313 507 398 565 Tu
434 528 684 587 quoque,
713 503 809 586 qui
839 517 1050 586 spectas
1073 518 1202 586 post
1228 527 1359 575 nos,
1387 518 1481 564 tua
1510 503 1769 566 contrahe
1792 529 1973 580 crura,

395 602 455 662 Si
484 600 668 683 pudor
698 615 808 670 est,
834 599 1015 676 rigido
1039 624 1107 659 ne
1137 624 1321 682 preme
1351 616 1501 680 terga
1530 626 1692 680 genu.

312 699 421 760 Sed
450 698 680 757 nimium
710 697 943 757 demissa
968 698 1148 778 jacent
1178 697 1281 755 tibi
1309 696 1475 779 pallia
1505 711 1692 758 terrae:
2037 717 2091 759 25

394 793 642 872 Collige3
668 791 752 853 vel
783 792 970 871 digitis
1005 817 1073 854 en
1101 817 1203 870 ego
1233 791 1372 851 tollo
1403 793 1556 853 meiS.
1760 781 1765 787 ’

310 892 506 953 Invida
531 890 698 951 vestis
727 914 872 961 (Ξῖ-35,
901 914 1021 972 quae
1048 904 1159 949 tam
1187 889 1339 949 bona
1368 913 1527 949 crura
1557 889 1816 967 tegebas:

393 993 637 1072 Quoque
666 988 841 1067 magis
872 1002 1114 1070 spectes,
1141 986 1327 1046 invida
1354 986 1521 1046 vestis
1551 1009 1687 1047 eras,

306 1088 463 1149 Talia
489 1085 765 1147 Milanion
795 1083 1079 1145 Atalantes
1106 1107 1264 1144 crura
1289 1083 1500 1161 fugacis

391 1182 624 1266 Optavit
652 1181 911 1242 manibus
936 1179 1264 1240 sustinuisse
1295 1178 1445 1238 suis:
2038 1196 2090 1236 30

306 1281 463 1342 Talia
489 1279 778 1340 succinctae
803 1277 1116 1360 pinguntur
1145 1300 1303 1335 crura
1334 1274 1523 1335 Dianae
1539 1319 1555 1346 ,

391 1383 582 1462 Quum
609 1380 861 1463 sequitur
883 1378 1080 1450 fortes,
1107 1377 1307 1436 fortior
1335 1377 1485 1458 ipsa,
1510 1375 1668 1436 feras,

307 1479 412 1538 His
443 1502 547 1556 ego
578 1501 693 1536 non
721 1475 854 1535 visis
885 1473 993 1534 arsi
1017 1500 1029 1534 :
1057 1471 1192 1555 quid
1217 1472 1312 1531 fiet
1341 1473 1410 1531 ab
1439 1470 1608 1530 istis?

387 1578 455 1635 In
483 1575 755 1635 flammam
779 1572 1022 1632 flammas
1038 1617 1053 1644 ‚
1079 1571 1139 1629 in
1168 1593 1314 1629 mare
1337 1567 1525 1627 fundis
1553 1589 1740 1650 aquaS.

306 1672 574 1755 Suspicor
602 1694 669 1731 ex
695 1668 818 1729 istis
849 1683 904 1729 et
932 1681 1111 1728 cetera
1137 1689 1303 1749 posse
1332 1663 1547 1748 placere
1564 1710 1580 1736 ,
2036 1681 2089 1721 313

387 1772 529 1851 Quae
553 1769 696 1828 bene
726 1766 832 1826 sub
864 1764 1018 1824 tenui
1046 1763 1271 1824 condita
1293 1775 1440 1821 veste
1469 1759 1656 1820 latent.

362 2059 428 2112 24.
458 2058 522 2099 Ne
546 2070 697 2110 preme.
731 2050 910 2096 Rectius
930 2050 977 2093 in
998 2065 1158 2092 manu-

306 2121 473 2179 scriptis
493 2120 667 2177 legitur,
690 2135 778 2168 nec,
801 2126 849 2160 ut
863 2116 918 2160 sit
937 2116 1091 2174 copula
1104 2115 1159 2158 si-

307 2188 400 2231 mul
415 2202 516 2230 cum
531 2183 777 2241 negatione.
791 2183 922 2225 ΜΔΕ.
942 2183 1007 2225 Ne
1024 2180 1160 2224 edidit

309 2253 531 2315 Gryphius
541 2261 584 2295 et
597 2250 665 2294 alii
677 2263 685 2290 ε
695 2249 781 2292 vid.
793 2250 869 2291 inf.
881 2248 1003 2306 Eleg.
1013 2262 1080 2302 vl,
1090 2248 1157 2290 65.

362 2323 426 2363 25.
442 2321 643 2361 Demissa
640 2317 796 2372 jacent
803 2320 877 2356 lua
878 2316 1019 2369 pallia
1030 2318 1155 2355 lerroe.

305 2387 502 2427 Dimissa
503 2383 661 2438 jacent
673 2382 898 2435 tibipallia
911 2383 1020 2422 terra
1033 2413 1041 2429 ,
1065 2394 1155 2420 me-

303 2451 444 2493 liores.
466 2449 561 2492 Nee
577 2450 762 2490 aemma
776 2480 786 2496 ‚
817 2461 898 2488 nec
920 2451 1034 2487 terrae
1053 2460 1158 2486 mu-

306 2526 411 2559 tem.
449 2513 692 2570 Quomodo
714 2521 758 2555 et
788 2513 1012 2555 Homerus
1035 2509 1155 2554 Iliad.

309 2582 363 2625 A.
385 2581 464 2635 245
483 2595 493 2621 ε
514 2585 607 2623 nm*
625 2583 663 2621 δέ
679 2589 866 2632 σκῆπτρον
882 2578 974 2631 βάλε
994 2581 1100 2636 γαίῃ.

361 2645 427 2687 28.
454 2645 622 2698 Quoque
636 2647 772 2696 magis
784 2646 957 2695 spectes.
976 2642 1152 2690 Pecces,

305 2711 352 2754 in
375 2709 511 2752 tribus
527 2707 645 2750 libris
663 2725 673 2757 ;
696 2705 814 2762 quod
835 2722 927 2748 non
946 2705 1156 2748 invenus-

306 2787 403 2821 tum
417 2809 428 2831 ,
452 2774 609 2819 Heius.
628 2780 868 2817 notaverat.
890 2771 977 2814 S‘ed
994 2777 1156 2826 spectes

306 2850 424 2885 recte
447 2839 616 2883 Marius
631 2872 642 2893 ,
663 2854 743 2895 pro
764 2840 919 2893 aliquis
938 2841 1153 2892 spectaret.

308 2909 501 2962 Spectare
519 2920 624 2947 vero
644 2903 715 2947 hic
736 2911 800 2946 est
819 2902 1031 2945 aestimare
1050 2934 1061 2954 ,
1080 2916 1156 2942 re-

308 2982 462 3031 putare
479 3004 490 3026 ,
508 2970 766 3013 examinare.
786 2969 859 3012 Sic
872 2968 983 3012 Just.
999 2980 1035 3009 11
1050 3000 1060 3020 ,
1083 2983 1153 3009 10:

312 3041 496 3081 Celerum
518 3041 563 3079 si
585 3052 716 3090 regem
736 3039 896 3089 spectes
910 3067 921 3085 ‚
956 3035 1148 3083 divilias,

305 3121 388 3148 non
408 3105 551 3146 ducem
571 3104 729 3144 laudes.
756 3101 917 3144 BURM.

363 3186 429 3229 29.
458 3170 584 3210 Talia
596 3168 807 3209 M‘lam‘on
820 3175 899 3208 etc.
914 3165 997 3208 Vel
1010 3165 1152 3222 potius

307 3237 525 3279 Melant'on
543 3265 554 3286 ,
589 3231 709 3274 idem
733 3232 806 3287 qui
837 3231 1117 3288 Hippomene
1137 3262 1149 3284 ,

309 3300 535 3343 Atalantes
547 3297 707 3352 conjux
718 3309 727 3336 :
739 3295 1029 3353 vidApollod.
1039 3295 1150 3338 Bibl.

308 3379 366 3409 111
383 3399 393 3419 ,
416 3384 441 3425 9
456 3401 465 3416 ‚
486 3374 529 3409 et
543 3380 640 3422 quae
655 3365 700 3407 in
716 3363 841 3408 Obss.
860 3363 976 3406 Clar.
993 3364 1150 3420 Heyne.

227 1891 230 1896 “
305 1869 407 1928 Vis
437 1882 621 1928 tamen
643 1865 850 1925 interea
876 1856 1062 1922 faciles
1092 1883 1359 1921 arcessere
1387 1872 1580 1918 ventos
1597 1903 1614 1929 ‚

1240 2049 1416 2093 lanione
1445 2046 1637 2106 quodam
1659 2079 1672 2103 ,
1720 2046 1835 2105 apud
1866 2045 2087 2103 Aristoph.

1239 2114 1462 2174 Lysistrat.
1478 2113 1556 2170 786
1568 2146 1580 2168 ,
1593 2121 1799 2156 narratur
1810 2125 1820 2151 :
1831 2112 1969 2155 nostri
1983 2127 2087 2155 vero

1240 2178 1444 2223 meminit
1465 2179 1666 2236 Propert.
1687 2193 1705 2220 1
1720 2212 1731 2230 ‚
1758 2178 1878 2235 Eleg.
1898 2191 1939 2232 1,
1963 2195 1990 2237 9
2011 2193 2022 2220 :

1239 2257 1402 2289 Milanion
1413 2257 1522 2288 nullos
1533 2255 1686 2297 fugiendo
1694 2279 1706 2294 ‚
1728 2256 1844 2295 Tulle,
1860 2255 1985 2286 labores
1994 2278 2006 2294 ,

1278 2317 1443 2349 Soevitiam
1456 2317 1545 2347 durae
1560 2316 1709 2347 contudit
1721 2315 1857 2347 Iasidos.

1239 2378 1357 2422 Mira
1378 2387 1526 2422 autem
1549 2377 1603 2421 de
1631 2377 1722 2434 ipsa
1743 2376 1947 2419 Atalante
1969 2376 2087 2419 inter

1237 2445 1581 2504 mythographos
1615 2443 1884 2502 perturbatio
1914 2476 1926 2498 ,
1978 2443 2087 2485 dum

1238 2511 1443 2555 Schoenei
1468 2510 1604 2553 filiam
1625 2509 1694 2553 alii
1713 2527 1723 2560 ;
1752 2508 1841 2552 Jasi
1857 2541 1868 2563 ,
1896 2508 1965 2551 vel
1988 2508 2087 2551 Iasii

1238 2577 1308 2620 alii
1328 2575 1607 2620 contendunt
1626 2593 1635 2624 ;
1663 2574 1808 2631 sicque
1829 2590 1880 2616 ex
1899 2582 2085 2629 utraque

1238 2660 1374 2687 unam
1409 2643 1585 2686 faciunt.
1624 2641 1714 2686 Sed
1755 2641 1878 2683 litem
1918 2640 2083 2682 dirimit

1238 2708 1556 2764 Apollonianus
1575 2706 1791 2762 interpres
1810 2739 1819 2755 ‚
1854 2703 1908 2747 ad
1939 2704 2011 2747 lib.
2034 2719 2052 2747 1
2068 2738 2080 2759 ,

1239 2773 1318 2830 769
1336 2791 1346 2824 3
1370 2787 1503 2827 quem
1519 2770 1644 2815 adeas
1658 2804 1670 2825 ,
1691 2771 1727 2813 si
1750 2770 1901 2827 placet.

1290 2838 1356 2880 31.
1385 2840 1627 2892 nguntar.
1668 2837 1900 2891 Fl'ngunlur
1927 2834 2082 2879 Sarra-

1236 2902 1388 2945 vianus
1410 2918 1419 2944 :
1441 2901 1599 2945 rectius
1615 2935 1626 2956 ,
1650 2911 1700 2944 ut
1720 2909 1839 2959 puto,

1290 2967 1356 3010 35.
1379 2968 1577 3022 Suspicor
1591 2983 1644 3009 ex
1656 2971 1752 3009 dctis
1766 2975 1845 3009 etc.
1861 2966 2001 3021 Siqua
2018 2968 2079 3007 la-

1233 3039 1342 3081 tent,
1365 3035 1536 3078 meliora
1547 3038 1703 3089 pulal‚·
1727 3032 1781 3075 de
1800 3031 1963 3075 Phaebo
1977 3064 1988 3084 ‚
2010 3032 2082 3072 su-

1234 3099 1427 3156 gientem
1447 3099 1669 3156 Daphnen
1684 3099 1960 3154 insequente3
1975 3097 2079 3140 Me-

1234 3164 1451 3222 tamorph.
1474 3178 1511 3207 11
1527 3196 1539 3219 ,
1563 3166 1657 3207 502.

1288 3232 1353 3288 37.
1391 3234 1466 3275 Vz‘s
1495 3237 1633 3274 lamen
1652 3236 1808 3274 interea
1816 3229 1979 3286 faciles
2003 3244 2077 3270 ar—

1232 3312 1392 3339 cessere
1422 3302 1579 3339 venlos.
1617 3295 1689 3339 Sic
1716 3295 1811 3338 libri
1843 3293 2075 3338 meliores:

1232 3362 1380 3418 probe.
1404 3361 1491 3405 Sed
1513 3361 1664 3404 durius
1683 3361 1946 3416 estfact'les‚·
1973 3357 2071 3414 quia

307 3428 425 3476 Nihil
445 3431 496 3475 ad
512 3448 608 3475 rem
624 3440 820 3476 nostram
834 3463 846 3485 ,
866 3445 961 3487 quae
978 3429 1030 3473 de
1047 3429 1152 3472 Me-
1220 3427 1372 3483 faciat
1397 3426 1618 3484 sequitur3
1662 3435 1706 3470 et
1734 3424 1891 3468 rectius
1911 3423 2071 3479 faciles
