2268 3776
592 289 849 348 ARTIS
899 289 1387 345 AMATORIAE
1432 293 1593 346 LIB.
1646 295 1693 346 Ι.
1902 317 1930 349 9.

328 413 402 472 Et
430 423 622 471 teretes
653 406 883 484 digitoS,
915 402 1282 486 exiguumque
1312 405 1523 487 pedem.

250 507 544 568 Delectant
569 503 730 564 etiam
759 513 933 562 castas
962 498 1235 583 praeconia
1261 498 1450 561 sormae
1473 526 1487 561 z

328 600 650 692 Virginibus
678 620 818 659 curae
847 611 1108 680 grataque
1135 595 1312 656 forma
1342 620 1440 657 sua
1464 611 1562 658 est.

233 702 386 777 ‚Nam
415 722 511 760 cur
535 698 594 757 in
624 695 880 779 Phrygiis
907 696 1189 756 Junonem
1214 706 1272 755 ct
1300 691 1523 754 Pallada
1551 694 1701 755 silvis

1927 718 2011 759 625

326 797 486 856 Nu'nc
516 815 739 877 quoque
763 790 1032 874 judicium
1058 813 1173 851 non
1200 789 1440 851 tenuisse
1468 791 1687 874 pudet?

246 891 516 952 Laudatas
546 903 786 950 ostentat
812 888 924 949 avis
953 887 1197 948 Junonia
1219 910 1459 970 pennas.-

325 986 386 1047 Si
417 987 613 1047 tacitus
645 999 884 1069 specteS,
917 982 1011 1044 illa
1038 982 1293 1045 recondit
1320 1006 1471 1067 opes.

246 1082 674 1166 Quadrupedes,
708 1082 853 1142 inter
880 1079 1058 1163 rapidi
1086 1080 1382 1141 certamina
1407 1102 1600 1141 cursus
1620 1128 1633 1152 ,

324 1179 668 1263 Depexaeque
694 1178 868 1260 juba,
898 1176 1199 1260 plausaque
1229 1175 1371 1238 colla
1395 1177 1604 1259 juvant.

1933 1201 2015 1242 630

243 1276 356 1337 Nec
385 1275 572 1336 timide
600 1274 860 1359 promitte
884 1299 896 1333 :
923 1272 1152 1334 trahunt
1176 1274 1451 1357 promissa
1477 1273 1688 1357 puellas
1713 1298 1726 1346 ;

322 1371 594 1434 Pollicitis
623 1386 790 1432 testes
821 1369 1105 1453 quoslibet
1133 1370 1271 1431 adde
1302 1372 1469 1432 Deos.

245 1467 466 1551 Jupiter
491 1492 554 1528 ex
587 1467 697 1528 alto
727 1466 968 1549 perjuria
995 1465 1139 1526 ridet
1168 1479 1482 1538 amantum3

327 1564 403 1622 Et
427 1563 586 1644 jubet
615 1561 830 1650 AEolios
860 1562 1015 1622 irrita
1043 1560 1182 1621 ferre
1210 1563 1413 1621 Notos.

250 1657 356 1719 Per
384 1659 552 1742 Styga
580 1660 616 1718 J
619 1659 791 1719 unoni
812 1657 1010 1719 falsum
1034 1657 1215 1738 jurare
1242 1653 1459 1716 solebat
1936 1675 2020 1718 635

329 1754 583 1836 Jupiter:
610 1754 861 1836 exemplo
892 1777 1040 1817 nunc
1063 1752 1206 1812 favet
1232 1750 1350 1833 ipse
1374 1772 1495 1810 suo.

249 1849 487 1932 Expedit
515 1871 630 1908 esse
652 1849 803 1909 Deos
826 1873 839 1906 :
873 1862 957 1919 et,
989 1862 1053 1906 ut
1080 1845 1328 1928 expedit,
1359 1868 1477 1906 esse
1504 1859 1765 1927 putemus
1791 1872 1802 1906 ;

327 1952 546 2012 Dentur
572 1952 631 2010 in
660 1951 918 2032 antiquos
949 1963 1072 2009 tura
1097 1971 1418 2031 merumque
1448 1948 1620 2009 focos.

246 2055 360 2115 Nec
391 2064 581 2114 secura
611 2051 766 2136 quies
792 2049 944 2124 illos,
970 2050 1274 2134 similisque
1305 2051 1494 2134 sopori

324 2155 588 2219 Detinet:
611 2155 847 2215 innocue
876 2155 1067 2228 vivite3
1098 2178 1305 2215 numen
1336 2154 1506 2214 adest.

1934 2174 2019 2229 6150

246 2256 484 2319 Reddite
515 2256 827 2340 depositum
851 2281 862 2316 :
890 2257 1066 2339 pietas
1096 2276 1194 2316 sua
1222 2254 1428 2316 foedera
1458 2268 1666 2315 servet:

301 2435 396 2477 522.
433 2434 718 2489 Exiguumque
744 2434 902 2488 pedem.
943 2430 1092 2476 Com-

249 2498 486 2542 mandatur
506 2498 550 2540 in
571 2497 824 2541 mulieribus
844 2514 919 2554 pes
934 2498 1090 2554 brevis,

249 2565 319 2608 lib.
339 2573 384 2608 et
405 2563 555 2620 Elegia
573 2576 629 2605 111
645 2563 901 2617 ,Amorum
914 2595 926 2617 ,
948 2580 988 2606 v·
1011 2581 1047 2620 7.

303 2630 399 2686 627.
410 2630 631 2672 Laudatas
642 2631 826 2673 ostendit
834 2633 938 2672 aoetr.
951 2628 1090 2684 Malo,

249 2699 458 2738 ostentat:
473 2691 590 2749 quod
607 2692 655 2734 in
673 2691 934 2735 Sari-aviano
948 2701 1012 2736 est
1023 2725 1035 2747 ‚
1047 2700 1093 2735 et

251 2767 437 2816 quatuor
450 2757 552 2802 aliis.
564 2757 786 2815 Virgilius,
803 2771 874 2800 κη
885 2791 896 2812 ,
915 2756 1091 2800 AEneid.

250 2826 331 2882 479
344 2856 355 2875 ,
388 2822 443 2867 de
473 2824 694 2866 Juturna:
716 2824 895 2879 Jamque
913 2825 984 2865 hic
999 2839 1091 2877 get*-

250 2902 437 2938 mannm,
446 2887 621 2943 jamque
645 2890 715 2930 hic
740 2891 926 2930 ostentat
952 2902 1092 2930 ovan—

250 2957 331 2994 tem
347 2967 360 2993 .·
381 2951 600 3008 quomodo
613 2952 696 3009 legi
711 2951 757 2994 in
771 2951 1002 2994 horrendae
1015 2967 1093 2994 ve-

252 3015 423 3059 tustatis
441 3015 587 3059 codice
610 3015 684 3058 illo
705 3017 917 3059 Vaticano
938 3024 1093 3058 monet

251 3079 420 3123 Pierius
430 3113 441 3134 ,
457 3096 552 3136 quae
563 3080 781 3123 verissima
793 3081 933 3123 lectio.
948 3081 1093 3123 Arun-

251 3144 446 3187 delianus
459 3153 503 3187 et
515 3145 794 3200 Aprosianus,
803 3147 1010 3187 extendit:
1019 3161 1092 3200 an,

251 3210 454 3250 distendit
475 3212 499 3254 ,Ρ
525 3211 650 3252 Picta
674 3211 831 3263 pandit
855 3213 1095 3263 spectacula

251 3275 390 3315 cauda
408 3272 460 3316 de
474 3273 647 3316 Pavone
664 3274 886 3318 Horatius.
897 3277 1096 3319 Distento

255 3341 500 3381 umbracula
516 3354 618 3380 mox
636 3338 901 3383 habebimus.
919 3340 1055 3384 IDEM.

310 3402 388 3445 632
394 3436 403 3446 .
412 3405 625 3447 Pollicitis
635 3409 771 3447 testes.
782 3407 979 3448 Polemo
987 3405 1096 3450 libri:

1171 2434 1355 2489 quolibet
1389 2433 1501 2475 adde
1533 2431 1666 2475 etiam
1704 2432 1751 2474 in
1786 2433 2020 2477 nonnullis.

1174 2496 1324 2550 Forte,
1334 2499 1561 2552 quamlibet
1568 2498 1690 2546 adde,
1703 2504 1752 2539 ut
1764 2495 1894 2552 paulo
1907 2506 2023 2540 ante.

1226 2561 1322 2604 533.
1348 2564 1517 2618 Jupiter
1530 2578 1587 2605 et
1604 2565 1696 2605 alto
1709 2563 1898 2618 peq'uria
1914 2565 2023 2606 ridet

1173 2632 1399 2679 amantum,
1411 2629 1475 2670 Et
1471 2627 1599 2682 jubet
1604 2629 1772 2670 AEolm
1786 2629 2023 2683 inuasere-e

1173 2695 1319 2739 Notos.
1346 2692 1421 2736 Sic
1441 2692 1661 2746 Tibullus,
1681 2706 1753 2746 ιιι,
1774 2692 1842 2735 El.
1863 2706 1929 2746 vt,
1949 2694 2021 2751 49:

1464 2790 1502 2799 ...
1516 2767 1665 2808 Periuria
1679 2767 1763 2798 ridet
1773 2774 1939 2798 amantum

1210 2830 1359 2870 Jupiter,
1373 2835 1405 2860 et
1417 2835 1531 2860 ventos
1546 2828 1638 2859 irrita
1654 2827 1737 2858 serre
1750 2827 1853 2868 jubet.

1225 2890 1320 2932 635.
1334 2893 1478 2932 Falso.
1497 2890 1561 2931 Ita
1575 2887 1680 2929 olim
1698 2887 1802 2930 editi
1815 2903 1825 2930 ι
1838 2888 1916 2931 sed
1939 2889 2020 2931 Al-

1171 2953 1268 3009 dus,
1285 2955 1399 2997 Dan.
1422 2953 1644 3006 Heinsius,
1667 2951 1824 3008 aliique
1845 2955 2017 2996 Falsum

1171 3027 1489 3076 expresserunt3
1498 3017 1629 3073 idque
1641 3017 1907 3061 confirmant
1927 3019 2018 3063 sere

1173 3100 1330 3126 omnes
1354 3084 1498 3138 scripti
1516 3099 1527 3124 :
1546 3098 1691 3139 neque
1713 3083 1835 3139 capio
1855 3083 2021 3130 adver-

1172 3150 1366 3202 bialiter,
1385 3157 1434 3190 ut
1455 3147 1526 3190 lib.
1549 3161 1607 3190 111
1624 3180 1636 3201 ,
1661 3148 1814 3191 Amor.
1837 3162 1893 3190 111
1909 3182 1921 3204 ‚
1943 3167 1986 3192 ιι
2010 3167 2020 3192 ;

1174 3213 1249 3256 se'd
1270 3212 1437 3267 salsum
1466 3214 1596 3270 Styga
1617 3245 1629 3267 ,
1660 3212 1810 3255 fictum
1835 3247 1846 3267 ,
1889 3215 1962 3270 qui
1996 3231 2021 3257 a

1175 3278 1312 3334 poetis
1325 3292 1414 3320 esse
1428 3276 1534 3319 salso
1546 3277 1731 3331 jactatur
1743 3296 1753 3329 3
1769 3286 1813 3320 et
1826 3277 1909 3322 hoc
1919 3294 2020 3321 con-

1176 3342 1322 3383 firmat
1338 3340 1472 3383 editio
1492 3341 1631 3397 prima
1647 3374 1659 3395 ‚
1683 3342 1756 3384 ubi
1773 3351 1877 3385 erat:

1175 3413 1237 3443 Per
1250 3412 1369 3443 falsum
1382 3413 1481 3454 Styga
1497 3412 1619 3444 Iunoni
1638 3413 1747 3453 jurene
1760 3413 1893 3445 solebat.
1918 3415 1958 3444 R.
