2268 3776
474 267 864 324 AMORUM
911 270 996 322 II.
1050 269 1305 325 ELEG.
1356 270 1610 325 XVIII.

246 384 539 467 Primaque
562 382 759 465 juratis
788 382 974 444 induis
1002 406 1155 444 arma
1180 383 1344 445 viris:

164 481 308 554 Nos,
339 481 549 553 Macer,
582 479 793 558 ignavae
822 480 1056 542 Veneris
1084 504 1360 543 cessamus
1390 481 1450 541 in
1478 481 1705 555 umbra3

217 655 220 657 ι
247 579 322 638 Et
351 591 502 639 tener
530 600 764 661 ausuros
797 578 1026 658 grandia
1055 578 1262 658 frangit
1286 580 1479 640 Amor.

167 677 319 760 Saepe
345 699 506 749 meae,
544 676 797 751 tandem,
832 677 977 751 dixi,
1010 676 1260 751 discede,
1280 676 1520 761 puellae:

1922 697 1945 739 c!

245 774 313 832 In
341 772 548 851 gremio
581 772 725 834 sedit
751 774 1009 858 protinus
1033 774 1127 836 illa
1154 798 1294 836 meo.

167 871 346 954 Saepe,
378 871 580 954 pudet,
611 871 725 932 dixi
751 897 764 933 :
790 871 1029 933 lacrimis
1052 873 1142 933 vix
1171 870 1267 933 illa
1290 872 1544 943 retentis,

245 968 342 1028 Me
368 967 650 1028 miseram!
678 968 790 1050 jam
821 984 901 1044 te,
930 970 1096 1044 dixit,
1130 994 1308 1031 amare
1339 969 1548 1053 pudet?

162 1060 554 1146 Implicuitque
584 1066 716 1125 sues
740 1064 945 1125 circum
975 1090 1095 1127 mea
1125 1065 1268 1127 colla
1293 1064 1566 1138 lacertos;

242 1163 340 1236 Et,
374 1186 495 1246 quae
522 1187 609 1224 me
638 1163 907 1247 perdunt,
940 1163 1135 1226 oscula
1163 1162 1313 1226 mille
1345 1163 1514 1225 dedit.
1903 1196 1949 1224 lo

162 1264 400 1339 Vincor3
435 1280 492 1327 et
518 1266 805 1346 ingenium
834 1269 1031 1329 sumtis
1061 1284 1351 1330 revocatur
1382 1268 1452 1328 ab
1484 1267 1681 1340 armis3

243 1369 468 1453 Resque
501 1368 652 1432 domi
680 1384 894 1450 gestaS,
926 1385 983 1432 et
1009 1395 1131 1432 mea
1155 1369 1334 1443 bella,
1367 1394 1522 1431 cano.

167 1471 394 1555 Sceptra
423 1486 606 1535 tamen
637 1475 837 1549 sumsi3
873 1498 1112 1558 curaque
1135 1474 1432 1555 Tragoedia
1459 1487 1653 1534 nostra

168 1667 307 1709 quum
321 1668 373 1696 ex
384 1652 469 1698 hor.
485 1653 578 1712 ipso
591 1670 719 1698 versu
733 1662 777 1698 et
790 1656 1015 1712 sequenti,

165 1720 386 1774 Primaque
403 1718 570 1775 juratis
603 1727 683 1763 etc.
722 1718 884 1776 liqueat
916 1721 1017 1764 satis

166 1799 236 1827 res
254 1791 431 1841 poetam
451 1783 577 1828 altius
596 1784 818 1840 repetiisse
836 1801 847 1836 ;
871 1792 915 1828 et
936 1785 1017 1828 in-

166 1849 374 1893 choatum
389 1852 571 1894 carmen
585 1866 608 1893 a
622 1849 912 1906 jurejurando
928 1867 1016 1908 quo

166 1930 334 1971 gratos·
344 1914 562 1972 principes
575 1914 837 1975 Tyndareus
851 1915 1017 1974 obliga-

164 1990 286 2025 verat
298 1981 345 2024 in
359 1980 472 2025 illius
484 1979 790 2024 defensionem
803 2013 814 2035 ,
831 1981 900 2025 cui
914 1996 1016 2025 con-

163 2047 239 2104 jux
276 2044 452 2090 Hele-a
485 2045 708 2103 obtigisset
725 2078 736 2101 ,
767 2048 832 2088 ad
864 2050 1016 2090 imtmn

168 2115 407 2167 Achillem,
427 2128 517 2170 quo
536 2112 636 2157 llias
658 2112 908 2167 exorditur,
916 2128 1019 2168 per-

164 2180 350 2222 danti-se.

217 2244 256 2287 3.
285 2245 454 2299 Ignara·
482 2246 668 2288 Venem.
701 2242 899 2299 Quidam
931 2259 1017 2287 co-

166 2309 282 2353 dices
313 2313 469 2364 e‘gnaoa
499 2308 664 2352 habent
685 2324 696 2352 :
723 2309 832 2352 mihi
865 2318 1016 2352 tamen

165 2372 341 2417 mollius
357 2389 537 2417 carmen
557 2389 736 2417 currere
755 2373 931 2417 videtur
946 2407 958 2429 ,
982 2375 1019 2417 si

165 2442 326 2493 ignave
338 2438 534 2496 legatum
550 2454 648 2494 quae
662 2438 790 2481 lectio
805 2439 940 2482 etiam
956 2448 1022 2483 est

165 2504 468 2548 vetustissima.
489 2504 621 2547 ΜΔΕ.

223 2571 262 2624 4.
281 2569 477 2613 Ausum
490 2571 686 2625 granden.
702 2568 924 2613 Carminis
938 2570 1019 2614 he-

167 2635 272 2680 roici
283 2645 555 2694 argumenta:
564 2639 878 2693 Frangt‘tamor.
891 2637 1021 2680 Infir-

166 2701 379 2755 mat3sacit
388 2717 476 2758 quo
485 2701 630 2746 minus
639 2705 817 2746 audeam
823 2707 1017 2758 grandeioe.

223 2766 262 2808 8.
273 2767 347 2810 Me
359 2760 550 2810 mmmm
563 2800 573 2819 ,
586 2783 661 2811 cur
669 2773 712 2810 te
719 2801 729 2819 ,
743 2770 866 2820 darii,
876 2782 1019 2812 amam

163 2833 304 2885 pudet.
319 2832 538 2877 Gruterus
558 2849 581 2877 e
605 2833 807 2877 Palatino
827 2834 1021 2892 adscrip-

170 2904 310 2951 scrat,
335 2898 409 2941 Mb
434 2903 628 2942 alsteram
641 2932 651 2951 ,
665 2899 764 2956 jam
790 2906 850 2950 le,
879 2903 1014 2951 dz‘m’t,

169 2974 313 3004 amare
329 2963 494 3015 pudet?
527 2963 677 3006 Etiam
707 2965 782 3020 qui
813 2964 1018 3022 scaligeri

170 3024 332 3068 librum
350 3041 455 3070 oum
475 3027 611 3072 MSS.
625 3030 882 3073 contulerat.
904 3030 1020 3075 Sua-

170 3091 264 3134 vius
283 3098 328 3134 et
346 3090 597 3148 elegantius.
618 3092 741 3136 DAN.
759 3094 928 3138 Hltms.

229 3172 290 3198 11.
330 3157 495 3198 Viaecon
523 3156 653 3201 Unus
675 3158 864 3214 Mox-eti,
875 3160 1020 3214 sran—

166 3237 268 3276 gor:
287 3229 338 3265 ut
358 3220 493 3278 Epist.
511 3221 756 3279 Penelopes
773 3224 851 3266 85:
867 3226 945 3267 Ille
957 3231 1020 3268 ta-

169 3303 262 3330 men
287 3289 562 3342 precibusque
593 3291 696 3330 meis
716 3321 726 3339 ,
756 3291 1022 3345 lacrimisque

164 3354 334 3407 pudic-125
364 3354 599 3406 Frangilur.
631 3351 690 3395 Et
719 3352 918 3410 Propert.
953 3367 990 3397 11
1007 3388 1018 3409 ,

175 3415 296 3472 Eleg.
316 3430 411 3470 xlv,
433 3434 455 3459 α
480 3431 489 3460 2
513 3429 614 3469 xm,
638 3418 676 3470 4.

1101 1657 1161 1701 Et
1179 1658 1239 1701 sic
1256 1671 1371 1714 sape
1392 1655 1503 1700 alibi.
1525 1655 1693 1698 Huius.
1719 1653 1808 1699 sed
1830 1670 1952 1713 pre-

1100 1723 1227 1767 cessit
1261 1722 1397 1767 modo
1413 1755 1425 1777 ,
1442 1723 1618 1778 smngit
1643 1737 1763 1764 aanor
1782 1738 1795 1764 :
1816 1738 1951 1779 quare

1099 1788 1273 1831 retineo
1282 1787 1516 1844 vulgatam.
1531 1787 1741 1830 Urorerat
1754 1786 1798 1830 in
1810 1787 1954 1844 primo

1100 1853 1267 1896 Moreti
1283 1868 1294 1896 τ
1312 1853 1358 1895 in
1381 1851 1553 1895 duobus
1573 1850 1687 1906 aliis,
1702 1856 1860 1907 positis
1878 1869 1953 1896 re-

1100 1923 1272 1962 vocatur
1295 1920 1352 1960 ab
1376 1922 1507 1960 armis
1527 1933 1540 1959 :
1562 1932 1659 1973 qun
1687 1917 1843 1960 eadem
1870 1934 1954 1961 va-

1099 1985 1230 2029 rietas
1252 1993 1317 2028 est
1339 1983 1475 2041 Epist.
1493 1997 1536 2035 v,
1554 1983 1621 2026 35.
1642 1983 1955 2029 Bonum—In-

1094 2054 1261 2105 genium
1271 2053 1422 2093 sumtis
1441 2054 1662 2092 revocatur
1676 2051 1733 2091 ab
1746 2054 1888 2092 armis.
1914 2050 1955 2092 Α

1099 2113 1215 2157 bello
1237 2114 1441 2172 giganteo
1457 2147 1469 2169 ,
1497 2112 1615 2170 quod
1638 2122 1825 2157 tractare
1851 2130 1951 2157 εω-

1100 2186 1224 2235 perat
1239 2184 1366 2234 graus·
1380 2195 1547 2221 numero
1559 2212 1570 2229 ‚
1594 2187 1639 2221 et
1656 2177 1798 2221 modis
1812 2186 1957 2221 mate-

1099 2244 1174 2287 riae
1195 2244 1558 2288 convenientibus
1572 2276 1585 2298 ,
1606 2243 1755 2286 denuo
1771 2261 1953 2287 revoca-

1100 2313 1168 2349 tus
1180 2342 1190 2358 ‚
1222 2324 1288 2350 res
1307 2311 1605 2363 domigenas,
1627 2324 1800 2354 amores
1820 2309 1957 2352 nimi-

1100 2389 1231 2425 rum;
1261 2382 1305 2417 et
1337 2390 1418 2416 sua
1448 2377 1585 2425 bella,
1615 2373 1754 2428 rixas,
1782 2374 1924 2431 jurgia
1942 2407 1955 2428 ,

1101 2453 1198 2494 quae
1217 2438 1374 2495 saepius
1391 2438 1511 2481 inter
1530 2446 1728 2482 amantes
1746 2439 1955 2483 exoriun-

1100 2513 1198 2559 tur,
1223 2514 1348 2562 parat
1370 2505 1603 2549 celebrare.

1160 2588 1177 2613 1
1185 2587 1222 2614 ει.
1232 2573 1296 2614 Et
1301 2587 1395 2614 mea
1403 2573 1527 2614 bella.
1540 2571 1786 2627 Mafacla,
1797 2572 1955 2616 Franc.

1160 2635 1222 2678 13.
1242 2637 1431 2693 Curaque
1452 2638 1495 2679 T
1487 2639 1682 2692 mgoedia
1693 2643 1840 2680 nostm
1855 2640 1956 2681 Cte-

1101 2705 1169 2744 vit.
1181 2699 1347 2753 Medeam
1368 2717 1465 2758 quae
1478 2701 1709 2745 videbatur
1721 2701 1954 2745 ostendere

1099 2765 1364 2822 peritissimo
1385 2767 1506 2811 istius
1522 2766 1644 2809 modi
1665 2783 1819 2810 rerum
1839 2767 1955 2811 ati-

1099 2833 1258 2876 matori
1270 2832 1566 2889 Quintiliano,
1581 2834 1638 2886 X,
1651 2846 1684 2886 1,
1703 2851 1724 2868 «
1737 2841 1952 2888 quantum

1063 2955 1067 2957 μ
1100 2898 1167 2941 vir
1188 2898 1259 2941 ille
1275 2907 1476 2955 praestare
1496 2897 1714 2953 potuerit,
1729 2896 1954 2954 siingenio

1099 2979 1178 3008 suo
1194 2972 1442 3020 temperare
1456 2996 1467 3017 ,
1479 2978 1613 3018 quam
1624 2956 1852 3019 indulgere
1865 2979 1954 3006 ma-

1099 3029 1260 3075 luisset.
1277 3047 1302 3066 »
1331 3030 1499 3072 Versus
1526 3028 1595 3071 vix
1622 3044 1736 3072 unus
1768 3037 1814 3072 et
1844 3029 1956 3073 alter

1101 3094 1154 3138 ad
1175 3110 1256 3138 nos
1271 3110 1409 3150 usque
1425 3102 1723 3150 pervenerunt
1734 3127 1746 3149 ,
1758 3094 1833 3151 qui
1847 3094 1953 3138 rhe-

1100 3161 1207 3204 toris
1238 3160 1453 3217 judicium
1480 3160 1763 3205 confirment.
1793 3161 1954 3204 Unum

1100 3226 1287 3271 servavit
1304 3225 1393 3282 ipse
1411 3225 1570 3281 Quint.
1590 3240 1679 3270 v111
1694 3260 1707 3281 ,
1730 3230 1780 3270 5:

1099 3295 1234 3325 Servare
1248 3292 1340 3333 potui
1354 3302 1364 3322 ε
1380 3292 1513 3332 perdere
1526 3304 1569 3324 an
1586 3293 1709 3333 possim
1732 3291 1849 3332 rogas?

1102 3354 1162 3397 Et
1173 3354 1360 3397 alterum
1372 3353 1527 3397 Senec.
1540 3353 1672 3397 Rhet.
1685 3353 1859 3398 Suasor.
1870 3367 1928 3396 111
1941 3370 1954 3396 2

1139 3424 1241 3454 Feror
1256 3422 1319 3452 huc
1328 3446 1339 3462 ‚
1357 3422 1435 3453 illuc
1448 3447 1459 3462 ‚
1478 3429 1514 3453 ut
1532 3423 1626 3464 plena
1641 3425 1722 3455 Deo.
