2268 3776
209 291 240 342 8
674 290 739 342 Ρ.
789 290 1078 346 OVIDII
1118 291 1492 349 NASONIS

287 402 400 482 Qui
432 402 643 477 deceat,
673 427 892 465 currum
921 405 1162 466 Vitricus
1191 405 1309 490 ipse
1333 406 1511 468 dabit:

202 500 377 581 Inque
404 498 538 559 dato‘
562 524 750 574 curru,
782 501 993 585 populo
1019 501 1282 563 clamante
1311 502 1651 587 triumphum
1669 550 1685 576 ,
1908 520 1960 562 25

284 598 496 668 Stabis3
531 612 586 658 et
613 597 895 679 adjunctas
925 615 1036 660 arte
1065 600 1312 662 movebis
1341 625 1482 674 aveS,

202 695 489 755 Ducentur
514 695 737 775 juvenes
767 697 936 780 capti,
971 712 1247 781 captaeque
1273 697 1503 781 puellae:

282 791 410 850 Haec
444 791 547 850 tibi
575 792 896 870 magnificus
924 818 1129 877 pompa
1157 794 1473 876 triumphus
1499 791 1617 854 erit.

201 886 327 966 Ipse
357 909 487 963 eg0,
520 887 701 968 praeda
730 911 948 961 recens,
980 890 1183 950 factum
1208 888 1376 950 modo
1405 887 1605 949 vulnus
1632 885 1879 957 habebO,

280 981 356 1039 Et
384 1005 526 1040 nova
556 983 768 1064 captiva
794 984 1011 1046 vincula
1040 1000 1222 1046 mente
1250 985 1435 1047 feram.
1911 998 1964 1040 30

199 1083 363 1144 Mens
391 1086 551 1146 Bona
575 1086 828 1160 ducetur,
861 1090 1118 1148 manibus
1146 1103 1279 1170 post
1307 1102 1458 1164 terga
1482 1086 1734 1157 retortis,

277 1186 353 1245 Et
382 1186 591 1260 Pudor,
626 1203 681 1248 et
709 1190 900 1249 castris
925 1187 1198 1271 quidquid
1226 1187 1451 1247 Amoris
1481 1186 1658 1247 obest.

202 1287 406 1347 Omnia
436 1303 487 1348 tc
517 1304 767 1350 metuent
793 1317 806 1349 :
837 1290 906 1351 ad
937 1306 988 1350 te
1017 1314 1114 1350 sua
1139 1288 1364 1350 brachia
1392 1287 1626 1349 tendens

276 1388 523 1466 Vulgus,
556 1392 647 1461 10,
677 1413 876 1467 magna
903 1413 1066 1463 voce,
1098 1390 1435 1473 Triumphe!
1467 1403 1640 1450 canet.

194 1537 466 1594 triumphalis
493 1538 676 1595 propriis
697 1537 806 1581 adeo
826 1546 871 1581 et
890 1538 1039 1582 vividis

1121 1539 1330 1583 Francius
1348 1539 1536 1582 malebat
1547 1571 1560 1594 ‚
1583 1541 1803 1594 spectante
1822 1542 1968 1581 trium-

191 1601 406 1645 coloribus
426 1602 699 1652 describitur,
722 1612 771 1646 ut
791 1620 887 1647 rem
903 1604 1039 1660 ipsam
1114 1608 1243 1661 phum
1258 1638 1269 1660 ,
1290 1614 1339 1650 ut
1360 1614 1424 1649 est
1442 1607 1489 1649 in
1506 1620 1597 1648 uno
1612 1604 1785 1648 Heinsii
1800 1621 1810 1656 ;
1827 1612 1871 1647 et
1888 1603 1969 1646 de·-

193 1685 373 1711 cernere
387 1701 399 1722 ,
415 1684 504 1710 non
523 1668 781 1724 descriptam
795 1670 938 1725 legere
952 1670 1042 1713 lec-

193 1741 264 1776 tor
283 1732 530 1776 crediderit.
552 1734 660 1776 Haec
675 1733 728 1776 de
749 1749 922 1782 summa
944 1745 954 1772 :
972 1733 1041 1775 vi-

192 1797 294 1840 deas
314 1814 433 1841 nunc
450 1814 580 1854 quam
602 1807 699 1854 apte
715 1831 728 1852 ,
750 1814 882 1854 quam
897 1797 1040 1853 exqui-

189 1862 266 1906 site
287 1895 298 1917 ,
330 1880 427 1920 pars
448 1879 628 1920 quaeque
647 1864 693 1907 in
716 1865 848 1907 totius
876 1863 1040 1907 tabellae

191 1928 330 1971 finem
353 1929 569 1985 conspiret
589 1928 810 1986 disposita!
834 1929 1041 1971 Materna

190 2003 339 2052 myrto
359 2009 532 2037 comam
554 1994 720 2037 cinctus
745 1994 887 2037 Amor
907 2009 1042 2037 curru

192 2059 378 2113 insidet,
409 2075 542 2115 quem
572 2060 694 2103 Mars
721 2060 811 2116 ipse
832 2059 1009 2102 tradidit
1026 2090 1038 2113 ‚

192 2124 347 2179 cuique
361 2133 579 2167 maternas
592 2141 689 2168 aves
700 2125 956 2179 (columbas)
970 2123 1042 2167 ad—

191 2188 342 2244 junxit.
373 2189 492 2232 Hinc
506 2197 552 2232 et
567 2188 668 2232 inde
685 2194 809 2245 capti
819 2189 1041 2233 ducuntur

192 2254 375 2308 juvenes
392 2263 435 2297 et
450 2254 601 2310 puellae
616 2287 628 2308 ‚
652 2270 760 2310 quos
774 2254 891 2298 inter
905 2286 916 2308 ,
929 2271 1042 2308 pra·-

190 2322 250 2360 da
274 2336 439 2369 recens,
478 2322 636 2364 Noster
656 2320 819 2364 incedit
835 2354 846 2376 ,
868 2321 1039 2377 factum

190 2386 312 2426 modo
324 2387 473 2426 vulnus
486 2385 662 2429 habens.
684 2386 944 2443 Sequuntur
956 2390 1040 2430 Bo-

188 2466 248 2492 na
262 2465 393 2503 mens,
407 2459 450 2492 et
463 2452 615 2499 Pudor,
635 2459 680 2491 et
694 2452 907 2507 quidquid
922 2457 1043 2495 obest

191 2514 364 2568 Amori,
377 2513 484 2556 dum
498 2514 1042 2559 circumvolitantBlandi-

190 2584 258 2622 tz'oe
289 2579 469 2622 comites
486 2611 498 2632 ,
538 2580 742 2634 Errorque
767 2611 779 2632 ,
823 2580 1040 2635 Fumrque.

193 2643 369 2687 Plaudit
405 2644 575 2686 interea
614 2651 756 2685 mater
791 2645 844 2685 de
882 2660 1041 2687 summo

197 2711 397 2766 Olympo‚·
420 2718 465 2751 et
480 2725 537 2752 ne
554 2708 648 2764 quis
659 2709 871 2751 victorem
886 2719 1042 2753 natum

191 2773 323 2829 possit
343 2774 534 2830 effugere
547 2806 559 2827 ,

428 2845 606 2886 Adpositas
622 2845 744 2887 spargit
760 2845 794 2876 in
809 2856 865 2877 ora
877 2856 977 2877 rosas,

196 2906 330 2951 Unde
350 2905 402 2948 fit
415 2939 427 2961 ,
459 2914 508 2948 ut
528 2921 620 2948 non
644 2906 825 2962 pulcher
843 2906 977 2949 modo
997 2915 1042 2950 et

195 2973 410 3015 formosus
432 3005 444 3026 ‚
496 2971 571 3015 sed
618 2987 771 3015 aureus
807 2973 882 3026 (ut
918 2981 1044 3016 vocat

197 3035 433 3080 Anacreon
460 3038 755 3099 χρυσοχοείτης)
785 3042 948 3081 αυναίιῖι·
974 3046 1044 3081 eat

195 3105 241 3143 in
259 3106 374 3144 rotis.
396 3100 521 3157 Quid
542 3102 705 3144 mirum
719 3102 872 3160 igitur,
894 3103 952 3157 si,
974 3103 1043 3146 vel

190 3169 458 3220 praeteriens,
492 3169 665 3209 vulnera
689 3170 822 3210 multa
842 3167 1012 3212 dederit
1027 3199 1040 3222 ‚

198 3238 243 3273 et
261 3235 399 3273 vicino
420 3247 574 3286 vapore
592 3232 782 3276 noceat?

251 3297 318 3348 24,
348 3299 435 3349 Qui
443 3297 595 3339 deceat
602 3312 758 3340 currus.
776 3298 1040 3352 Quideceat,
1078 3318 1081 3322 ·

198 3374 357 3402 currum
378 3372 391 3398 ι’
411 3361 568 3417 scripti.
591 3362 758 3406 HEINS.

253 3426 317 3466 25.
354 3426 515 3479 Populo
544 3428 755 3470 clamante
781 3430 1042 3483 triumphum.

1120 1670 1242 1713 sendi
1262 1679 1431 1728 posset,
1454 1687 1505 1714 ex
1524 1684 1588 1714 1v.
1607 1669 1738 1713 Trist.
1761 1682 1798 1711 11
1812 1701 1824 1723 ,
1851 1680 1927 1728 19:

1122 1740 1207 1780 Ergo
1215 1740 1318 1771 omnis
1326 1740 1466 1781 populus
1474 1740 1591 1781 poterit
1597 1737 1966 1781 spectaretriumphum.

1124 1799 1246 1844 Alius
1257 1833 1268 1855 ,
1290 1804 1499 1843 clamante
1512 1801 1714 1854 triumphe
1731 1814 1746 1853 ;
1760 1806 1810 1842 ut
1819 1798 1873 1840 sit
1888 1812 1969 1853 pro

1123 1870 1172 1910 Io
1185 1870 1386 1922 triumphe
1398 1900 1410 1921 ,
1431 1866 1546 1923 quod
1564 1882 1666 1909 mox
1679 1882 1788 1908 vers.
1809 1865 1863 1918 34
1875 1896 1886 1917 ,
1908 1879 1970 1906 se-

1123 1932 1285 1988 quitur.
1305 1933 1364 1975 Et
1383 1934 1441 1976 ita
1462 1934 1618 1976 Horat.
1638 1931 1708 1974 lib.
1727 1944 1776 1974 1v
1789 1963 1801 1985 ,
1825 1929 1914 1973 Od.
1931 1946 1967 1971 2.

1178 1996 1243 2038 26.
1273 1997 1528 2051 Adjunctas.
1558 1998 1768 2040 Admotus
1792 1992 1969 2051 quidam

1122 2060 1269 2117 scripti
1292 2074 1302 2101 :
1325 2061 1450 2106 male.
1470 2061 1606 2119 Epist.
1628 2074 1696 2104 ΧΗ
1712 2093 1724 2115 ,
1752 2062 1826 2102 152
1848 2071 1860 2099 ε

1280 2131 1467 2172 Adjunctos
1479 2139 1598 2160 aureus
1610 2136 1702 2170 urget
1717 2138 1830 2170 equos.

1124 2189 1239 2234 Vide
1261 2191 1330 2234 lib.
1353 2204 1370 2233 1
1384 2224 1396 2247 ‚
1421 2191 1517 2234 Art.
1537 2190 1638 2233 Am.
1659 2192 1740 2234 550
1759 2202 1771 2230 ι

1162 2258 1318 2301 Tigribus
1334 2262 1501 2305 adfirmetis
1510 2272 1607 2292 aurea
1623 2262 1691 2292 lora
1707 2260 1816 2292 dabat.
1832 2260 1968 2292 Rarus.

1177 2321 1244 2363 30.
1269 2324 1446 2377 Captiva
1459 2327 1607 2365 mente.
1630 2321 1750 2378 Quia
1764 2321 1880 2364 ultro
1897 2337 1971 2364 me

1123 2386 1199 2430 tibi
1221 2395 1265 2429 et
1284 2388 1434 2430 volens
1452 2387 1653 2439 submisi;
1678 2402 1817 2443 eoque
1842 2402 1973 2430 sensu

1123 2455 1295 2493 vincula
1309 2469 1418 2495 nova
1429 2454 1536 2496 sero,
1555 2454 1732 2503 Novum
1754 2452 1912 2509 quippe
1928 2460 1972 2494 et

1122 2514 1372 2558 inauditum
1389 2549 1399 2566 ,
1431 2517 1595 2557 durum
1616 2517 1726 2559 adeo
1744 2516 1971 2559 servitium

1122 2588 1276 2635 sponte
1298 2595 1565 2635 quemquam
1583 2580 1771 2623 subiisse.

1177 2644 1202 2685 3
1211 2661 1244 2685 1.
1264 2646 1390 2686 Mens
1404 2647 1531 2687 Bona
1544 2647 1722 2687 ducetur
1734 2653 1813 2687 ete.
1831 2644 1969 2688 Recte

1124 2707 1326 2764 quiderm
1360 2725 1443 2752 nec
1463 2709 1685 2752 immerito
1706 2709 1970 2768 Mythogra-

1123 2774 1314 2830 phorum
1351 2773 1465 2830 apud
1500 2788 1582 2817 nos
1616 2773 1816 2831 princeps
1837 2807 1850 2830 ,
1902 2776 1971 2817 La

1123 2841 1330 2881 Fontaine
1344 2872 1356 2890 ,
1379 2838 1450 2882 lib.
1471 2852 1520 2882 1v
1535 2871 1547 2893 ,
1579 2838 1683 2881 Fab.
1707 2854 1750 2882 1:

1205 2915 1350 2954 Amour,
1364 2914 1511 2954 Amour,
1522 2914 1640 2955 quand
1648 2921 1685 2945 tu
1699 2924 1778 2944 nous
1792 2913 1892 2954 tiens,

1205 2975 1258 3006 On
1262 2982 1348 3017 peut
1355 2974 1431 3005 bien
1438 2974 1511 3005 dire
1520 2997 1532 3014 ‚
1543 2974 1644 3006 adieu
1650 2974 1825 3006 Prudence
1832 2977 1846 3006 ,⁰

1122 3058 1178 3069 -
1189 3036 1390 3077 Manibus
1401 3039 1506 3090 post
1523 3039 1643 3090 terga
1659 3039 1838 3079 retortis.
1856 3036 1964 3091 Alii,

1122 3104 1268 3157 ligatas·
1284 3109 1351 3143 :at
1365 3100 1518 3158 fragm.
1531 3100 1703 3158 regium
1713 3134 1724 3152 ‚
1743 3117 1843 3144 cum
1858 3117 1967 3144 non-

1123 3165 1251 3209 nullis
1262 3166 1429 3223 scriptis
1442 3165 1652 3222 editisque
1662 3199 1675 3222 ,
1705 3170 1884 3210 retortis.

1177 3231 1243 3273 33.
1282 3232 1362 3274 Ad
1385 3237 1428 3274 te
1461 3247 1541 3273 sua
1573 3234 1746 3275 brachia
1781 3233 1974 3274 tendent:

1123 3296 1441 3352 Fragmentum
1476 3296 1666 3354 Regium
1685 3330 1698 3352 ,
1730 3298 1795 3339 ad
1818 3300 1862 3338 te
1885 3311 1966 3338 sua

1123 3362 1298 3405 brachia
1322 3365 1496 3404 tendens
1529 3364 1686 3417 Vulgus
1708 3372 1723 3401 .·
1742 3358 1860 3416 quod
1885 3375 1964 3402 se·-

1125 3442 1247 3484 quor.
1296 3426 1418 3471 Bene
1451 3427 1583 3471 etiam
1612 3441 1724 3469 unus
1762 3423 1925 3467 Moreti
1949 3455 1961 3478 ,
