2268 3776
510 310 906 371 AMORUM
950 312 1076 367 ΙΙΙ.
1125 311 1368 367 ELEG.
1411 313 1485 369 V.

1787 314 1885 389 173

725 627 1124 698 ELEGIA
1179 627 1263 696 V.
1296 629 1323 657 *

892 803 1126 815 ...—

896 1019 1131 1051 sommum.

129 1154 292 1242 Nox
324 1187 470 1246 erat,
498 1186 554 1235 et
582 1195 811 1234 somnus
842 1170 1020 1250 lassos
1051 1173 1312 1235 submisit
1342 1173 1563 1238 ocellos,

206 1274 548 1335 Terruerunt
571 1271 811 1332 animum
843 1269 972 1331 talia
995 1271 1110 1332 visa
1140 1295 1340 1333 meum.

129 1368 284 1432 Colle
311 1368 416 1430 sub
449 1367 636 1452 aprico
670 1367 1059 1430 celeberrimus
1089 1368 1213 1430 ilice
1244 1368 1403 1431 lucus

209 1466 436 1539 Stabat;
468 1480 524 1527 et
550 1466 610 1526 in
637 1465 803 1527 ramis
832 1465 1007 1527 multa
1036 1465 1245 1528 latebat
1273 1468 1403 1528 avis,

130 1563 274 1628 Area
301 1562 578 1642 gramineo
609 1563 836 1625 suberat
863 1562 1191 1625 viridissima
1222 1579 1415 1648 prato,
1893 1586 1918 1626 5

213 1659 394 1721 Uvida
421 1660 487 1721 de
517 1660 689 1739 guttis
716 1659 836 1720 lene
864 1661 1114 1721 sonantis
1137 1685 1306 1744 aquae.

132 1759 258 1842 Ipse
286 1757 394 1819 sub
425 1757 672 1818 arboreis
697 1755 938 1817 vitabam
964 1755 1261 1818 frondibus
1294 1773 1520 1819 aestum:

212 1854 431 1921 Fronde
461 1854 566 1916 sub
603 1853 835 1917 arborea
863 1852 959 1915 sed
991 1868 1172 1916 tamen
1202 1870 1366 1916 aestus
1396 1870 1527 1916 erat.

134 1952 302 2024 Ecce,
323 1967 520 2037 petens
547 1951 711 2012 variis
739 1950 1016 2011 immixtas
1043 1951 1280 2013 floribus
1309 1953 1540 2026 herbaS‚

218 2049 491 2115 Constitit
519 2064 647 2111 ante
678 2047 869 2110 oculos
896 2048 1130 2111 candida
1155 2074 1315 2112 vacca
1343 2074 1515 2112 meos.
1877 2081 1927 2110 m

141 2146 449 2208 Candidior
476 2146 733 2219 nivibus,
760 2160 893 2206 tunc
925 2170 1098 2229 quum
1125 2148 1365 2209 cecidere
1397 2163 1674 2221 recentes3

195 2315 218 2339 *
239 2314 438 2375 Elegiam
448 2315 565 2360 hanc
582 2314 661 2374 (ne
679 2314 773 2372 quis
786 2314 993 2369 miretur)

142 2382 188 2426 in
207 2381 338 2427 nullis
359 2379 500 2425 adhuc
519 2380 744 2438 impressis
765 2379 994 2436 exempla-

143 2448 262 2491 ribus
273 2446 409 2490 visam
422 2477 435 2501 ,
450 2460 531 2489 nos
541 2461 592 2488 ex
599 2444 997 2488 vetustissimorum

144 2513 346 2558 codicum
374 2511 630 2563 auctoritate
668 2510 915 2554 curavimus
948 2509 994 2552 in

141 2594 221 2623 suo
234 2577 430 2629 hocloco
443 2574 747 2634 reponendam
767 2593 777 2628 ς
802 2591 885 2619 nec
902 2590 1000 2618 nos-

145 2655 214 2689 tra
234 2643 501 2702 expositione
523 2641 755 2699 indignam
779 2639 1000 2698 judicavi—

148 2727 260 2754 mus.
291 2709 358 2766 Ut
387 2707 508 2753 enim
535 2723 630 2751 non
657 2706 712 2750 sit
739 2706 786 2749 in
807 2705 888 2749 hac
908 2706 1002 2748 sor-

148 2784 256 2819 tasse
272 2805 285 2829 ,
309 2787 406 2831 quae
424 2773 470 2816 in
495 2770 650 2816 ceteris
668 2803 679 2825 ,
702 2771 816 2814 limae
831 2770 1003 2827 persec-

151 2842 213 2885 tio
238 2859 250 2895 ;
284 2841 344 2886 sic
372 2855 464 2886 non
495 2837 795 2883 defraudanda
828 2836 1004 2880 videtur

152 2921 306 2951 earum
319 2905 551 2950 consortio.
565 2905 696 2948 ΜΔΕ.
712 2927 766 2938 -
780 2902 1005 2962 Gryphius

155 2981 201 3015 et
221 2970 520 3015 Bersmannus
534 3003 547 3025 ‚
571 2979 620 3013 ut
637 2971 939 3028 fragmentum
953 2985 1005 3011 ex

155 3037 554 3097 Epigrammatibus
569 3070 582 3092 ,
612 3037 666 3080 ad
687 3037 851 3081 calcem
873 3034 1005 3092 primi

158 3104 268 3148 tomi
288 3105 565 3161 rejecerunt:
587 3102 633 3145 in
654 3103 796 3159 prima
813 3101 1006 3144 editione

155 3177 222 3213 est
242 3175 360 3211 sexta
378 3165 478 3209 libri
498 3165 677 3209 secundi
695 3183 706 3216 ;
739 3166 786 3208 in
810 3164 1008 3207 Juniano

158 3232 307 3278 codice
315 3230 582 3288 legitur-'post
590 3229 788 3287 Elegiam
799 3229 851 3271 de
865 3229 1007 3281 Nuce,

161 3298 237 3342 ubi
252 3306 297 3341 et
311 3295 450 3340 Aldus
465 3294 688 3339 collocavit
705 3310 715 3338 :
733 3294 781 3337 in
794 3293 900 3348 aliis,
916 3300 1012 3350 post

163 3364 363 3422 Elegiam
401 3364 449 3406 in
485 3371 678 3406 mortem
710 3360 875 3404 Tibulli
899 3377 911 3413 ς
965 3359 1013 3402 in

164 3431 440 3475 Francosurt.
460 3438 557 3486 post
578 3428 690 3472 Ibin.
713 3428 873 3471 BURM.

1081 2958 1087 2961 χ
1149 2939 1188 2949 ...
1203 2917 1314 2949 Arbor
1329 2916 1373 2946 ibi
1384 2939 1394 2954 ,
1410 2915 1486 2946 nive

1136 2336 1152 2361 1
1161 2353 1171 2362 .
1186 2321 1350 2362 Lassos
1361 2321 1560 2362 submisit
1572 2320 1742 2362 ocellos.
1760 2319 1926 2374 lapsos

1078 2399 1158 2441 pro
1181 2384 1348 2428 diversa
1369 2385 1556 2428 lectione
1574 2417 1586 2439 ,
1614 2385 1900 2429 San-avianus
1920 2400 1931 2427 :

1079 2459 1319 2507 utrumque
1342 2451 1531 2507 probum
1552 2458 1629 2493 est.
1662 2449 1737 2493 Sic
1763 2449 1934 2493 Seneca

1082 2515 1219 2572 Epist.
1240 2529 1328 2558 vnr
1343 2548 1356 2571 ,
1381 2518 1539 2559 Oculos
1559 2518 1709 2571 vigilia
1716 2515 1934 2571 fatigatos

1081 2584 1354 2638 cadentesque
1374 2580 1491 2625 dixit.
1508 2604 1564 2613 —
1581 2581 1802 2633 submisit,
1820 2583 1935 2624 clau·

1082 2651 1171 2699 s1·t‚·
1196 2646 1357 2691 scilicet
1378 2646 1503 2690 mihi.

1138 2713 1177 2756 3.
1203 2714 1508 2756 Celebern'mus.
1532 2713 1785 2756 Puteaneus
1799 2743 1811 2764 ,
1839 2711 1939 2752 Cre—

1085 2783 1293 2823 berrimus.
1312 2779 1386 2823 Sic
1398 2793 1448 2821 1v
1461 2812 1471 2829 ‚
1493 2777 1745 2836 Metam.89
1758 2809 1770 2828 ‚
1791 2776 1940 2818 Hein-

1085 2848 1172 2891 sius
1192 2864 1242 2891 ex
1264 2847 1381 2890 libris
1401 2846 1569 2902 scriptis
1590 2844 1779 2887 restituit
1799 2858 1810 2885 ε

1489 2915 1515 2944 is
1530 2912 1749 2944 celeberrima
1764 2911 1882 2952 pomis.
1896 2911 1937 2942 B.

1144 2980 1183 3022 5.
1213 2979 1493 3020 Vt‘ridtksz'ma.
1516 2972 1698 3029 Legitur
1716 2971 1762 3014 in
1783 2986 1941 3014 exem—-

1089 3041 1279 3100 plaribus
1289 3040 1424 3083 etiam
1437 3070 1449 3092 ,
1467 3039 1760 3083 Nilidsssima:
1774 3043 1944 3078 utrum-

1091 3123 1176 3163 que
1198 3113 1330 3148 recte.
1351 3104 1482 3146 MAR.

1145 3172 1184 3214 6.
1197 3172 1310 3212 Lene
1321 3171 1525 3211 sonantis.
1542 3167 1842 3222 Lenefluenlzls,
1861 3167 1948 3209 Pa-

1094 3237 1254 3280 latinus
1277 3232 1507 3277 secundus.

1145 3317 1185 3360 9.
1198 3303 1313 3344 Ecce
1325 3304 1471 3353 petens
1490 3301 1622 3341 variis
1637 3298 1951 3352 immt'aelasflo-

1093 3371 1208 3411 ribus
1228 3368 1392 3408 herbas.
1422 3364 1478 3407 In
1499 3379 1591 3406 uno
1611 3363 1838 3406 Masseian.
1868 3366 1948 3403 in·-

1095 3448 1252 3486 nexas,
1275 3446 1367 3474 non
1386 3434 1602 3472 immiaems
1621 3428 1792 3486 legitur.
1814 3425 1947 3471 CIOF.
