2268 3776
248 327 316 399 78
722 322 785 374 P.
834 321 1127 379 ovlnu
1171 309 1552 380 NASONIS

245 441 471 522 Quique
501 452 588 498 tot
617 439 880 512 errandO,
914 455 1055 523 quot
1081 441 1258 515 bello,
1288 443 1532 525 perdidit
1562 446 1773 505 annos?

323 539 540 619 Raptus
568 549 623 594 et
651 536 956 596 Haemoniis
981 536 1182 598 flebilis
1213 540 1425 600 Hector
1453 542 1654 625 equis?

240 636 344 707 At,
377 632 512 692 facie
544 646 740 692 tenerae
773 632 992 695 laudata
1022 657 1166 717 saepe
1194 634 1427 718 puellae,

321 729 412 790 Ad
440 742 645 801 vatem,
671 729 913 811 pretium
941 730 1227 805 carminis,
1263 732 1386 815 ipsa
1413 734 1580 794 venit.

241 829 450 904 Magna
480 826 644 885 datur
672 848 878 886 merces
907 851 919 886 :
950 827 1187 887 heroum
1217 827 1363 889 clara
1389 829 1564 891 valete
1791 897 1793 906 ,
1972 851 2024 892 35

318 923 560 984 Nomina
585 948 597 982 :
624 946 740 982 non
769 937 898 1006 apta
927 939 1012 983 est
1042 924 1217 1002 gratia
1246 923 1426 987 vestra
1448 921 1621 987 mihi(
1801 937 1808 944 ’

238 1020 329 1080 Ad
356 1044 474 1080 mea
499 1019 757 1080 formosae
784 1018 971 1080 vultus
1003 1020 1262 1083 adhibete
1291 1023 1490 1106 puellae

318 1117 604 1191 Carmina,
636 1141 951 1201 purpureus
984 1142 1106 1201 quae
1135 1119 1273 1179 mihi
1305 1121 1476 1182 dictat
1500 1122 1693 1182 Amor.

237 1281 350 1338 tigiis
364 1289 565 1324 veterum
586 1281 801 1325 librorum
821 1281 875 1325 ad
895 1281 989 1326 haec
1006 1297 1097 1325 ma-
1177 1273 1369 1318 editione
1380 1274 2028 1332 etmelioribusscriptis.Quan-

241 1346 357 1389 lebat
375 1345 659 1402 Gebhardus‚
681 1348 751 1390 cui
767 1363 848 1405 ego
862 1347 1096 1391 adsensum
1178 1340 1254 1383 tilli
1275 1341 1441 1399 negotii
1462 1351 1555 1385 erat
1575 1357 1726 1385 veram
1749 1340 1853 1384 inde
1875 1340 2029 1384 lectio-

241 1414 436 1470 praebere
458 1429 550 1456 non
572 1429 749 1470 possum
762 1447 774 1468 ,
798 1429 937 1470 quum
956 1414 1097 1458 nostri
1176 1422 1283 1449 nem
1301 1408 1428 1451 nobis
1448 1407 1684 1451 reddidisse
1698 1440 1709 1462 ,
1730 1406 1815 1450 hoc
1836 1406 1971 1449 modo
1988 1422 1999 1449 :

240 1479 445 1521 meliores
463 1487 580 1521 stent
597 1493 678 1535 pro
696 1487 870 1535 recepta
891 1477 1094 1522 lectione.
1214 1480 1263 1511 At
1275 1478 1358 1510 facie
1373 1486 1490 1510 ‘0¹¹⁸‘ae
1503 1479 1634 1511 laudata
1646 1491 1730 1521 saepe
1742 1480 1871 1521 pueuae.

293 1543 358 1586 31.
379 1545 539 1599 Quique
554 1548 619 1585 tot
635 1546 834 1595 errando,
855 1549 957 1600 quot
969 1546 1092 1586 bello.
1178 1538 1312 1584 Certe
1341 1540 1655 1598 Neapolitanus
1687 1549 1733 1584 et
1763 1541 2028 1584 Arundelia⁴

238 1608 414 1663 Ulixes,
436 1609 510 1665 qui
525 1617 757 1666 postquam
778 1609 933 1653 decem
955 1625 1093 1653 annos
1174 1622 1258 1650 nus
1273 1641 1284 1658 ‚
1316 1611 1465 1650 teneroe
1492 1607 1679 1649 laudatae
1707 1621 1818 1662 soepe
1841 1609 1993 1661 puellae
2012 1622 2026 1648 .-

238 1682 340 1717 ante
370 1675 555 1730 Trojam
582 1675 902 1730 consumserit,
937 1674 1093 1718 decem
1174 1671 1245 1715 alii
1264 1672 1496 1727 nonnulli,
1517 1674 1786 1728 laudataque.
1804 1672 1975 1715 HEINS.

238 1756 412 1797 quoque
426 1742 602 1782 errando
607 1742 814 1795 perdidit,
839 1740 1094 1797 priusquam
1229 1737 1296 1779 35.
1325 1740 1508 1781 Heroum
1535 1740 1656 1780 clara
1677 1740 1817 1780 valete
1842 1740 2025 1780 nomina.

237 1805 349 1849 lares
369 1814 575 1862 paternos
596 1806 816 1850 reviseret.
1174 1803 1368 1860 Respicit
1386 1803 1458 1847 illa
1478 1803 1747 1847 Anacreont.
1771 1801 1873 1846 Ode
1894 1816 1912 1845 1
1932 1814 1943 1842 z

292 1870 359 1912 33.
373 1870 440 1913 At
440 1870 589 1926 facies
607 1875 757 1913 tenerae
771 1876 821 1913 ut
835 1874 1014 1913 laudata
1027 1877 1099 1914 est
1311 1876 1492 1932 Xoelpom
1514 1872 1638 1913 λοιπὸν
1662 1872 1752 1924 ἡμῖν

236 1951 347 1990 soepe
360 1938 525 1990 puelloe.
548 1936 713 1979 Versus
735 1935 905 1978 duriter
922 1935 1095 1980 habitus
1310 1925 1447 1997 ἥρωες·
1471 1939 1490 1986 ἡ
1512 1938 1602 1996 λύρη
1618 1936 1692 1995 γὰρ

237 2016 261 2042 a
279 2001 462 2046 librariis
479 2017 489 2044 z
509 2006 559 2044 ut
574 2009 619 2044 et
637 2006 707 2044 est
728 2001 885 2045 absunt
907 2017 931 2044 a
949 2001 1093 2058 prima
1166 1994 1171 2001 ’
1311 2003 1454 2050 Μόνους
1470 2004 1609 2064 ’ἔρωτας
1625 2002 1726 2058 ᾅδέι,

846 2299 1245 2369 ELEGIA
1299 2300 1409 2370 ΙΙ.

260 2602 321 2633 An
347 2603 530 2634 BAGOEN
557 2601 824 2646 QUEMDAM,
855 2605 1153 2647 EUNUCHUM,
1185 2605 1249 2636 ΠΤ
1278 2602 1493 2655 AmfrUM,
1524 2600 1587 2633 AD
1614 2600 1841 2634 nommAM
1870 2599 2004 2642 QUAM

667 2683 928 2728 SERVABA'I',
959 2686 1184 2718 PRAEBEAT
1213 2687 1374 2718 OVIDIO
1403 2683 1621 2717 FAcnAEM.

248 2822 326 2927 Q
344 2861 492 2906 UEM
523 2867 692 2928 penes
722 2860 807 2907 est
833 2845 1117 2906 dominam
1146 2844 1397 2906 servandi
1422 2868 1578 2918 cura,
1609 2845 1829 2922 Bagoe',

322 2943 472 3003 Dum
501 2967 708 3026 perago
740 2958 921 3003 tecum
950 2967 1154 3026 pauca,
1188 2942 1285 3003 sed
1314 2956 1466 3025 apta,
1499 2965 1643 3003 vaca.

240 3040 514 3100 Hesterna
541 3040 654 3100 vidi
683 3040 1012 3124 spatiantem
1040 3039 1160 3102 luce
1181 3038 1453 3123 puellam,

301 3221 335 3247 1.
372 3205 535 3258 Bagoe,
577 3204 630 3246 In
664 3204 908 3248 Barbarino
944 3203 1093 3248 codice
1177 3220 1200 3247 a
1223 3203 1384 3261 Sulpie.
1405 3202 1556 3247 Sever.
1575 3201 1648 3246 lib.
1669 3215 1731 3256 11,
1762 3199 1876 3243 Hist.
1903 3200 1953 3252 14
1981 3205 2025 3240 et

242 3275 336 3311 erat
361 3268 496 3324 glossa
513 3301 525 3322 ‚
561 3271 707 3323 lingua
733 3272 910 3324 Pet-sica
941 3273 1101 3312 dz‘cilur
1180 3269 1242 3312 16.
1260 3270 1373 3313 Plin.
1388 3283 1478 3313 x111
1492 3302 1503 3324 ‚
1526 3271 1576 3326 4:
1594 3286 1615 3305 «
1629 3267 1699 3311 De
1713 3265 1864 3323 palmis
1885 3262 2025 3307 claris-

242 3334 382 3388 Spado
402 3346 413 3371 ··
445 3342 490 3376 et
516 3333 577 3376 ita
606 3333 721 3390 apud
745 3333 953 3377 Curtium
980 3350 1093 3391 saepe
1174 3335 1294 3378 simae
1310 3336 1537 3389 omnium,
1560 3350 1665 3391 quas
1678 3331 1816 3392 regias
1834 3328 2024 3386 appella-

243 3398 947 3453 occurrit.BagousveroaLatinis
959 3400 1093 3443 etiam
1174 3417 1276 3444 vere
1309 3401 1362 3444 ab
1388 3400 1557 3443 honore
1574 3433 1586 3454 ,
1614 3397 1822 3455 quoniam
1849 3394 2022 3452 regibus

243 3463 401 3507 dicitur
421 3480 500 3522 pro
521 3468 706 3521 Bagoas.
734 3468 912 3523 Baquas
936 3466 1092 3511 dicitur
1173 3474 1349 3511 tantum
1371 3465 1560 3511 Persidis
1580 3463 1889 3515 servabantur,
1923 3460 2019 3502 Ba-
