2268 3776
248 302 318 379 76

710 305 776 359 P.
823 304 1117 364 OVIDII
1160 309 1325 367 NAS
1349 311 1551 370 ONIS

242 422 429 504 Atque
462 419 661 504 aliquis
687 423 974 504 juvenum,
1007 451 1118 510 quo
1153 453 1301 490 nunc
1328 455 1457 510 eg0‚
1494 431 1710 493 saucius
1740 456 1895 508 arcu,

322 518 607 595 Agnoscat
634 519 861 582 flammae
894 524 1113 584 conscia
1143 526 1301 604 signa
1330 552 1475 602 suae3

245 613 590 698 Miratusque
621 616 744 690 diu,
779 642 920 700 quo,
957 620 1132 693 dicat,
1166 622 1235 681 ab
1266 623 1446 685 indice
1481 625 1675 688 doctus

328 711 661 794 Composuit
695 738 852 776 casus
885 716 988 776 iste
1018 733 1187 800 poeta
1215 722 1411 780 meos?

1976 753 2025 783 10

240 806 429 867 Ausus
459 832 605 868 eram
623 856 638 882 ‚
669 812 922 886 memini,
957 813 1192 875 caelestia
1222 815 1400 877 dicere
1429 817 1576 878 bella
1588 836 1609 891 ,“

327 905 824 990 Centimanumque
859 909 1080 992 Gygen3
1113 927 1168 972 et
1199 914 1332 974 satis
1363 914 1474 974 oris
1500 930 1647 976 erat:

245 1000 438 1081 Quum
468 1001 607 1063 male
639 1028 696 1065 se
727 1005 917 1067 Tellus
948 1007 1067 1069 ulta
1099 1025 1214 1083 est,
1246 1011 1572 1095 ingestaque
1607 1010 1851 1095 Olympo

323 1098 518 1160 Ardua
547 1100 812 1163 devexum
844 1104 1042 1165 Pelion
1073 1107 1220 1167 Ossa
1248 1107 1393 1168 tulit.

242 1194 310 1253 In
339 1196 597 1258 manibus
624 1199 876 1274 nimbos,
914 1218 970 1263 et
1002 1228 1128 1264 cum
1159 1205 1299 1265 Jove
1322 1204 1532 1266 fulmen
1559 1174 1858 1278 habebam,
1982 1222 2029 1265 15

301 1377 363 1404 12.
387 1365 757 1421 Centimanumque
779 1369 821 1410 G
817 1383 941 1425 ygen.
963 1367 1098 1413 Certe

244 1441 359 1469 unus
378 1428 603 1472 Palatinus
619 1463 630 1484 ,
658 1433 814 1473 Gz'am:
834 1433 903 1474 alii
924 1434 1070 1490 plures
1084 1467 1096 1489 ‚

251 1492 427 1549 Gygam.
447 1493 772 1552 Rottendorph.
806 1498 932 1541 Gian.
960 1499 1100 1556 Apol-

245 1556 424 1602 lodorus
453 1559 579 1603 initio
600 1561 881 1606 Bibliothecae
903 1579 912 1606 :
935 1568 1100 1627 Οὐρανὸς

247 1629 395 1679 πρῶτος
428 1632 494 1669 τοῦ
524 1629 658 1675 παντός
690 1628 915 1681 ἔδυνάςευσε
948 1632 1100 1686 κόσμον.

248 1693 377 1743 γήμας
413 1694 452 1732 δὲ
480 1698 586 1746 Γῆν,
624 1694 799 1737 ἐτέκνωσε
825 1696 990 1751 πρώτους
1019 1715 1102 1745 τους

243 1747 530 1838 Exoerbyxfepoeg
560 1764 940 1823 προσαγορευθέντας,
984 1765 1104 1820 Βρια-

248 1841 340 1883 pem„
353 1854 365 1877 ‚
382 1825 482 1874 Γύην
498 1856 509 1877 ,
528 1827 683 1869 Κόττον.
706 1824 797 1868 Sed
818 1843 956 1883 quum
969 1827 1106 1871 ceteri

249 1895 447 1931 auctores
459 1920 471 1943 ,
489 1889 708 1933 Hesiodus
722 1907 883 1948 nempe
896 1892 943 1935 in
961 1892 1107 1935 Theo-

251 1951 408 2007 goma,
431 1952 613 2011 ejusque
637 1971 686 1998 ac
700 1955 922 2012 Apollonii
942 1957 1107 2001 Rhodii

252 2015 548 2071 Scholiastes;
596 2020 870 2078 Palaephatus
892 2056 904 2078 ,
957 2033 1108 2068 auctor

253 2053 579 2142 Etymologlci
566 2103 613 2129 ln
637 2090 908 2152 Tpcrorroivoscg
924 2123 936 2145 ‚
975 2098 1019 2133 et
1038 2091 1109 2134 alii

250 2146 376 2205 Γύγην
397 2151 638 2208 appellent,
659 2150 845 2213 Hygino
861 2157 994 2200 etiam
1013 2160 1109 2216 Gy—

251 2231 327 2270 ges
348 2215 402 2258 sit
420 2217 784 2274 ‚Apollodorum
806 2222 949 2278 potius
970 2239 1022 2266 ex
1042 2223 1109 2267 his

257 2281 590 2326 emendandum
605 2318 616 2340 ,
639 2301 772 2341 quam
791 2286 871 2331 hos
892 2304 944 2331 ex
963 2287 1112 2345 Apol-

256 2344 413 2390 lodoro
426 2365 618 2405 ,parum
635 2351 754 2395 abest
773 2353 880 2409 quin
893 2369 1109 2397 censeam.

257 2426 313 2442 ³—
331 2413 396 2453 Et
407 2418 519 2456 salis
538 2419 623 2458 oris
640 2423 744 2460 erat.
764 2418 906 2463 Non
895 2435 1113 2476 imparem

258 2491 305 2519 se
323 2475 489 2520 heroici
502 2481 706 2525 carminis
723 2483 991 2528 sustinendae
1005 2485 1113 2527 moli

257 2541 445 2595 fatetur;
476 2551 520 2586 et
541 2546 739 2600 probavit
765 2548 944 2603 quidem
965 2549 1114 2592 multis

258 2605 308 2650 in
330 2607 432 2651 10015
453 2610 836 2667 exquisitissimum
849 2613 960 2656 Met.
977 2630 1084 2670 opus
1099 2647 1111 2670 ,

582 2707 621 2718 ...
637 2685 811 2727 Ingenium
820 2694 919 2728 atque
934 2699 969 2719 05

259 2743 383 2785 Magna
394 2752 585 2777 sonaturum
598 2770 610 2786 ,
688 2748 703 2755 ⁵
817 2748 832 2789 (
850 2747 971 2789 Hon.)

265 2805 431 2849 Ovidio
461 2823 554 2850 non
582 2806 797 2861 defuisse;
833 2809 1038 2866 probarat
1072 2817 1117 2853 et

265 2873 443 2923 Medea,
473 2872 617 2929 judice
642 2873 934 2930 Quintiliano.

323 2935 474 2991 13—14.
502 2939 756 2994 Ingestoque
784 2940 961 2996 Olympo
985 2939 1119 2981 ardua

266 3001 468 3043 devexum
484 3011 564 3046 etc.
586 3003 810 3046 Dicuntur
829 3002 965 3047 iidem
980 3036 992 3059 ,
1014 3004 1121 3046 Me·-

268 3065 487 3122 tamorph.
509 3080 527 3108 1
543 3099 554 3121 ,
582 3068 658 3110 153
677 3079 690 3109 t

268 3131 413 3175 Altaque
425 3142 592 3175 congestos
605 3137 764 3169 struxisse
776 3138 819 3170 ad
831 3139 938 3170 sidera
948 3145 1085 3169 montes.

268 3193 360 3237 Sed
378 3204 542 3251 quanto
557 3197 720 3242 felicius
741 3208 785 3242 et
801 3215 876 3244 ore
898 3198 1121 3258 grandiori

267 3260 424 3317 virgil.
446 3261 606 3320 Georg.
627 3277 669 3319 1,
694 3264 799 3307 281:

268 3335 336 3365 'rer
350 3343 455 3367 5111110
439 3337 545 3368 0011311
561 3338 708 3380 imponer
692 3340 905 3372 rissePeloo
875 3352 960 3372 ssam

268 3395 364 3427 8οῚἰο
367 3402 423 3435 et,
454 3404 551 3440 auetq
533 3399 671 3433 005510
699 3399 889 3434 frondosum
928 3402 1094 3436 involvent

373 3457 571 3502 Olympum.

1179 1394 1235 1404 —
1253 1371 1373 1415 Libri
1395 1380 1582 1429 quatuor
1597 1405 1609 1427 ,
1643 1380 1688 1416 et
1708 1370 1848 1429 prima
1869 1369 2002 1413 editio
2015 1404 2028 1425 ,

1180 1443 1495 1493 congestaque‚·
1531 1437 1607 1481 sed
1636 1441 1806 1493 ingesta
1837 1444 1956 1480 recte
1985 1452 2030 1480 se

1181 1500 1325 1544 habet.
1365 1503 1476 1545 Met.
1497 1516 1528 1545 v
1543 1535 1556 1557 ,
1579 1502 1660 1557 346
1680 1517 1692 1543 :

1180 1571 1282 1601 Vasta
1293 1571 1459 1612 Giganteis
1473 1572 1600 1613 ingesta
1612 1578 1661 1602 est
1677 1571 1785 1602 insula
1795 1570 1960 1602 membris.

1184 1630 1244 1674 Et
1262 1646 1341 1674 x1v
1358 1664 1370 1686 ,
1394 1632 1580 1675 Metam.
1603 1646 1621 1674 1
1638 1664 1652 1687 ,
1672 1648 1724 1676 ex
1744 1631 1879 1676 MSS.
1901 1646 1914 1674 τ

1182 1699 1322 1740 Jamque
1334 1698 1501 1739 Giganteis
1513 1699 1676 1741 ingestam
1692 1699 1843 1731 saucibus
1858 1701 1978 1731 stltnen
1993 1724 2004 1740 ,

1185 1759 1262 1802 ubi
1298 1760 1503 1815 injectam
1534 1760 1604 1803 alii
1631 1794 1644 1816 ‚
1685 1769 1736 1804 ut
1762 1760 1833 1805 hic
1861 1776 2036 1819 quoque

1186 1823 1356 1867 Moreti
1376 1841 1502 1868 unus.
1523 1825 1687 1869 BURM.

1248 1907 1264 1931 1
1273 1891 1309 1932 5.
1325 1891 1377 1932 In
1390 1891 1586 1933 manibus
1600 1894 1764 1935 nimbos
1776 1896 1920 1934 etcum
1931 1893 2038 1934 Jove

1176 1954 1346 2010 fulmen
1355 1957 1572 1998 habebam.
1588 1955 1738 1999 Recte.
1752 1956 1819 2001 Ne
1824 1971 1908 2012 que
1918 1955 2040 1999 aliter

1190 2020 1442 2063 Puteaneus
1465 2053 1477 2075 ‚
1517 2020 1600 2063 nisi
1629 2020 1747 2077 quod
1779 2021 1825 2064 in
1857 2021 1930 2064 illo
1959 2037 2041 2064 vox

1190 2089 1354 2130 m'mbos
1369 2085 1641 2130 desideratur
1653 2120 1665 2141 ‚
1688 2086 1807 2130 unde
1825 2095 1953 2131 natus
1970 2103 2043 2130 er-

1190 2166 1278 2194 ror.
1303 2149 1454 2194 Ceteri
1471 2150 1665 2206 codices,
1686 2153 1860 2207 Jupiter
1872 2155 1918 2194 in
1941 2168 2043 2194 ma-

1192 2219 1316 2260 nibus
1337 2233 1350 2260 .·
1371 2216 1488 2273 quod
1510 2217 1652 2260 multo
1678 2216 1858 2274 quidem
1879 2216 2044 2260 dulcius

1192 2290 1319 2325 sonat
1333 2297 1343 2324 :
1358 2275 1447 2325 duo
1461 2290 1671 2339 praeterea
1681 2316 1691 2333 ‚
1706 2284 1894 2325 babebat
1905 2298 1918 2324 ,’
1931 2297 2045 2325 1111115

1194 2346 1363 2390 Moreti
1377 2379 1389 2401 ‚
1411 2349 1591 2390 habente·
1605 2363 1618 2390 :
1638 2347 1802 2404 optime
1820 2379 1832 2402 ,
1855 2347 1972 2390 reser
1992 2346 2047 2390 ad

1194 2411 1423 2467 sequentia
1445 2427 1455 2454 :

1195 2486 1394 2517 Inmanibus
1405 2486 1533 2518 nimbos
1543 2492 1663 2518 etcum
1673 2486 1694 2518 J
1696 2497 1756 2519 ove
1767 2485 1894 2518 fulmen
1911 2486 2047 2518 habenti

1237 2547 1361 2578 Clausit
1375 2547 1479 2578 amica
1493 2547 1591 2580 sores-

1197 2609 1267 2652 Ita
1284 2609 1548 2665 nimbifi'mm
1559 2614 1698 2665 ignem
1710 2619 1836 2654 vocat
1854 2610 2020 2653 fulmen
2035 2643 2047 2664 ,

1197 2675 1330 2719 Pont.
1355 2688 1405 2718 1v
1419 2706 1431 2729 ,
1455 2675 1503 2729 8,
1527 2675 1582 2718 60
1604 2687 1614 2715 t
1638 2684 1687 2718 ut
1707 2684 1824 2719 recte
1846 2676 2051 2720 meliores

1198 2738 1348 2795 scripti
1370 2755 1382 2782 :

1198 2814 1251 2846 Sic
1263 2813 1449 2845 affectantes
1462 2814 1600 2846 celestia
1614 2825 1712 2856 regna
1723 2815 1879 2856 Gigantas

1239 2874 1295 2906 Ad
1304 2877 1404 2918 Styga
1415 2875 1588 2908 nimbifero
1600 2877 1743 2908 vindicis
1756 2878 1829 2918 igne
1843 2878 1948 2909 datos.

1199 2936 1316 2980 Nam
1332 2935 1523 2993 vulgati,
1546 2937 1736 2992 nubifero
1755 2941 1852 2993 igne
1869 2953 1881 2980 .·
1903 2953 2053 2995 perpe-

1199 3018 1310 3045 ram.
1331 3003 1498 3047 Hzms.
1522 3003 1659 3047 Recte
1681 3004 1891 3048 Heinsius
1914 3017 1924 3045 :
1943 3010 2055 3048 nim-

1201 3070 1278 3110 bos
1297 3067 1419 3110 enim
1438 3084 1541 3111 cum
1561 3068 1747 3112 fulmine
1766 3084 1878 3126 saepe
1914 3078 2055 3126 poetae

1202 3131 1481 3188 conjungunt
1497 3165 1510 3187 ‚
1529 3132 1630 3189 quia
1642 3149 1693 3176 ex
1705 3132 1866 3177 nimbis
1879 3133 2058 3190 Jupiter

1202 3204 1410 3253 torquere
1422 3197 1542 3240 solet.
1557 3198 1710 3255 Virgil.
1723 3211 1741 3240 1
1752 3231 1764 3253 ,
1780 3197 1941 3254 Georg.
1953 3198 2054 3243 238:

1201 3272 1277 3313 Ipse
1291 3278 1383 3313 pater
1395 3273 1502 3304 media
1516 3273 1706 3305 nimborum
1718 3272 1752 3304 in
1767 3279 1860 3305 noete
1871 3283 2006 3304 corusca

1204 3331 1359 3363 Fulmina
1376 3334 1511 3364 molitur
1523 3334 1650 3365 dextra.

1205 3392 1266 3436 Et
1283 3393 1455 3438 Lucret.
1472 3408 1523 3438 VI
1538 3427 1549 3449 ,
1570 3395 1651 3455 399
1665 3427 1677 3450 ,
1699 3410 1930 3451 nunquam
1951 3411 2058 3451 puro

1207 3462 1308 3503 coelo
1325 3459 1466 3516 jacere
1474 3459 1648 3517 fulmen
1667 3458 1783 3505 dicit.
1811 3459 1975 3504 BURM.
