2268 3776
296 301 367 374 98
753 301 817 353 P.
878 299 1171 356 ovlnn
1223 301 1598 359 NASONIS

375 414 674 485 Psittacu8‚
710 428 952 475 extremo
983 439 1185 476 munus
1213 416 1282 477 ab
1309 418 1446 479 orbe
1477 418 1666 479 datum
1691 422 1704 479 Ξ

297 511 526 594 Optima
554 509 730 591 prima
755 510 866 570 fere
895 512 1150 571 manibus
1179 514 1473 596 rapiuntur
1501 516 1706 589 avaris3

374 606 683 690 Implentur
709 608 953 669 numeris
982 609 1251 669 deteriora
1280 611 1412 672 suis.
2017 627 2073 692 ξω

291 703 495 787 Tristia
525 702 855 786 Phyllacidae
881 705 1165 765 Thersites
1195 705 1387 766 funera
1414 708 1585 781 vidit;
1641 774 1647 779 ¹
1795 696 1798 700 ²

369 802 604 882 Jamque
630 800 799 871 ciniS‚
828 802 964 862 vivis
988 801 1281 876 fratribuS‚
1317 805 1528 865 Hector
1557 822 1688 866 erat.

291 897 446 978 Quid
472 896 699 956 referam
730 896 933 957 timidae
962 922 1066 981 pro
1094 914 1146 959 te
1177 899 1268 981 pia
1297 915 1427 960 vota
1450 901 1672 984 puellae,

370 996 542 1067 Vota,
575 993 887 1077 procelloso
917 1018 1018 1078 per
1042 1019 1189 1056 mare
1221 1012 1379 1079 rapta
1407 1000 1606 1058 Noto?

287 1093 533 1176 Septima
560 1091 658 1152 lux
687 1092 898 1164 aderat,
927 1116 1044 1152 non
1074 1093 1386 1154 exhibitura
1415 1110 1768 1178 sequentem3
2020 1118 2074 1171 45

364 1191 440 1248 Et
470 1187 651 1248 stabat
678 1211 846 1248 vacua
869 1188 978 1270 jam
1010 1189 1114 1248 tibi
1142 1190 1316 1249 Parca
1344 1189 1493 1250 colo.

284 1287 410 1354 Nec'
432 1299 613 1344 tamen
641 1284 840 1362 ignavo
870 1299 1206 1367 stupuerunt
1234 1287 1402 1347 verba
1432 1287 1618 1369 palato
1651 1315 1666 1349 ε

367 1380 636 1441 Clamavit
665 1380 908 1440 moriens
935 1379 1126 1458 lingua
1153 1407 1165 1441 :
1201 1384 1448 1443 Corinna
1466 1431 1481 1456 ‚
1506 1385 1653 1447 vale!

239 1532 244 1535 .
285 1476 444 1538 Colle
473 1476 579 1536 sub
606 1474 799 1558 Elysio
827 1476 988 1554 nigra
1013 1500 1206 1538 nemus
1236 1478 1359 1540 ilice
1392 1479 1690 1556 frondem,

364 1576 598 1659 Udaque
628 1589 898 1659 perpetuo
928 1575 1170 1654 gramine
1205 1591 1346 1637 terra
1378 1579 1533 1639 viret.
2019 1601 2074 1642 50

284 1674 344 1732 Si
373 1684 481 1756 qua
505 1671 641 1767 fides
673 1671 858 1732 dubiis
880 1719 894 1746 ,
926 1670 1216 1732 volucrum
1245 1671 1403 1734 locus
1433 1672 1526 1733 ille
1554 1675 1773 1757 piarum

335 1823 403 1882 39.
419 1823 597 1883 'Optima
602 1825 753 1876 prima.
769 1822 940 1876 Optima
951 1835 1130 1877 qua-que,

283 1888 391 1931 alter
412 1887 662 1930 Puteaneus
680 1918 692 1940 ,
716 1885 851 1929 Palat.
872 1894 916 1928 et
936 1885 1025 1928 duo
1038 1886 1107 1928 alii
1125 1902 1136 1929 ε

283 1961 346 1996 est
364 1951 549 1995 imitatio
564 1950 758 2007 Virgilii,
779 1949 939 2008 Georg.
955 1964 1012 1993 111
1024 1983 1035 2005 ,
1051 1949 1105 1993 66
1120 1965 1131 1992 :

287 2020 457 2073 Optima
473 2033 638 2073 qua-que
665 2018 758 2059 dies
782 2021 947 2059 mt‘sertZr
978 2021 1136 2059 morta-

281 2086 392 2125 libus
404 2082 776 2137 oeoil’rt'mafugit.
787 2104 842 2114 —-
851 2082 1053 2125 Manibus
1066 2098 1136 2124 ra-

274 2153 453 2204 piuntur
470 2151 621 2190 arante.
655 2147 788 2190 Forte
806 2180 817 2201 ,
848 2152 1015 2190 avernis
1032 2181 1042 2197 ,
1075 2147 1136 2189 ita

281 2215 329 2256 in
347 2213 481 2256 Drus.
504 2213 584 2255 355
607 2228 617 2254 ε
644 2215 759 2255 Fata
777 2217 951 2255 manent
962 2227 1106 2254 omnes
1121 2245 1132 2262 ‚

282 2294 426 2321 omnes
463 2281 688 2333 exspectat
720 2278 913 2320 Avernus
943 2279 1138 2321 Portitor.

282 2344 374 2387 Ubi
396 2343 528 2386 etiam
551 2357 716 2384 avarus.
743 2342 912 2386 HEINS.
1082 2397 1086 2402 ⁵

337 2410 402 2461 41.
432 2410 589 2450 Tntrtia
612 2409 876 2465 Phyllact'doe
901 2415 982 2450 etc.
1012 2406 1137 2450 Pro-

282 2473 420 2515 tesila‘i'
431 2472 518 2515 scil.
534 2472 607 2528 qui
627 2488 649 2515 e
672 2475 880 2531 Phylace,
903 2472 1137 2515 Thessaliae

287 2536 448 2594 oppido
465 2537 690 2580 oriundus.

337 2605 389 2657 42
396 2634 403 2642 .
410 2604 588 2657 Jamque
597 2606 718 2653 cinis,
724 2607 831 2645 υίνιὶς
830 2603 1044 2658 fratribus
1055 2614 1134 2649 etc.

290 2668 418 2723 Quos
440 2666 619 2722 quidem
647 2666 798 2709 dolore
826 2683 976 2710 amens
1002 2670 1133 2712 Pria-

284 2748 384 2775 mus
401 2732 461 2775 sic
477 2732 694 2790 objurgat,
715 2733 764 2776 ll.
785 2741 849 2787 Ω,
875 2735 952 2777 253
968 2743 1011 2777 et
1031 2750 1135 2790 sqq:

285 2801 564 2853 Σπεύσατέμσι,
582 2801 680 2842 κακὰ
692 2802 814 2853 τέκνα,
827 2803 1040 2857 κατηφόνες.
1055 2808 1136 2842 etc.

286 2864 345 2907 Et
365 2864 495 2920 paulo
527 2872 652 2920 post:
671 2870 766 2913 Τοὺς
795 2871 865 2920 μὲν
893 2863 1136 2922 (Troilum

286 2930 373 2972 scil.
405 2929 600 2972 Mestora
630 2938 675 2972 et
703 2928 932 2986 Hectora)
955 2929 1134 2984 άπώλεσ’,

283 2989 396 3056 Apus·
425 2997 471 3037 τὰ
503 2993 540 3037 δ’
574 2997 730 3051 ἐλέγχεα
771 2996 893 3039 πάντα
920 2998 1106 3040 λέλειπται
1122 3028 1133 3049 ,

286 3066 439 3112 Ψεῦςαί
455 3059 489 3103 τ’
514 3061 684 3121 ἄρχῃς-αι’
702 3081 741 3104 τε
762 3069 842 3103 etc.
872 3084 928 3092 —-
958 3063 1135 3115 Jamque

284 3128 395 3167 cinis
409 3132 489 3166 etc,
515 3124 668 3167 Senec.
690 3124 744 3167 de
767 3125 958 3168 Hercule
980 3125 1026 3167 in
1049 3124 1136 3169 Οὲ-

286 3196 327 3230 ta
344 3222 355 3243 ‚
386 3188 516 3246 1756:

536 3285 539 3289 ,
647 3264 731 3294 Tam
747 3275 868 3305 parvus
882 3266 961 3296 cinis

328 3324 510 3355 Herculeus
523 3331 569 3354 est
582 3327 590 3354 l
613 3324 675 3355 hue
691 3323 755 3355 huc
769 3326 823 3355 ille
836 3325 980 3356 decrevit
995 3325 1093 3366 gigas.

325 3386 357 3417 Ο
370 3394 490 3427 quanta
501 3412 509 3425 ‚
528 3387 625 3419 Titan
643 3411 652 3426 ,
676 3387 711 3418 in
724 3378 806 3417 nihil
826 3389 926 3418 moles
939 3388 1027 3418 abit!

340 3449 406 3502 44.
427 3450 514 3491 Per
528 3465 651 3491 mare.
680 3451 815 3491 Trans
833 3465 945 3492 man·
965 3482 976 3503 ‚
997 3449 1135 3493 Pala-

1216 1823 1334 1868 tinus
1350 1839 1360 1867 t
1376 1823 1484 1867 nihil
1498 1825 1759 1868 mutatinsr.
1781 1824 1849 1868 El.
1872 1839 1978 1881 vlu,
1999 1843 2072 1886 19:

1438 1890 1492 1920 'ru
1508 1889 1622 1930 jubeas
1635 1890 1735 1920 animi
1749 1890 1894 1931 perjuria
1908 1892 1981 1931 puri

1259 1951 1473 1994 Carpathium
1488 1950 1614 1991 tepidos
1624 1961 1690 1994 per
1705 1961 1798 1981 mare
1809 1950 1892 1981 ferre
1905 1951 2023 1983 NotoS.

1216 2014 1274 2057 Et
1293 2013 1463 2070 passim.
1486 2010 1649 2054 Romu.

1263 2081 1329 2134 45.
1339 2080 1428 2120 Non
1436 2079 1676 2120 exhibitura
1684 2077 2053 2133 sequentemfran
2059 2101 2074 2109 -

1216 2143 1306 2188 cius
1321 2143 1453 2186 etiam
1475 2142 1686 2196 malebat,
1711 2158 1804 2185 non
1819 2142 2047 2197 adjectura
2059 2159 2072 2185 t

1217 2217 1263 2251 et
1296 2217 1413 2251 certe
1448 2207 1639 2250 insolens
1672 2207 1849 2250 videtur
1880 2207 2042 2250 locutio
2059 2241 2071 2261 ‚

1215 2277 1292 2316 luz
1301 2276 1539 2317 exhibitura
1549 2276 1705 2315 lucem:
1714 2272 1788 2315 sed
1802 2281 1919 2316 recte
1935 2273 2071 2315 Parca

1218 2338 1438 2381 diceretur
1445 2340 1905 2394 exhiberesequentem
1917 2353 1926 2380 z
1938 2352 2071 2393 quare

1218 2419 1300 2462 ego
1334 2403 1651 2461 distinguerem
1683 2412 1781 2460 post
1810 2405 1965 2448 aderat
1979 2436 1990 2455 ,
2028 2410 2074 2445 et

1217 2470 1411 2528 legerem
1432 2485 1443 2513 ε

1217 2546 1359 2588 Septima
1370 2546 1429 2577 lux
1441 2545 1562 2576 aderat.
1575 2544 1652 2577 Non
1668 2542 1855 2576 exhib‘tura
1867 2550 2053 2587 sequentem

1258 2610 1310 2640 En
1321 2609 1425 2640 stabat
1438 2621 1541 2641 vacua
1553 2610 1620 2650 jam
1635 2607 1695 2638 tibi
1711 2609 1811 2639 Parca
1823 2609 1905 2639 colo.

1220 2671 1336 2724 Vel,
1367 2673 1584 2720 instabat,
1619 2677 1669 2711 ut
1699 2673 1868 2712 instans
1896 2685 2001 2722 nex,
2027 2678 2073 2713 et

1218 2736 1384 2779 similia.
1420 2736 1582 2778 BURM.

1275 2801 1340 2855 46.
1360 2803 1461 2842 Jam
1476 2803 1559 2842 tibi
1565 2801 1718 2842 Parca.
1731 2801 1833 2841 Jam
1846 2804 1921 2842 tua
1932 2801 2072 2843 Parca

1219 2866 1420 2909 Francos.
1452 2864 1525 2921 qui
1553 2873 1597 2907 et
1627 2880 1729 2907 mox
1747 2897 1759 2918 ,
1791 2881 1875 2907 non
1901 2870 2066 2917 tamen,

1218 2939 1267 2973 ut
1288 2939 1331 2973 et
1351 2931 1656 2972 Bersmannus
1672 2929 1716 2971 in
1747 2929 1835 2972 suis
1866 2930 2035 2973 invenit
2056 2964 2067 2985 ‚

1217 3003 1262 3038 et
1283 2994 1505 3053 Gryphius
1532 2994 1687 3049 aliique
1711 2993 1958 3037 ediderunt.

1272 3061 1336 3113 48.
1362 3062 1573 3102 Clamavit
1586 3063 1766 3101 moriens
1778 3062 1925 3114 lingua
1941 3075 1954 3101 ,·
1978 3061 2070 3102 Co·-

1217 3129 1340 3179 rinna
1362 3158 1372 3174 ‚
1410 3127 1519 3167 vale.
1552 3124 1801 3181 Ingeniose·
1827 3123 2069 3166 admodum

1218 3188 1408 3232 Psittaco
1430 3205 1509 3232 suo
1523 3189 1691 3245 affingit
1706 3188 1774 3231 hic
1793 3187 1948 3242 ovid„
1973 3204 2070 3244 quae

1218 3253 1272 3296 de
1282 3254 1462 3312 Orpheo
1472 3254 1694 3311 Virgilius,
1708 3253 1869 3310 Georg.
1884 3265 1948 3308 IV,
1962 3256 2042 3296 525
2057 3271 2066 3298 :

1278 3351 1318 3362 ..-
1343 3330 1530 3372 Eurydicen
1543 3341 1607 3360 vox
1620 3330 1693 3370 ipsa
1704 3335 1735 3359 et
1747 3328 1866 3369 frigida
1877 3329 1984 3369 lingua
1993 3353 2004 3368 ‚

1217 3389 1282 3421 Ah!
1294 3385 1443 3420 miseram
1451 3390 1479 3420 E
1486 3389 1638 3432 urydicen
1645 3390 1761 3420 anima
1765 3388 1913 3432 fugiente
1921 3389 2051 3420 vocabat
2058 3412 2066 3420 .

1272 3451 1337 3507 49.
1371 3452 1488 3493 Colle
1524 3454 1600 3492 sub
1636 3453 1789 3508 Elysio
1826 3458 1907 3494 etc.
1949 3447 2067 3492 Nihil
