2268 3776
274 306 374 358 108

726 306 792 358 P.
855 305 1145 361 OVIDII
1192 307 1564 364 NASONIS

340 422 595 502 Tutaque
629 419 881 504 deposito
911 423 1163 505 poscitur
1188 449 1314 485 ense
1342 426 1512 486 rudis.

259 516 356 575 Me
388 539 636 598 quoque,
672 518 767 599 qui
799 519 963 579 toties
986 520 1161 579 merui
1189 520 1294 580 sub
1326 545 1508 581 amore
1538 518 1767 604 puellae,⁴

340 611 679 672 Defunctum
705 613 919 695 placide
949 615 1124 675 vivere
1156 630 1375 699 tempus
1403 631 1534 677 erat.

263 709 400 769 Vive
420 756 434 781 ‚
467 709 601 769 deus
630 711 816 792 posito
846 713 892 771 si
921 714 1044 794 quis
1072 713 1210 773 mihi
1237 714 1382 774 dicat
1408 739 1620 787 amore;
1985 734 2038 775 25

340 807 618 889 Deprecer
643 831 654 866 :
680 831 856 890 usque
886 809 1020 869 adeo
1052 809 1209 870 dulce
1234 810 1420 892 puella
1446 812 1652 872 malum
1681 813 1795 872 est!

262 903 454 982 Quum
480 903 622 963 bene
647 919 940 987 pertaesum
970 920 1079 978 est,
1112 906 1409 990 animoque
1438 900 1716 986 relanguit
1741 906 1934 980 ardor,

339 998 541 1058 Nescio
572 1023 684 1080 quo
714 999 924 1060 miserae
954 1000 1175 1062 turbine
1205 1002 1408 1062 mentis
1432 1025 1582 1081 agor.

258 1102 339 1160 Ut
363 1102 511 1184 rapit
539 1103 599 1162 in
627 1127 870 1188 praeceps
899 1104 1212 1178 dominum,
1246 1106 1560 1189 spumantia
1592 1105 1797 1171 frustra

337 1205 515 1265 Frena
542 1220 928 1280 retentantem,
962 1208 1155 1268 durior
1185 1208 1298 1268 oris
1328 1232 1537 1292 equus:
1988 1226 2045 1271 -30

260 1308 340 1365 Ut
369 1307 619 1382 subitUS‚
649 1333 826 1393 prope
850 1310 962 1392 jam
989 1333 1189 1393 prensa
1218 1309 1414 1373 tellure
1432 1357 1447 1383 ‚
1479 1310 1720 1372 carinam

258 1477 455 1522 simulet
482 1479 716 1536 praemium
747 1478 1036 1526 inventurum
1064 1499 1110 1526 se

259 1543 340 1587 sibi
362 1543 615 1601 gratulatur.
637 1546 731 1590 Nec
750 1547 897 1591 minus
918 1556 1015 1605 apte
1033 1551 1111 1591 de·-

260 1612 431 1653 duct'tur
446 1627 459 1653 ‚⁰
479 1612 675 1655 veterani
696 1613 818 1655 enim
836 1646 847 1667 ,
881 1614 1036 1669 quibus
1057 1614 1111 1657 ad

256 1684 440 1732 septena
471 1677 625 1734 jugera
654 1678 1026 1737 adsignabantur‚
1064 1681 1110 1724 in

258 1740 449 1784 colonias
469 1745 792 1787 deducebantur.

311 1823 379 1848 22.
409 1808 599 1863 Tutaque
613 1811 806 1864 deposito
826 1818 906 1853 etc.
926 1808 998 1853 De
1011 1811 1113 1852 rude

258 1872 418 1930 agitur,
440 1889 525 1929 qua
537 1874 816 1919 donabantur
836 1875 1112 1932 gladiatores,

256 1936 335 1979 ubi
355 1947 498 1981 artem
513 1948 781 1996 caestumque
803 1940 1110 1997 deponebant;

260 2011 306 2046 et
338 2008 473 2046 lutam
502 2003 607 2047 dicit
624 2037 636 2059 ,
673 2006 774 2061 quia
805 2005 980 2048 nullum
1012 2005 1115 2061 ipsis

255 2076 409 2124 postea
441 2069 539 2112 vitae
571 2069 830 2126 periculum.
860 2070 934 2115 Sic
961 2078 1114 2112 meta-

258 2133 438 2190 phorice
460 2135 618 2178 Horat.
647 2134 782 2192 Epist.
797 2135 869 2178 lib.
888 2148 907 2176 1
927 2167 939 2189 ,
967 2152 983 2177 1
1005 2167 1017 2189 ‚
1053 2152 1077 2177 2
1098 2166 1112 2189 ,

258 2199 459 2241 donatum
479 2200 627 2254 sejam
638 2202 739 2243 rude
753 2199 869 2242 dicit.
887 2197 1115 2242 Caeterum

258 2262 353 2307 haec
365 2264 515 2307 omnia
535 2281 558 2307 e
576 2266 778 2321 Propert.
797 2263 1022 2319 desumta,
1049 2277 1089 2306 11
1101 2297 1113 2318 ,

261 2327 331 2372 El.
348 2342 444 2384 xlx,
457 2331 504 2384 41
514 2362 526 2385 ,
535 2345 669 2372 nemo
680 2345 773 2373 non
783 2329 1117 2373 animadvertet:

261 2408 362 2440 Miles
373 2409 529 2450 depositis
541 2421 683 2442 annosus
696 2410 829 2441 secubat
839 2411 938 2441 armis
953 2433 964 2448 ‚

302 2470 540 2512 Grandoevique
555 2478 671 2512 negant
684 2472 802 2503 ducere
814 2478 921 2502 aratra
933 2471 1044 2503 boves.

262 2531 372 2563 Putris
385 2538 417 2561 et
433 2532 466 2561 in
480 2542 581 2562 vacua
592 2531 768 2572 requiescit
778 2532 871 2564 navis
883 2543 978 2563 arena
988 2556 998 2571 ‚

304 2594 349 2624 Et
367 2599 460 2624 vetus
474 2592 508 2622 in
521 2593 643 2633 templo
656 2592 772 2623 bellica
783 2604 894 2633 parma
907 2599 1011 2625 vacat«

263 2656 423 2698 Parma
451 2653 574 2696 enim
601 2652 750 2696 militis
781 2661 875 2696 erat
895 2685 908 2707 ,
948 2661 992 2696 et
1016 2652 1116 2710 gla-

269 2717 464 2762 diatoris.

320 2784 388 2827 23.
423 2785 499 2826 Me
527 2799 683 2839 quoque
716 2791 797 2826 etc.
845 2783 1008 2825 Meteri
1040 2783 1118 2823 sub

265 2865 407 2892 amore
422 2852 582 2905 puella·
600 2847 709 2891 mihi
728 2863 821 2890 non
842 2847 995 2904 placet.
1037 2846 1120 2888 Sub

264 2919 406 2970 aliquo
435 2920 588 2958 mereri
610 2914 769 2971 passim
796 2911 910 2969 apud
943 2910 1118 2953 Livium

266 2989 313 3023 et
332 2980 435 3023 alios
456 2982 657 3023 occurrit..
677 2980 800 3023 Suet.
817 2977 926 3022 Caes.
946 2977 971 3019 3
990 2993 1000 3020 :
1020 2977 1120 3019 Me-

267 3050 354 3088 ruit
371 3050 419 3087 el
441 3049 517 3087 sub
544 3048 718 3090 Servilio
736 3047 927 3088 Isaurico
949 3059 961 3086 .·
984 3057 1119 3099 quare

268 3110 465 3167 legerem
485 3126 496 3153 :

269 3186 327 3218 Me
335 3197 479 3227 quoque,
492 3185 550 3227 qui
560 3185 654 3216 toties
668 3186 772 3216 merui
785 3186 843 3217 sub
855 3186 1002 3226 Amore,
1013 3183 1122 3226 puella

310 3246 512 3278 Defunctum
528 3246 655 3287 placide
667 3247 779 3278 vivere
794 3253 923 3288 tempus
937 3252 1016 3277 erat.

271 3307 365 3350 Sub
386 3307 551 3350 Amore
567 3340 580 3363 ,
613 3307 700 3350 sive
727 3307 946 3364 Cupidine
968 3340 980 3362 ‚
1015 3323 1121 3350 me-

269 3381 420 3415 ruerat
433 3373 556 3416 miles
569 3381 734 3427 noster,
752 3381 803 3416 ut
819 3374 982 3416 centies
1005 3372 1119 3416 dicit.

268 3437 532 3492 Defunctum
555 3442 702 3492 puella
721 3439 809 3494 jam
833 3439 979 3482 vivere
999 3446 1121 3482 tem-

1191 1498 1272 1539 pus
1300 1489 1422 1537 erat,
1460 1480 1505 1525 id
1535 1490 1599 1526 est
1616 1515 1628 1537 ‚
1660 1482 1753 1537 jam
1778 1479 1969 1524 liberum
2000 1488 2046 1524 et

1192 1547 1387 1604 deposita
1417 1548 1511 1604 ejus
1542 1546 1778 1604 cupiditate
1817 1553 1862 1588 et
1889 1560 2039 1588 amore

1190 1612 1441 1656 immunem
1474 1620 1519 1656 et
1553 1612 1674 1669 quasi
1707 1609 1944 1655 emeritum
1969 1608 2044 1651 vi·-

1194 1692 1315 1722 vere.
1335 1678 1547 1722 Francius
1562 1677 1734 1721 volebat
1745 1709 1757 1730 ,
1784 1677 2015 1718 Emeritam
2029 1690 2044 1727 ‚-

1194 1743 1271 1786 sed
1290 1744 1352 1787 ita
1371 1744 1521 1788 omnia
1541 1744 1641 1787 licet
1658 1743 1906 1786 deformare
1921 1757 1931 1785 ι
1949 1756 2047 1784 non

1195 1808 1419 1852 reticenda
1433 1824 1608 1865 quoque
1619 1808 1750 1852 lectio
1766 1808 2044 1851 Francosurt.

1197 1873 1354 1931 Regii,
1396 1873 1564 1917 Moreti
1596 1882 1642 1916 et
1663 1873 1851 1917 Palatini
1880 1873 2009 1916 unius
2035 1905 2045 1926 ‚

1195 1944 1272 1993 qui
1285 1942 1411 1981 toties
1429 1943 1586 1982 morior
1598 1941 1677 1981 sub
1692 1954 1853 1987 amore,
1885 1945 1935 1979 ut
1954 1936 2048 1980 dic-

1196 2010 1295 2045 tum
1325 2003 1381 2046 sit
1413 2003 1574 2047 eodem
1598 2018 1729 2046 sensu
1746 2035 1758 2056 ,
1799 2017 1887 2058 quo
1909 2006 2048 2056 perire

1196 2067 1352 2121 millies
1371 2077 1568 2111 amantes
1587 2067 1807 2110 dicuntur.
1827 2066 1991 2110 BURM.

1251 2151 1318 2189 27.
1337 2133 1564 2189 Animique
1580 2137 1773 2176 revanuit
1786 2135 1922 2175 ardor.
1944 2132 2049 2175 Am·-

1197 2215 1342 2255 rnoque
1361 2203 1575 2254 relanguit
1587 2201 1724 2250 ardor,
1749 2200 2002 2242 Puteaneus
2026 2213 2048 2240 a

1198 2280 1334 2306 manu
1354 2264 1522 2320 prima;
1545 2263 1622 2308 sed
1637 2263 1950 2318 emendatum,
1972 2279 2048 2306 re—

1197 2333 1366 2384 sanuit,
1389 2345 1535 2386 neque
1557 2329 1682 2372 aliter
1700 2328 2051 2372 Arundelianus:

1199 2393 1424 2451 quomodo
1435 2394 1558 2439 etlib.
1571 2407 1590 2436 1
1604 2393 1705 2436 Am.
1718 2427 1730 2450 ,
1743 2393 1810 2437 ΕΙ.
1820 2408 1848 2436 x
1870 2410 1881 2436 :
1899 2410 2049 2450 quan-

1200 2475 1333 2516 quam
1346 2459 1430 2503 hoc
1442 2459 1538 2503 loco
1549 2457 1594 2502 id
1605 2459 1726 2502 verbi
1737 2458 1884 2503 minus
1898 2467 2049 2516 aptum

1198 2524 1372 2568 videtur
1393 2540 1403 2568 ε
1424 2523 1496 2568 alii
1515 2522 1685 2568 codices
1701 2557 1713 2579 ,
1736 2528 1920 2567 evanuit.
1961 2525 2020 2567 H.

1255 2606 1321 2649 29.
1342 2591 1602 2646 Spumanlia.
1617 2589 1826 2633 Francius
1842 2588 2046 2642 malebat,

1197 2659 1473 2711 stringentia,
1504 2654 1635 2697 nimis
1655 2653 1870 2696 audacter.
1911 2652 2047 2696 Pala—

1199 2719 1317 2762 tinus
1330 2752 1343 2774 ,
1371 2723 1622 2775 pugnantia.

1253 2785 1320 2826 31.
1340 2787 1442 2827 Jam
1456 2799 1614 2839 prensa
1635 2785 1796 2827 tellure.
1819 2783 2051 2832 Editiones

1197 2848 1348 2906 priscae
1368 2858 1412 2893 et
1430 2849 1607 2906 plurimi
1626 2849 1774 2906 scripti
1786 2865 1939 2905 pressa
1958 2849 2048 2892 ha-

1199 2914 1307 2957 bent
1330 2931 1341 2966 ;
1381 2930 1542 2969 prensa
1577 2914 1766 2971 probant
1805 2914 1974 2957 Marius
2006 2921 2052 2957 et

1204 2978 1414 3022 Ciosanus
1434 2994 1445 3022 :
1466 2987 1704 3036 utrumque
1731 2979 1912 3036 quidem
1933 2988 2050 3024 recte

1200 3043 1359 3087 dicitur
1374 3077 1385 3099 ,
1419 3044 1495 3096 sed
1517 3044 1686 3088 diversa
1709 3045 2048 3102 significatione:

1193 3125 1347 3167 pressa
1365 3109 1487 3152 enim
1506 3109 1635 3153 tellus
1656 3118 1720 3153 est
1733 3142 1746 3164 ‚
1769 3110 1839 3153 cui
1858 3110 1951 3165 jam
1971 3109 2049 3152 in-

1200 3175 1364 3218 sistitur
1386 3192 1396 3227 ;
1426 3174 1504 3219 sed
1529 3177 1805 3230 prehenditur
1822 3175 1874 3218 ab
1895 3173 2052 3230 adpel—

1200 3240 1389 3284 lentibus
1402 3240 1560 3294 nautis,
1574 3256 1712 3296 quum
1721 3256 1854 3297 prope
1866 3246 2053 3294 tangunt

1203 3306 1427 3359 manibus,
1458 3314 1502 3348 et
1523 3306 1675 3348 sunem
1696 3303 1929 3362 religandae
1952 3303 2050 3345 navi
2095 3321 2098 3325 ·

1202 3380 1383 3429 possunt
1401 3371 1597 3427 injicere.
1622 3374 1757 3426 Prope
1777 3385 2022 3426 comprensa
2035 3404 2046 3420 ,

1205 3436 1340 3481 codex
1360 3436 1539 3481 Douzae.
1561 3435 1726 3480 BURM.
