2268 3776
564 283 830 342 ARTIS
885 282 1361 340 AMATORIAE
1405 286 1565 341 LIB.
1613 287 1702 341 11.

1911 287 2020 341 303

315 405 501 483 Junge
533 403 645 463 tuis
673 399 938 474 humile8‚
965 400 1289 474 ambitiose,
1319 426 1532 463 manus.

235 507 347 570 Sed
378 522 558 568 tamen
587 519 643 565 et
671 527 860 577 servo,
893 502 1029 565 levis
1059 518 1144 565 est
1170 502 1446 587 impensa,
1480 503 1706 584 roganti
1941 522 2024 566 255

313 608 544 687 Porrige
574 606 811 668 sortunae
835 630 1065 668 munera
1092 629 1262 691 parva
1290 620 1413 667 tuae.

218 685 466 790 *Porrige
497 724 552 771 et
581 709 820 784 ancillae,
850 735 960 794 qua
989 733 1183 795 poenas
1201 707 1323 771 luce
1348 708 1617 793 pependit

238 808 241 810 ¹
311 816 460 876 Lusa
481 813 720 875 maritali
756 812 971 876 Gallica
997 829 1146 876 veste
1172 836 1387 875 manuS.

230 917 338 980 Fac
360 916 612 1001 plebem,
641 916 779 978 mihi
809 917 966 979 crede
984 965 998 991 ‚
1033 931 1184 978 tuam
1210 941 1223 979 τ
1249 916 1323 978 sit
1351 938 1568 999 semper
1593 915 1653 975 in
1679 913 1773 976 illa

309 1020 557 1094 Janitor‚
588 1034 644 1081 et
673 1018 901 1081 thalami
932 1020 1030 1104 qui
1056 1020 1201 1103 jacet
1230 1033 1356 1082 ante
1386 1017 1551 1079 fores.

283 1199 377 1254 254.
392 1200 531 1255 Junge
542 1202 628 1243 {ut}
642 1201 831 1251 humiles,
845 1200 1079 1250 amblltbse,

227 1279 390 1307 manus.
403 1263 451 1308 Si
463 1264 631 1321 Tanaq.
642 1265 787 1308 Faber
799 1264 1085 1309 consuluisset

228 1327 399 1373 codices
433 1329 641 1387 scriptos,
675 1345 767 1374 non
794 1329 852 1373 ita
879 1338 1085 1388 paratra-

230 1393 440 1452 goediatus
461 1404 572 1440 esset
593 1394 663 1439 lib.
688 1395 734 1451 1,
772 1394 853 1453 Ep.
877 1408 980 1449 ΠΨ,
1004 1411 1087 1440 nec

230 1459 469 1518 legendum
490 1459 788 1506 contendisset
805 1476 817 1505 ι

270 1532 412 1573 jungere
427 1543 492 1563 neu
507 1531 638 1563 dubites
650 1555 659 1571 ,
671 1530 842 1563 ambitiose
852 1555 862 1571 ,
880 1542 1007 1563 manus.

232 1593 335 1638 Hoc
365 1601 431 1638 est
464 1592 719 1638 carnificare
741 1601 940 1638 auctores
958 1625 970 1648 ‚
993 1608 1086 1637 non

233 1657 501 1714 emendare,
525 1657 665 1716 quum
695 1658 742 1702 in
766 1658 894 1717 Regii
929 1657 1087 1703 codicis

232 1722 420 1768 lectione
441 1724 590 1767 omnia
604 1723 692 1768 sint
710 1722 1089 1781 planissimazjun·

233 1805 286 1846 ge
303 1805 452 1833 manus
466 1792 644 1834 humiles
657 1823 668 1841 ‚
686 1789 731 1833 id
751 1798 817 1834 est
831 1822 843 1844 ,
858 1804 1090 1834 servorum

233 1864 277 1899 et
292 1856 571 1912 ancillarum„
588 1856 672 1901 tuis
689 1856 906 1900 manibus.
925 1854 1090 1913 —Op-

232 1921 338 1965 time
359 1921 596 1965 Bur-mam!
622 1920 717 1978 Qui
732 1920 903 1964 utinam
917 1920 1087 1978 saepius,

232 2001 367 2042 quam
397 1986 444 2029 in
472 1985 575 2030 alios
591 2019 603 2042 ,
629 1986 677 2030 in
707 1985 994 2044 semetipsum
1015 1985 1090 2030 le-

232 2067 333 2109 gem
351 2050 467 2096 hanc
485 2052 692 2096 sanxisset
714 2051 723 2095 ἔ

287 2116 382 2160 256.
411 2118 604 2161 Fortuna
634 2134 806 2162 munera
832 2133 970 2174 parva
995 2122 1088 2161 luoe.

233 2180 418 2238 Malim,
436 2198 572 2238 parca
590 2198 607 2226 t>
622 2199 730 2226 nam
743 2199 880 2239 parva
899 2198 1003 2226 mox
1019 2198 1091 2226 se-

235 2250 397 2307 quitur.
419 2251 494 2295 Sic
516 2251 631 2308 apud
654 2251 911 2295 Martialem
937 2251 1010 2294 lib.
1030 2264 1060 2294 v
1075 2283 1087 2305 ‚

236 2315 385 2374 Epigr.
407 2316 484 2360 ult.
504 2332 585 2373 pro
605 2333 776 2360 munera
801 2333 958 2372 parva,
982 2323 1090 2373 puto

236 2380 546 2438 reponendum
554 2397 691 2437 parca
702 2415 712 2433 ‚
731 2381 832 2437 quia
845 2384 1010 2424 minora
1024 2397 1092 2424 se·

237 2445 415 2502 quitur;
439 2461 496 2488 ne
516 2445 582 2489 bis
600 2445 721 2488 idem
744 2445 872 2489 dicat.
895 2445 1062 2488 Hnms.

291 2509 387 2553 258.
415 2512 534 2553 Lusa
561 2514 754 2553 maritali
773 2511 952 2554 Gallica
978 2514 1093 2552 vesle

239 2589 400 2618 manus.
419 2575 595 2619 Primus
607 2609 619 2631 ‚
638 2573 756 2632 quod
775 2575 908 2619 sciam
920 2608 931 2630 ,
951 2575 981 2618 J
983 2591 1092 2618 anus

241 2640 497 2685 Parrhasius
535 2641 590 2684 ad
635 2639 866 2684 Claudiani
905 2642 1092 2696 Raptum

238 2706 495 2763 Proserpina·
511 2741 522 2759 ‚
556 2716 758 2751 mentem
772 2706 960 2751 Nasonis
973 2721 1092 2763 pers-

237 2772 354 2830 pexit
374 2790 384 2818 :
405 2775 500 2831 ejus
514 2775 646 2818 verba
659 2773 900 2818 adscribam
917 2806 928 2827 ,
952 2787 1093 2830 quum

235 2837 347 2899 liber
375 2839 445 2884 ille
477 2839 713 2884 difficulter
731 2839 985 2883 inveniatur
1003 2840 1091 2882 ve·—

236 2903 358 2947 nalis.
390 2903 530 2962 Igitur
548 2914 780 2962 postquam
801 2905 993 2959 monuit,
1008 2921 1093 2960 qua

236 2972 353 3020 luce,
375 2984 468 3012 non
488 2987 575 3026 que
589 3005 600 3021 ‚
623 2970 742 3027 quod
765 2979 915 3014 tamen
935 2985 1092 3014 mem-

238 3033 386 3077 branis
406 3035 611 3079 omnibus
631 3037 915 3093 pertinaciter
942 3036 1092 3080 inhae—

239 3107 308 3142 ret
329 3131 342 3153 ‚
375 3100 532 3157 corrigi
572 3100 767 3155 debere,
805 3100 899 3145 haec
940 3101 1061 3145 addit
1079 3118 1090 3145 z

239 3181 263 3200 «
280 3163 492 3207 Aristides
507 3164 704 3208 Milesius
718 3164 772 3207 de
786 3166 916 3208 rebus
934 3166 1093 3210 Italicis

238 3227 351 3272 libro
371 3229 539 3285 primo,
574 3230 635 3273 sic
655 3230 714 3272 ait
729 3246 738 3271 τ
756 3228 987 3272 Gallorum
1007 3230 1096 3273 dux

241 3294 554 3350 Atepomarus‚
569 3310 708 3351 quum
723 3277 1095 3353 Romanoslonga

241 3359 373 3403 sessos
394 3359 619 3403 obsidione
632 3359 822 3414 videret,
845 3360 1092 3416 postulavit,

236 3430 296 3468 ‘nt
314 3424 348 3468 si
367 3421 504 3469 salvos
519 3441 563 3469 se
585 3424 771 3483 vellent,
801 3426 1095 3472 matresfami-

1946 1037 2028 1081 260

1164 1198 1241 1243 lias
1273 1206 1318 1243 et
1350 1197 1540 1256 virgines
1571 1195 1622 1239 ad
1648 1204 1850 1254 stuprum
1880 1194 2028 1241 dede·-

1167 1273 1280 1309 rent.
1296 1263 1504 1318 Senatus,
1529 1263 1713 1307 Retanae
1729 1262 1893 1306 ancillae
1908 1277 2026 1306 con-

1167 1330 1288 1383 silio,
1314 1329 1366 1373 ad
1391 1329 1535 1373 hostes
1559 1328 1713 1372 babitu
1745 1326 2030 1372 dominarum

1169 1396 1368 1441 submisit
1384 1395 1582 1446 ancillas;
1602 1394 1792 1451 datoque
1815 1394 1868 1437 ab
1888 1393 1950 1438 eis
1971 1394 2032 1438 si-

1171 1478 1277 1521 gno,
1289 1461 1521 1519 eruptione
1535 1461 1649 1504 sacta
1662 1459 1856 1503 Romani
1866 1475 2027 1504 somno

1171 1543 1385 1586 meroque
1427 1524 1647 1585 depositos
1683 1524 1831 1569 Gallos
1872 1541 2028 1570 omnes

1170 1595 1437 1639 obtruncant
1453 1601 1598 1651 :parta
1613 1591 1795 1635 victoria
1808 1625 1820 1647 ‚
1837 1590 2034 1635 Ancilla-

1169 1660 1341 1704 riorum
1377 1658 1498 1704 diem
1531 1658 1779 1701 solemnem
1814 1665 2031 1714 perpetuo

1169 1731 1423 1770 sanxerunt.
1449 1723 1693 1767 Historiam
1723 1721 1883 1779 repetit
1912 1722 2028 1765 Plu-

1169 1790 1362 1844 tarchus,
1372 1788 1694 1848 Polyaenusque
1708 1787 1899 1831 Macedo
1911 1787 2030 1831 Stra-

1171 1855 1425 1915 tegematon
1447 1863 1614 1899 octavo.
1653 1854 1906 1899 Macrobius
1926 1854 2030 1898 alios

1169 1930 1381 1979 sequutus
1394 1929 1592 1965 auctores
1613 1919 1669 1963 ab
1692 1918 1882 1963 Aristide
1901 1919 2031 1978 paulo

1171 1987 1361 2032 deflexit.
1394 1985 1581 2032 Ovidius
1612 1985 1778 2031 amanti
1808 1986 2030 2043 praecipit.

1171 2061 1222 2097 ut
1248 2053 1389 2098 Nonis
1412 2051 1665 2111 Caprotinis
1681 2086 1692 2108 ,
1716 2068 1805 2109 quo
1825 2051 1895 2095 die
1917 2051 2031 2095 Galli

1171 2119 1268 2164 caesi
1283 2127 1411 2174 sunt,
1432 2117 1595 2175 aliquid
1618 2117 1783 2161 ancillae
1805 2117 2029 2174 largiatur,

1171 2193 1222 2228 ut
1242 2184 1422 2228 alacrius
1444 2199 1625 2241 operam
1646 2199 1811 2227 navans
1831 2183 1916 2226 iter
1943 2182 2031 2226 ad-

1171 2251 1304 2293 sectet
1325 2249 1377 2292 ad
1403 2248 1645 2291 dominam.
1661 2267 1681 2285 υ
1708 2249 1817 2291 Haec
1839 2247 2034 2291 Parrha-

1171 2315 1422 2358 sius.Varro
1434 2313 1460 2356 1.
1474 2328 1518 2368 v,
1532 2313 1585 2356 de
1596 2314 1720 2370 Ling.
1735 2313 1844 2356 Lat:
1858 2332 1878 2349 ε(
1892 2314 2034 2357 Nonae

1173 2378 1411 2435 caprotina>
1426 2411 1437 2431 ,
1454 2377 1573 2434 quod
1589 2392 1643 2420 eo
1659 2376 1729 2420 die
1751 2378 1794 2420 in
1816 2377 1941 2421 Latio
1956 2378 1986 2420 J
1991 2395 2035 2420 u·

1172 2443 1284 2486 noni
1324 2441 1579 2499 Caprotinae
1616 2442 1825 2486 mulieres
1858 2443 2034 2486 sacrifi-

1172 2518 1275 2553 cant
1290 2542 1302 2563 ,
1323 2518 1368 2553 et
1389 2509 1468 2552 sub
1490 2508 1697 2566 caprifico
1723 2509 1890 2552 faciunt
1908 2542 1920 2563 ‚
1945 2518 1988 2552 et
2011 2526 2035 2553 e

1172 2573 1379 2632 caprifico
1393 2573 1604 2618 adhibent
1615 2575 1798 2632 virgam.
1812 2593 1833 2611 >v
1855 2575 2035 2619 Plutar—

1175 2639 1283 2684 chus
1313 2643 1440 2689 νέννας
1475 2642 1729 2703 κάτθετε-τίνας
1760 2638 1880 2683 hunc
1914 2640 2034 2684 diem

1174 2705 1334 2763 passim
1347 2705 1551 2762 adpellat;
1566 2714 1612 2748 et
1627 2721 1650 2747 a
1664 2703 1849 2762 Capreae
1859 2705 2033 2762 palude,

1176 2772 1230 2816 ad
1252 2788 1385 2830 quam
1409 2771 1629 2815 Romulus
1647 2772 1874 2826 occubuit,
1897 2771 2032 2815 deno·

1175 2837 1363 2881 minatas
1385 2853 1474 2880 esse
1499 2835 1742 2880 contendit.

1231 2906 1325 2963 259.
1354 2905 1446 2946 Fac
1481 2908 1607 2944 tuam.
1646 2899 1899 2943 Imitatione
1933 2900 2033 2943 Te-

1174 2969 1307 3010 rentii
1322 3001 1333 3019 ,
1356 2967 1430 3023 qui
1447 2965 1634 3022 Adelph.
1649 2966 1710 3019 V,
1724 2979 1773 3007 vr
1787 2998 1798 3018 ,
1827 2980 1876 3006 ιο
1895 2966 2035 3008 :Pau-

1174 3036 1296 3074 latim
1315 3035 1480 3087 plebem
1493 3033 1718 3085 primulum
1724 3030 1853 3084 facio
1872 3046 2007 3072 meam
2025 3045 2037 3071 .·

1176 3098 1261 3143 hoc
1280 3108 1345 3142 est
1361 3132 1372 3152 ,
1401 3098 1509 3141 mihi
1529 3099 1767 3141 faventem.
1787 3097 2035 3141 Bssnsnmx.

1232 3166 1327 3208 260.
1353 3167 1442 3219 Qui
1443 3166 1580 3219 jacet.
1599 3168 1712 3218 Qum
1731 3156 2036 3222 Argentinen'-

1176 3230 1260 3273 sis:
1282 3239 1331 3271 ut
1358 3230 1472 3272 sorte
1508 3230 1709 3273 ancillam
1724 3263 1735 3283 ,
1762 3229 1830 3272 vel
1866 3245 2001 3272 anum
2020 3263 2032 3283 ,

1179 3312 1275 3352 quae
1295 3295 1487 3339 dominae
1501 3296 1752 3339 cubiculum
1759 3305 1919 3350 servat,
1934 3312 2037 3356 pog-

1177 3371 1243 3406 set
1262 3362 1446 3419 intelligi
1465 3380 1475 3414 ;
1499 3372 1549 3405 ut
1570 3363 1706 3420 Epist.
1721 3377 1800 3407 XXI
1818 3396 1830 3420 ,
1856 3378 1906 3422 ¹9
1926 3379 1936 3405 :

1179 3430 1268 3463 Ante
1286 3430 1372 3463 sores
1388 3432 1478 3464 sedet
1491 3431 1558 3464 baec
1573 3455 1583 3471 ‚
1599 3440 1663 3463 etc.
1687 3463 1692 3467 ,
1819 3451 1823 3455 -
