2268 3776
272 311 380 366 326

741 313 804 364 P.
855 311 1147 367 ov1n11
1189 311 1559 386 NAsole

351 427 594 487 Cuilibet
618 441 682 486 ut
711 426 885 499 dicas,
914 426 1029 487 haec
1061 452 1281 510 quoque
1308 444 1496 490 nostra
1523 429 1628 489 fuit
1653 430 1676 488 ?

267 525 350 582 Ne
379 523 588 592 desint,
617 546 750 604 quas
782 537 843 582 tu
874 523 1062 601 digitis
1093 525 1377 586 ostendere
1406 527 1620 610 possis3

350 621 429 677 Ut
459 642 728 701 quamque
754 619 998 696 attigeris
1017 667 1030 691 ,
1056 620 1241 682 fabula
1271 622 1449 705 turpis
1480 624 1586 683 erit
1611 625 1634 684 Ρ
1954 642 2035 683 630

268 717 437 775 Parva
466 739 695 796 queror:
720 715 940 794 fingunt
968 717 1218 798 quidam,
1246 742 1365 799 quae
1393 744 1519 780 vera
1541 734 1830 799 negarent,

346 814 421 870 Et
450 810 589 871 nulli
614 835 727 870 non
757 835 814 871 se
844 813 1207 874 concubuisse
1239 813 1438 874 ferunt.

271 910 518 991 Corpora
547 909 593 967 si
622 924 937 990 nequeunt,
970 933 1090 991 quae
1115 924 1356 992 possunt
1385 911 1611 972 nomina
1639 926 1902 974 tractant:

344 1006 642 1087 Famaque,
671 1030 786 1065 non
817 1021 961 1066 tacto
994 1030 1223 1089 corpore
1243 1054 1258 1077 ,
1289 1008 1493 1068 crimen
1522 1007 1707 1069 habet.

266 1105 293 1162 Ι
321 1127 499 1174 nune,
534 1102 724 1163 claude
747 1103 923 1175 fores,
957 1119 1143 1165 custos
1171 1105 1391 1177 odiose,
1421 1105 1655 1188 puellae3
1958 1123 2041 1165 635

344 1203 419 1259 Et
444 1214 660 1260 centum
687 1200 839 1261 duris
866 1201 1124 1284 postibus
1147 1201 1286 1263 adde
1311 1225 1473 1263 seraS.

264 1297 418 1376 Quid
450 1297 554 1356 tuti
583 1313 858 1379 superest,
888 1322 1061 1380 quum
1089 1298 1330 1358 nominis
1359 1311 1534 1358 exstat
1562 1297 1805 1369 adulter,
1863 1334 1870 1338 ·

342 1398 417 1455 Et
445 1394 591 1454 credi
609 1441 623 1465 ,
658 1395 805 1477 quod
835 1419 951 1454 non
982 1395 1222 1470 contigit
1249 1418 1363 1454 esse
1382 1440 1396 1466 ,
1429 1394 1622 1477 cupit?

263 1495 408 1565 Nos,
442 1493 604 1554 etiam
633 1515 818 1564 veros,
848 1515 1011 1575 parce
1040 1490 1368 1574 profitemur
1396 1514 1644 1564 amores3

341 1592 617 1673 Tectaque
647 1605 779 1650 sunt
807 1589 987 1650 solida
1015 1589 1246 1672 mystica
1274 1588 1423 1649 furta
1450 1588 1576 1650 fide.

1961 1604 2047 1659 640

262 1714 521 1773 PARCITE
542 1695 824 1797 ‘praecipue
856 1713 988 1773 vitia
1015 1714 1349 1796 exprobrare
1380 1711 1612 1796 puellae,

346 1808 494 1869 Utile
527 1834 647 1891 quae
676 1809 867 1870 multis
899 1810 1272 1871 dissimulasse
1302 1810 1425 1871 fuit.

259 1905 374 1965 Nec
405 1930 538 1965 suus
568 1906 934 1968 Andromedae
960 1906 1116 1968 color
1141 1923 1227 1968 est
1257 1907 1511 1988 objectus
1542 1905 1611 1966 ab
1641 1903 1772 1976 illo,

344 2002 579 2063 Mobilis
609 2004 668 2062 in
698 2003 918 2082 gemino
949 2005 1038 2064 cui
1065 2005 1206 2088 pede
1232 2028 1414 2088 penna
1442 2003 1565 2063 fuit.

263 2158 382 2200 dum.
409 2159 461 2201 In
491 2168 646 2216 quarto
672 2169 818 2203 autem
842 2177 970 2204 versu
990 2195 1002 2216 ,
1031 2162 1107 2204 ubi

263 2224 450 2268 Merulae
466 2225 599 2268 editio
610 2225 758 2279 habet,
777 2228 863 2269 Nec
877 2243 1113 2282 quanquam

261 2295 450 2345 attagen&
467 2326 475 2338 ,
506 2302 681 2348 sequor
699 2292 908 2336 Aldinain
946 2292 1114 2336 editio-

263 2370 370 2397 nem
385 2388 396 2410 ,
421 2356 629 2413 legoque:

304 2426 352 2455 Ut
370 2437 533 2467 quamque
547 2427 690 2467 attigeris
703 2451 714 2466 ,
729 2427 840 2457 sabula
857 2427 962 2468 turpis
977 2426 1051 2456 erit.

267 2487 514 2541 Quanquam
545 2504 690 2544 neque
726 2487 832 2530 illud
867 2487 1113 2544 displiceat,

263 2551 295 2593 si
316 2551 410 2606 quis
423 2551 658 2608 legendum
671 2563 810 2609 putet,
826 2560 868 2596 el
884 2569 1117 2609 quanquam

263 2618 477 2670 adalgero,
494 2633 574 2673 pro
589 2627 632 2660 et
650 2634 983 2675 quamcumque.
1004 2617 1141 2661 MIC.‘

316 2679 409 2722 633.
431 2683 613 2735 Corpora
622 2687 667 2724 si
681 2689 900 2738 nequeunt,
917 2699 1005 2738 quoe
1011 2699 1118 2738 pos-

262 2750 361 2787 sunt
374 2749 542 2788 nomina
564 2752 761 2789 tractant.
789 2749 996 2790 Tractanl
1015 2764 1117 2790 vera

264 2818 308 2851 et
330 2810 458 2853 unica
488 2810 619 2853 lectio
641 2819 732 2862 est;
758 2810 811 2853 de
834 2827 919 2867 qua
944 2810 1042 2853 vide
1065 2810 1119 2852 ad

264 2869 445 2917 P'etron.
475 2889 656 2918 Lxxxvl.
684 2877 727 2917 T
719 2881 880 2931 angunt
905 2875 1118 2918 editiones

262 2939 430 2995 priores
448 2972 459 2993 ,
486 2939 585 2981 Ald.
612 2940 761 2998 Micyl.
794 2948 837 2983 et
871 2940 1041 2982 Bersm.
1074 2947 1118 2982 et

263 3003 408 3059 scripti
435 3012 635 3059 quatuor.
669 3004 819 3047 Posset
848 3003 980 3046 etiam
1008 3003 1116 3059 legi,

264 3085 347 3122 qna
359 3076 541 3123 possunt
554 3103 564 3121 ,
592 3078 638 3112 ut
657 3086 767 3127 saepe
797 3069 909 3112 alibi.
929 3068 1043 3111 Vide
1065 3068 1119 3110 ad

266 3133 400 3189 Epist.
425 3148 511 3176 XIII
532 3167 544 3188 ,
569 3137 633 3189 41.
657 3136 819 3178 BURM.

318 3198 412 3252 634.
447 3202 657 3256 Famaque
671 3234 681 3250 ,
701 3217 781 3243 non
791 3200 921 3254 facto
933 3202 1116 3253 crimine,

264 3267 417 3305 crimen
457 3267 591 3307 habes.
633 3266 798 3308 Parum
833 3265 966 3307 latine
991 3297 1002 3318 ‚
1036 3264 1119 3307 nisi

262 3327 464 3370 fallimur.
487 3329 609 3373 Bene
632 3330 678 3372 in
699 3330 899 3373 Palatino
915 3328 1112 3383 Gruteri,

267 3399 311 3433 et
334 3393 514 3448 antiquo
535 3393 741 3451 Scaligeri
759 3410 769 3437 2

302 3459 468 3503 Famaque
477 3484 487 3501 ,
501 3473 568 3494 non
581 3469 667 3493 tacto
684 3473 836 3505 corpore,
851 3463 974 3495 crimen
990 3462 1096 3493 habet.

1248 2162 1343 2205 636.
1359 2163 1422 2204 Et
1432 2166 1593 2204 centum
1608 2161 1726 2202 duris
1734 2158 1928 2212 postibus
1940 2154 2050 2197 adde

1195 2243 1325 2269 seras.
1351 2227 1491 2276 obde,
1515 2224 1701 2281 Regius,
1725 2237 1828 2265 cum
1844 2218 2050 2276 Scaligeri

1197 2291 1409 2347 excerptis
1437 2298 1482 2333 et
1514 2289 1608 2332 aliis
1641 2284 1877 2330 nonnullis.
1905 2283 1978 2328 Sic
2006 2291 2051 2326 et

1198 2358 1346 2398 obdere
1355 2357 1571 2410 pessulum
1578 2351 1750 2407 foribus
1763 2349 1878 2408 apud
1895 2347 2052 2391 Comi-

1199 2437 1283 2464 cos.
1304 2419 1550 2464 Reddenda
1566 2428 1630 2462 est
1644 2435 1694 2461 ea
1714 2433 1797 2460 vox
1819 2413 2050 2471 Propertio
2110 2436 2114 2440 f

1200 2486 1246 2529 II
1265 2519 1277 2540 ,
1300 2486 1421 2543 Eleg.
1443 2498 1493 2530 vl
1510 2517 1522 2539 ,
1545 2501 1571 2544 9
1588 2517 1601 2539 ‚
1625 2483 1679 2527 ad
1699 2480 1968 2541 Cynthiam:

1198 2563 1295 2595 Anne
1311 2575 1368 2605 ego
1381 2564 1553 2594 transirem
1565 2570 1622 2593 tua
1636 2561 1750 2591 limina
1764 2560 1875 2607 olnusn
1891 2558 2027 2588 maritus
2038 2580 2048 2595 ‚

1238 2624 1429 2666 Respiciens
1446 2623 1521 2654 udis
1540 2623 1660 2654 obdita
1678 2620 1861 2652 luminibus
1872 2619 1891 2650 ’ἓ

1198 2685 1271 2718 Ah!
1294 2697 1366 2717 mea
1375 2693 1447 2716 tum
1464 2683 1710 2726 qualessace'ret
1726 2682 1784 2713 tihi
1798 2681 1879 2711 tibia
1896 2688 2024 2710 somnos
2037 2702 2046 2716 ‚

1240 2747 1339 2778 Tibia
1353 2746 1482 2777 funesta
1497 2744 1622 2776 tristior
1638 2744 1695 2774 illa
1709 2742 1801 2772 tuba!

1200 2812 1273 2857 Sic
1293 2811 1413 2854 enim
1442 2810 1561 2853 locus
1591 2801 1661 2851 ille
1694 2806 2049 2851 mendosissimus

1195 2874 1542 2920 constituendus.
1569 2875 1659 2918 Pro
1677 2876 1823 2916 obdita
1839 2906 1849 2923 ,
1888 2871 2049 2929 vulgati

1197 2941 1321 2984 nullo
1350 2956 1480 2984 sensu
1499 2972 1511 2994 ‚
1531 2941 1701 2993 perdita
1723 2953 1737 2981 θ
1761 2937 1933 2994 scripti,
1947 2952 2051 2990 pro-

1197 3007 1302 3046 dita.
1332 3005 1500 3047 Hmns.
1513 3026 1570 3036 -·
1587 3002 1703 3047 Vide
1737 3017 1834 3058 quae
1870 3000 1923 3044 ad
1957 2999 2049 3042 haec

1201 3068 1396 3113 Broukh.
1419 3085 1460 3125 p.
1488 3071 1577 3111 105.

1264 3134 1359 3188 641.
1395 3135 1662 3187 Exprobrare
1687 3133 1855 3186 puellis.
1887 3130 2049 3172 Puella·

1198 3197 1328 3241 multi
1348 3214 1399 3240 ex
1417 3197 1596 3255 scriptis.
1615 3197 1782 3240 HEINS.
1798 3197 2041 3242 ·Proelerea,

1199 3263 1328 3306 multi
1353 3262 1471 3305 editi.

1255 3329 1349 3383 642.
1375 3329 1490 3370 Utile
1501 3341 1588 3384 quoe
1601 3329 1756 3369 multa.
1769 3326 1879 3368 Nam
1890 3323 2043 3371 multis,

1201 3394 1389 3450 Regius:
1406 3392 1498 3446 alii,
1513 3395 1627 3448 quod
1636 3407 1650 3434 .·
1665 3390 1806 3447 prima
1826 3387 1959 3432 editio
1974 3418 1986 3441 ,
2003 3394 2044 3428 et

1201 3458 1354 3503 decem
1373 3457 1516 3515 scripti
1536 3489 1548 3512 ‚
1568 3473 1703 3515 quam.
