2268 3776
265 301 336 354 38

741 300 804 352 P.
850 300 1145 356 OVIDII
1191 301 1557 358 NASONIS

337 415 480 486 Aut,
512 413 559 473 si
586 414 861 474 rusticitas
891 439 1007 474 non
1035 429 1206 489 vetat,
1235 417 1356 500 ipsa
1383 433 1557 496 rogat.

258 518 372 577 Has
404 539 650 598 quoque,
685 540 818 598 quas
848 516 1048 577 frontis
1077 541 1241 595 rugas
1270 518 1329 577 in
1356 520 1553 580 vertice
1583 534 1800 602 portaS,
1972 538 2025 594 45

338 621 547 678 Excute
571 642 582 677 ε
608 618 673 678 de
703 619 856 696 rugis
886 619 1113 679 crimina
1140 619 1314 680 multa
1339 620 1547 681 cadent.

257 720 532 802 Penelope
557 721 820 802 juvenum
847 722 988 782 vires
1018 722 1266 782 tentabat
1294 721 1355 781 in
1384 747 1548 782 arcu:

337 823 454 902 Qui
483 822 625 882 latus
656 838 933 901 argueret,
966 847 1198 883 corneus
1228 847 1385 884 arcus
1415 837 1545 884 erat.

255 925 488 985 Labitur
517 924 755 998 occulte,
788 922 1038 1009 fallitque
1067 922 1330 986 volubilis
1360 938 1487 986 aetas
1514 948 1528 998 ;

335 1029 414 1086 Ut
444 1025 585 1087 celer
613 1026 864 1088 admissis
892 1027 1104 1088 labitur
1132 1011 1308 1088 amnis
1339 1028 1513 1112 aquis.
1977 1045 2029 1088 50

257 1128 389 1188 AEra
417 1129 598 1189 nitent
625 1153 730 1190 usu
757 1154 769 1189 z
798 1131 963 1191 vestis
993 1131 1145 1191 bona
1176 1130 1370 1213 quaerit
1395 1129 1585 1190 haberi
1608 1154 1621 1189 :
1671 1183 1679 1187 ,

338 1231 650 1291 Canescunt
680 1232 831 1314 turpi
858 1246 1000 1292 tecta
1027 1231 1217 1293 relicta
1240 1232 1366 1293 situ.
1410 1275 1414 1280 -

310 1413 374 1466 44.
394 1411 759 1454 Autse'rust1c1'tas
769 1428 853 1455 non
865 1417 993 1457 vetat.
1015 1413 1102 1457 Ur-

250 1475 432 1519 banitati
450 1481 725 1520 rusticitatem
745 1477 926 1534 opponit
944 1477 1101 1533 Quint.

253 1554 324 1594 VI,
350 1542 374 1583 3
395 1558 405 1584 ε
427 1542 503 1586 sed
521 1558 572 1585 eo
588 1559 718 1587 sensu
735 1543 805 1586 hic
828 1543 1099 1600 accipienda,

255 1622 342 1661 quo
362 1608 452 1663 jam
475 1608 662 1652 vidimus
687 1608 822 1665 Epist.
846 1623 943 1653 xvn
961 1642 973 1664 ,
1002 1610 1100 1653 185:

252 1674 492 1715 Ruste‘citas
512 1676 764 1717 excutienda
783 1679 878 1728 est‚·
905 1690 985 1731 pro
1006 1675 1102 1717 im-

251 1736 405 1793 peritia
440 1737 755 1795 elegantiarum
781 1771 793 1792 ,
839 1739 1103 1796 negligentia

256 1801 323 1845 vel
344 1803 476 1845 etiam
496 1802 597 1845 odio
617 1803 902 1860 voluptatum.

246 1914 247 1917 ¹
305 1870 370 1922 45.
400 1871 496 1912 Has
524 1885 679 1926 quoquc
700 1885 820 1926 quas.
846 1869 998 1925 Quid,
1037 1869 1100 1927 si,

254 1934 439 1976 minima
457 1935 700 1979 mutatione
713 1967 725 1990 ,
749 1935 969 1993 legamus:

256 2007 329 2038 Has
337 2019 479 2050 quoque,
488 2020 557 2050 quae
567 2007 684 2040 frontis
692 2020 788 2050 rugas
794 2010 828 2040 in
835 2010 955 2040 vertice
963 2016 1102 2051 ponant,

294 2071 440 2110 Excute3
453 2070 492 2100 de
506 2070 594 2111 rugis
609 2070 744 2101 crimina
755 2070 859 2100 multa
876 2071 989 2102 cadent
1000 2069 1017 2100 ?

255 2131 357 2175 Hoc
369 2147 500 2174 sensu
515 2146 524 2173 :
544 2130 756 2185 examina,
774 2146 934 2188 quaeso,
949 2131 1025 2176 has
1037 2140 1106 2175 te-

255 2197 381 2240 tricas
409 2206 453 2239 et
484 2212 640 2254 rugosa
674 2198 820 2239 fronte
849 2205 1071 2241 matronas
1091 2231 1103 2253 ,

257 2278 352 2318 quae
381 2262 621 2305 castitatem
648 2261 748 2304 ficta
767 2262 993 2305 severitate
1017 2278 1107 2319 prae

258 2343 301 2368 se
317 2327 491 2378 serunt3
510 2326 674 2369 videbis
691 2343 742 2369 ex
753 2326 833 2369 illis
849 2326 950 2383 ipsis
963 2329 1080 2384 rugis
1093 2362 1104 2380 ‚

258 2392 339 2434 sub
353 2391 507 2447 quibus
521 2407 642 2434 nunc
655 2391 793 2434 latent
803 2426 813 2442 ‚
832 2391 1006 2449 prodire
1022 2393 1110 2436 cri-

260 2455 383 2498 mina
402 2455 552 2498 multa.
570 2458 782 2498 Excutere
794 2457 915 2499 enim
931 2467 995 2501 est
1008 2474 1100 2501 exa-

257 2519 456 2571 minare3
487 2527 531 2561 et
562 2519 680 2562 hunc
707 2529 814 2576 puto
839 2537 928 2564 esse
959 2523 1110 2566 Poetae

257 2599 460 2635 sensum;
477 2599 582 2626 nam
591 2584 689 2625 lena
703 2585 794 2640 jam
806 2594 1019 2641 praecepta
1032 2603 1109 2629 sua

256 2648 463 2705 exemplis
476 2647 720 2704 Penelopes
733 2680 745 2701 ,
769 2648 1013 2693 castissimae
1026 2650 1111 2693 sci-

262 2713 361 2756 licet
383 2721 596 2755 matronae
609 2745 621 2766 ,
637 2712 879 2755 illustrabit.

313 2779 377 2832 48.
413 2780 500 2832 Qui
526 2781 639 2819 latus
672 2782 868 2832 argueret
894 2786 973 2821 etc,
1006 2779 1110 2823 Non

259 2861 310 2887 ea
326 2852 475 2887 mente
494 2842 716 2899 Penelope
732 2843 939 2885 Ulixeum
961 2859 1111 2887 arcum

260 2910 401 2967 procis
414 2908 694 2952 tendendum
702 2909 941 2965 proposuit,
954 2909 1112 2968 Odyss.

259 2983 309 3028 Φ,
337 2974 391 3016 68
409 3006 421 3028 ,
444 2982 493 3016 ut
514 2983 729 3029 quantum
760 2976 962 3017 lateribus
985 2974 1112 3017 vale—

258 3045 375 3092 rent,
397 3038 695 3093 experiretur;
719 3038 796 3081 sed
816 3054 912 3081 rem
932 3038 991 3080 ita
1010 3054 1113 3094 per-

266 3104 355 3147 fide
369 3104 467 3147 lena
486 3120 566 3147 suo
579 3105 758 3147 consilio
778 3104 1091 3148 accommodat.

308 3170 375 3226 49.
404 3169 595 3211 Labitur
608 3173 792 3220 occulte,
812 3170 1018 3226 fallthue
1038 3185 1115 3211 vo-

255 3235 390 3274 latt'ltir
407 3238 518 3275 oetas
530 3267 542 3285 ,
575 3234 635 3275 Ut
654 3237 770 3276 celer
784 3238 984 3278 admissis
1003 3237 1115 3276 labi-

252 3303 325 3340 tur
340 3304 479 3342 amnis
495 3297 629 3355 aq'uz's.
653 3300 707 3342 In
726 3300 865 3358 Regio
883 3310 927 3345 et
946 3301 1115 3344 duobus

249 3363 364 3418 aliis,
386 3368 591 3407 volubz'lzlr
607 3378 620 3404 t
639 3381 735 3422 quae
761 3365 918 3409 eadem
940 3365 1114 3408 diversi·

250 3438 313 3472 tas
334 3430 585 3474 observatur
609 3431 682 3476 lib.
705 3447 759 3488 x,
783 3433 966 3476 Metam.
991 3434 1072 3491 519
1101 3463 1111 3486 ,

1183 1414 1258 1457 ubi
1278 1413 1398 1457 idem
1416 1430 1562 1458 versus
1584 1431 1608 1458 a
1626 1415 1789 1460 Nostro
1808 1414 1997 1458 refertur
2021 1426 2030 1453 :

1184 1494 1328 1534 neque
1355 1487 1471 1522 certe
1503 1479 1616 1522 male
1654 1495 1665 1522 :
1693 1489 1744 1523 ut
1774 1488 1950 1523 maneat
1980 1479 2026 1521 in

1183 1545 1508 1602 comparatione
1530 1546 1582 1588 ab
1613 1562 1723 1602 aqua
1745 1554 1788 1589 et
1813 1545 1997 1588 flumine
2014 1575 2026 1599 ,

1184 1625 1281 1666 quae
1299 1609 1520 1653 familiaris
1541 1610 1702 1654 Nostro
1723 1618 1769 1653 et
1787 1610 1888 1653 aliis.

1239 1677 1305 1718 51.
1324 1677 1430 1718 AEra
1447 1680 1587 1719 m‘tent
1601 1692 1692 1719 usu.
1713 1676 1822 1719 Haec
1842 1682 2029 1732 quatuor

1183 1740 1376 1783 carmina
1390 1741 1562 1784 nullum
1575 1741 1740 1785 habent
1759 1740 1961 1784 ordinem
1981 1741 2027 1783 in

1183 1821 1312 1848 sensu
1324 1805 1506 1862 dignum
1514 1805 1899 1863 NasonisingeniO.
1909 1805 2030 1848 Hinc

1184 1885 1265 1926 ego
1302 1869 1425 1913 facile
1464 1870 1726 1914 crediderim
1772 1870 2028 1926 transposita

1185 1950 1275 1979 esse
1291 1952 1301 1987 ;
1318 1936 1394 1992 qui
1408 1951 1532 1979 error
1543 1936 1627 1979 late
1646 1935 1863 1979 increbuit
1882 1935 1929 1978 in
1949 1951 2030 1977 an-

1183 2000 1409 2056 tiquorum
1428 2001 1545 2045 libris
1561 2014 1570 2041 :
1592 2016 1893 2058 saepenumero
1909 2001 2029 2043 enim

1184 2064 1384 2110 videmus
1405 2099 1417 2120 ,
1449 2066 1643 2110 carmina
1676 2082 1772 2122 quae
1802 2065 1924 2122 sequi
1952 2065 2032 2107 de-

1184 2129 1332 2185 beant,
1343 2131 1623 2174 librariorum
1634 2131 1800 2175 inscitia
1815 2147 1904 2174 esse
1918 2146 2033 2187 prae-

1185 2195 1332 2251 posita.
1351 2196 1452 2239 Hoc
1472 2197 1604 2254 igitur
1623 2195 1778 2239 ordine
1799 2196 1851 2238 ab
1870 2194 2032 2239 Ovidio

1185 2260 1332 2304 relicta
1344 2260 1437 2305 haec
1452 2261 1647 2304 carmina
1667 2259 2004 2304 existimaverim
2022 2275 2033 2302 ε

1184 2335 1316 2374 Forma,
1327 2336 1391 2366 nisi
1404 2335 1570 2374 admittas,
1584 2336 1677 2367 nullo
1685 2341 1865 2373 exercente,
1878 2332 2032 2364 senescit:

1227 2396 1408 2428 Canescunt
1424 2396 1513 2438 turpi
1529 2402 1614 2427 tecta
1628 2396 1740 2427 relicta
1753 2395 1831 2426 situ..

1186 2457 1265 2488 AEra
1274 2458 1378 2488 nitent
1393 2467 1455 2487 usu
1466 2481 1478 2497 ,
1496 2457 1595 2489 vestis
1606 2456 1690 2487 bona
1702 2456 1818 2498 quoerit
1830 2455 1941 2487 haberi
1955 2467 1965 2488 :

1226 2521 1297 2553 Nec
1310 2522 1388 2553 satis
1400 2521 1532 2553 effectus
1545 2531 1630 2552 unus
1646 2528 1679 2553 et
1691 2522 1772 2552 alter
1784 2521 1915 2553 hahent.
1929 2521 2032 2553 Mn.

1187 2585 1356 2628 —Mihi
1366 2587 1513 2629 omnia
1521 2588 1635 2630 bene
1652 2603 1697 2629 se
1712 2586 1872 2630 habere
1886 2586 2034 2628 viden-

1185 2661 1259 2695 tur
1273 2685 1284 2706 ,
1307 2660 1352 2695 et
1369 2653 1470 2696 satis
1482 2653 1699 2696 cohaerere
1718 2652 1892 2708 :primo
1913 2651 2033 2694 enim

1189 2731 1238 2758 ea
1253 2716 1481 2772 conjungit
1495 2749 1506 2771 ,
1523 2732 1625 2759 eum
1645 2716 1800 2772 quibus
1812 2722 2034 2771 comparat

1175 2780 1362 2836 formam
1378 2814 1388 2831 ‚
1405 2789 1456 2823 ut
1467 2797 1570 2832 aera,
1588 2785 1747 2824 vestem
1758 2813 1768 2831 ‚
1789 2788 1834 2823 et
1842 2782 2034 2832 domum5

1190 2843 1347 2888 deinde
1364 2846 1554 2888 sormam
1573 2845 1707 2889 etiam
1723 2853 1878 2901 sponte
1896 2860 2035 2886 senes-

1189 2927 1305 2963 cere,
1337 2911 1485 2954 sinon
1511 2915 1783 2964 exercemur,-
1814 2925 1958 2965 neque
1981 2908 2035 2951 ad

1190 2992 1288 3019 eam
1310 2974 1596 3020 exercendam
1624 2992 1748 3018 unum
1767 2983 1842 3017 aut
1859 2977 2036 3016 alterum

1188 3039 1387 3083 sufficere
1403 3072 1416 3094 ,
1437 3039 1513 3083 sed
1531 3039 1675 3096 plures
1695 3055 1788 3082 esse
1807 3041 2037 3081 admitten-

1190 3107 1278 3147 dos.
1306 3105 1469 3149 BURM.
1505 3127 1561 3138 —-
1596 3106 1738 3152 Vestis
1765 3106 1878 3146 bona
1895 3107 2040 3159 quoerit

1191 3172 1344 3212 habeti.
1377 3170 1539 3213 Sensus
1561 3178 1624 3212 est
1647 3181 1657 3208 τ
1681 3168 1798 3226 quod
1817 3168 1899 3211 nisi
1919 3172 2036 3210 veste

1191 3238 1300 3277 bona
1321 3235 1452 3278 utaris
1467 3268 1479 3289 ,
1513 3251 1539 3277 a
1558 3234 1684 3277 tineis
1704 3241 1749 3276 et
1767 3231 1914 3276 mottis
1936 3246 2036 3274 cor-

1191 3299 1373 3343 rodetur
1393 3312 1403 3341 :
1432 3298 1805 3357 quemadmodum
1829 3312 1887 3339 oes
1904 3296 2035 3338 rubi-

1194 3366 1363 3422 gine,et
1372 3368 1519 3409 domus
1527 3366 1612 3409 situ
1620 3370 1821 3421 pereunt3
1837 3369 1898 3405 est
1915 3361 2034 3404 enim

1191 3423 1261 3474 h‘ie
1274 3432 1436 3481 baberi,
1461 3430 1508 3473 in
1523 3445 1605 3474 usu
1623 3444 1712 3474 esse
1727 3459 1740 3483 ,
1760 3425 1932 3471 tractari
1953 3433 2035 3468 etc.
2079 3450 2083 3454 ·
