2268 3776
353 267 376 287 '¹
783 264 846 315 P.
899 261 1191 317 OVIDII
1246 258 1631 315 NASONIS

320 285 419 317 loo

304 384 434 464 Ipsa
462 381 632 463 perit,
662 380 945 462 ferturque
974 394 1097 442 toro
1130 377 1375 439 resoluta
1402 377 1668 461 capillos:

390 480 466 536 Et
495 476 754 548 clamant,
785 476 1006 538 merito!
1042 475 1138 558 qui
1167 476 1335 536 modo
1368 500 1602 558 cumque
1629 475 1833 535 vident.
2036 494 2090 548 40

308 578 422 635 Ista
450 573 542 634 sed
572 574 828 634 aethereas
860 588 1153 634 vanescant
1176 572 1321 632 dicta
1348 596 1447 655 per
1472 596 1664 646 auras;

389 674 465 731 Et
496 671 608 730 sint
639 671 921 732 ominibus
951 669 1200 754 pondera
1227 668 1382 728 nulla
1410 669 1563 729 meis.

310 770 386 827 Di
411 765 622 838 facileS‚
651 791 904 850 peccasse
936 765 1100 827 semel
1125 764 1411 825 concedite
1437 779 1592 835 tuto;

386 864 453 923 Id
483 863 614 923 satis
643 878 727 923 est
751 889 763 924 :
789 887 1009 947 poenam
1032 861 1195 945 culpa
1223 861 1464 922 secunda¹
1488 862 1642 922 ferat.

360 1035 426 1093 39.
441 1037 661 1090 Ferturque
678 1039 778 1077 toro.
789 1033 862 1077 Sic
871 1033 1156 1077 Sarravianus

306 1108 350 1141 et
370 1115 484 1141 unus
506 1115 557 1141 ex
578 1099 688 1141 meis
709 1117 720 1151 ;
753 1115 847 1141 non
869 1113 997 1155 νοέω·
1022 1100 1158 1142 bene:

306 1164 352 1206 in
377 1169 466 1206 toro
489 1164 609 1206 enim
630 1164 795 1210 mortui
828 1165 1156 1216 efferebantur;

309 1228 427 1286 quod
445 1238 488 1272 et
508 1230 560 1272 ab
577 1229 667 1272 aliis
684 1230 775 1284 jam
791 1229 1157 1272 animadversum.

309 1294 519 1351 Virgilius
535 1327 546 1348 ,
578 1293 754 1336 AEneid.
774 1308 820 1336 v1
840 1327 852 1348 ,
880 1310 991 1336 vers.
1020 1310 1102 1336 220
1122 1310 1132 1336 z

464 1363 555 1394 Tum
569 1362 713 1392 membra
727 1368 798 1392 toro
812 1361 927 1394 defleta
946 1369 1118 1403 reponunt.

362 1426 428 1479 4ο.
450 1425 513 1466 Et
528 1428 684 1466 merito.
699 1422 871 1465 Scilicet
883 1455 895 1477 ,
913 1422 992 1465 ista
1008 1422 1136 1479 periit
1152 1437 1162 1464 :

307 1499 372 1534 est
403 1489 524 1533 enim
550 1504 632 1532 vox
663 1488 963 1532 clamantium.
1001 1488 1056 1530 In
1076 1504 1162 1530 ve-

306 1554 549 1599 tustissimis
562 1563 712 1597 tamen
727 1553 946 1599 codicibus
958 1552 1018 1600 ita
1031 1552 1161 1609 scrip·

307 1630 403 1663 tum
428 1629 492 1663 est
511 1619 595 1662 hoc
618 1635 798 1662 carmen
820 1635 831 1662 ε

346 1693 389 1722 Et
404 1693 519 1722 clamat
529 1715 539 1730 ‚
554 1692 671 1723 merito
684 1715 694 1730 ,
717 1691 773 1732 qui
790 1691 886 1723 modo
899 1702 1039 1733 cumque
1056 1691 1158 1725 videt.

307 1776 362 1785 -·
389 1754 477 1807 Qui
498 1754 620 1795 modo
640 1769 832 1808 cumque,
857 1768 938 1809 pro
964 1757 1160 1809 quicum-

307 1835 383 1874 que
394 1818 621 1861 :carminis
633 1818 754 1860 enim
768 1817 1022 1863 necessitate
1035 1834 1162 1863 coac-

308 1891 376 1926 tus
407 1883 667 1940 interposuit
697 1885 831 1925 modo.
864 1882 1074 1926 MARIUS.
1106 1906 1162 1917 -—

314 1950 544 2001 Quimodo.
564 1950 663 2002 Quoe
674 1949 815 1999 modo,
838 1946 932 1991 cod.
954 1947 1134 1991 Douzae.

364 2015 430 2066 42.
450 2015 514 2055 Et
527 2017 617 2055 sint
633 2016 850 2055 ominibus.
875 2013 1005 2055 Unus
1023 2014 1161 2055 Vati-

308 2093 443 2120 canus
457 2111 468 2131 ,
491 2082 581 2120 sint
590 2084 634 2120 et
650 2081 695 2120 iu
706 2081 942 2132 omitu‘bus3
960 2085 1010 2123 ut
1024 2077 1159 2134 Epist.

309 2156 358 2184 VI
371 2175 382 2196 ,
403 2143 456 2185 65
480 2158 490 2184 :
512 2144 682 2186 Nullum
695 2146 757 2184 sit
772 2146 816 2184 in
832 2146 968 2185 omine
980 2145 1161 2202 pondus.

311 2208 513 2252 Francos.
543 2210 606 2252 Et
621 2213 713 2251 sint
727 2212 772 2251 ia
793 2211 940 2251 verbis.
958 2255 962 2258 .

366 2273 430 2327 43.
450 2276 658 2316 peccasse
676 2277 809 2316 semel
827 2275 1040 2325 coacedcte
1060 2279 1161 2317 luto.

1238 1031 1432 1073 Veniam
1447 1030 1577 1083 hanc,
1596 1045 1677 1087 ego
1691 1044 1862 1086 precor,
1882 1028 2090 1073 Corinnae

1240 1098 1471 1146 concedite,
1502 1103 1552 1138 ut
1571 1095 1752 1152 impune
1781 1093 1936 1152 (tuto)
1966 1098 2098 1138 semel

1241 1160 1493 1216 peccaverit.
1515 1183 1571 1191 —
1599 1161 1736 1210 Tum,
1762 1159 2011 1202 Puteaneus
2027 1192 2038 1213 ,
2069 1176 2093 1200 a

1241 1241 1380 1269 manu
1410 1223 1612 1268 secunda.
1640 1224 1745 1266 Duo
1776 1223 1945 1280 scripti,
1985 1230 2093 1266 voto.

1204 1307 1207 1312 ¹
1245 1289 1383 1345 Quod
1395 1290 1571 1332 sortasse
1583 1296 1718 1342 recte,
1731 1287 1764 1330 si
1774 1287 1834 1330 ita
1843 1286 2093 1344 distinguas:

1242 1364 1286 1396 Di
1300 1364 1412 1395 faciles
1427 1388 1438 1403 ,
1459 1373 1609 1404 peccasse
1630 1363 1726 1394 seme!
1745 1361 1932 1393 concedite!
1955 1370 2031 1393 voto

1284 1423 1322 1453 Id
1340 1423 1416 1453 satis
1436 1434 1444 1455 z
1460 1429 1492 1452 at
1508 1433 1636 1464 poenam
1652 1422 1750 1462 culpa
1771 1421 1911 1452 secunda
1924 1421 2018 1452 seret.

1245 1486 1355 1530 Haec
1373 1487 1674 1541 Burmannus,
1695 1495 1738 1530 et
1755 1487 1978 1544 ingeniose
1996 1487 2094 1543 qui-

1245 1552 1360 1596 dem.
1396 1553 1511 1610 Quis
1540 1569 1646 1595 vero
1676 1551 1816 1596 salvus
1845 1560 1889 1595 et
1923 1552 2094 1608 integer

1244 1627 1384 1663 textus
1413 1619 1663 1672 emerserit,
1694 1617 1730 1661 si
1762 1632 1852 1660 non
1888 1617 1935 1659 in
1961 1618 2094 1660 verba

1243 1683 1378 1726 modo
1394 1716 1406 1737 ,
1437 1683 1513 1727 sed
1543 1683 1590 1726 in
1617 1683 1756 1740 ipsam
1778 1681 1963 1725 auctoris
1981 1697 2091 1724 sen-

1243 1749 1429 1792 tentiam
1449 1757 1623 1792 tantum
1642 1748 1723 1791 sibi
1744 1747 1853 1804 juris
1873 1746 2092 1789 emenda-

1243 1824 1360 1858 tores
1383 1814 1713 1872 arrogaverint?

1298 1881 1364 1934 44.
1391 1882 1454 1922 Et
1475 1883 1584 1922 sattlr
1610 1885 1687 1922 est.
1716 1878 1894 1932 Scribo,
1922 1880 1979 1922 Id
1986 1882 2094 1920 sattlr

1243 1950 1310 1988 est
1323 1962 1335 1987 .·
1356 1945 1428 1988 lib.
1449 1959 1507 1988 111
1522 1978 1533 1999 ‚
1562 1944 1683 2001 Eleg.
1706 1957 1745 1986 11
1760 1976 1771 1998 ,
1795 1943 1874 1986 sub
1897 1942 2036 1985 finem
2056 1957 2066 1984 z

1282 2015 1356 2045 Hoc
1374 2014 1451 2044 satis
1467 2013 1519 2044 hic
1537 2024 1545 2044 :
1561 2014 1627 2044 alio
1641 2020 1746 2043 cetera
1761 2012 1858 2042 redde
1872 2012 1955 2042 loco.

1248 2075 1490 2134 Quomodo
1512 2084 1556 2117 et
1575 2073 1633 2116 ibi
1655 2082 1719 2116 est
1735 2071 2092 2124 emendandum;

1245 2150 1290 2185 et
1303 2141 1433 2184 Trist.
1446 2140 1517 2183 lib.
1530 2154 1591 2191 lv,
1613 2138 1733 2196 Eleg.
1745 2152 1809 2193 IX,
1823 2139 2095 2197 912Man1‘bus

1243 2210 1323 2250 hoc
1333 2209 1442 2249 sattlr
1453 2211 1520 2248 est
1531 2221 1542 2246 :
1556 2207 1619 2246 ad
1629 2220 1705 2247 vos
1721 2205 1912 2246 studiosa
1922 2207 2099 2246 revertor

1244 2276 1434 2316 Pectora.
1455 2270 1522 2315 Ut
1538 2278 1656 2313 recte
1676 2278 1800 2314 vetus
1820 2269 1941 2312 liber.
1960 2269 2021 2311 H.
