2268 3776
539 292 921 351 AMORUM
953 292 1054 347 ⁴11.
1108 290 1359 348 ELEG.
1410 293 1592 347 XIX.

1841 293 1942 369 149

252 411 382 470 Non
411 422 552 470 esset
575 409 761 468 Danae
792 405 856 467 de
884 406 1022 467 Jove
1052 406 1194 467 facta
1221 430 1436 489 parens„

103 577 106 581 Δ
173 506 322 567 Dum
352 518 528 567 servat
555 505 706 564 Juno
739 503 1010 564 sinuatam
1039 501 1303 563 cornibus
1333 506 1396 564 Io
1414 549 1430 576 ‚

251 603 413 662 Facta
443 614 554 672 est,
588 623 750 682 quam
778 600 981 671 fuerat,
1012 599 1221 678 gratior
1248 598 1343 660 illa
1369 601 1405 659 J
1411 599 1517 659 ovi.
1889 618 1941 659 3«.

174 693 500 777 Quod-licet
522 708 576 755 et
601 694 757 756 facile
786 709 898 769 est,
934 696 1186 780 quisquis
1217 697 1398 779 cupit,
1431 696 1629 757 arbore
1663 695 1889 757 frondes

252 792 484 875 Carpat,
518 806 573 851 et
600 816 628 852 e
657 815 859 869 magno
889 791 1115 853 flumine
1144 807 1324 854 sumat
1353 816 1570 875 aquam.

171 888 230 949 Si
261 911 370 971 qua
397 886 548 949 volet
574 912 802 967 regnare
832 888 958 962 diu,
992 888 1217 951 deludat
1245 904 1535 950 amantem.

248 985 357 1046 Hei
385 984 551 1058 mihi,
584 985 737 1069 quod
766 986 995 1046 monitis
1026 1001 1292 1071 torqueor
1318 987 1437 1071 ipse
1466 989 1637 1050 meis!

170 1083 412 1146 Cuilibet
439 1083 674 1157 eveniat,
707 1098 872 1144 nocet
899 1082 1248 1163 indulgentia
1275 1085 1465 1145 nobis.
1886 1103 1940 1145 35

247 1180 419 1261 Quod
449 1181 724 1264 sequitur,
754 1180 938 1259 fugio;
965 1180 1117 1265 quod
1146 1180 1321 1259 fugit,
1354 1204 1531 1264 usque
1561 1204 1781 1265 sequor.

163 1276 242 1339 At
271 1291 360 1350 tu,
391 1277 646 1341 formosae
675 1277 908 1338 nimium
939 1301 1127 1339 secure
1158 1276 1382 1361 puellae‚

246 1373 435 1457 Incipe
453 1373 564 1456 jam
593 1374 772 1457 prima
801 1372 1051 1435 claudere
1082 1387 1246 1434 nocte
1276 1372 1538 1433 domum:

167 1470 379 1554 Incipe,
414 1472 538 1555 quis
568 1472 734 1532 toties
764 1471 957 1531 furtim
983 1487 1078 1531 tua
1108 1470 1297 1531 limina
1327 1470 1543 1554 pulset,

247 1569 533 1649 Quaerere3
565 1568 702 1652 quid
728 1567 954 1641 latrent,
985 1581 1150 1631 nocte
1179 1566 1400 1640 silente,
1433 1590 1627 1639 canes;
1894 1585 1948 1640 40

220 1755 287 1798 ²9·
305 1739 418 1781 Dum
429 1744 568 1782 servat
576 1740 692 1782 Juno
702 1744 903 1782 mutatam
917 1755 1013 1781 cor-

166 1806 287 1847 nibus
299 1806 360 1847 Io.
379 1805 634 1848 Decoralam
649 1803 738 1847 duo
757 1805 854 1849 libri
870 1821 879 1848 :
894 1820 1010 1848 unus

164 1871 363 1913 munitam
373 1884 389 1923 ,·
401 1868 593 1926 quinque
606 1902 618 1923 ‚
635 1874 847 1913 sinuatam
856 1903 867 1920 ‚
891 1868 1011 1926 quod

167 1931 340 1977 arridet.
358 1933 451 1979 Nec
464 1934 576 1978 male
591 1950 704 1979 unus
725 1934 892 1978 Moreti
904 1967 916 1990 ,
928 1949 1010 1992 pro

167 1996 334 2043 diversa
353 1998 566 2044 lectione:

163 2067 253 2098 Dum
264 2066 404 2098 nimium
418 2075 524 2099 nervat
537 2075 646 2100 eustos
663 2069 825 2101 Iunoniu-
841 2070 889 2102 Io.
910 2071 953 2102 11.

217 2127 284 2171 32.
299 2129 346 2170 E
352 2144 504 2184 magno
509 2130 687 2186 flumine
698 2136 839 2174 sumat
845 2146 1010 2188 aquam.

164 2191 219 2235 In
253 2192 560 2250 antiquissimis
592 2194 750 2252 legitur
761 2227 773 2250 ,
801 2202 941 2251 potet,
964 2196 1010 2240 id

163 2265 233 2302 est
250 2256 368 2300 bibat
383 2290 394 2310 ‚
412 2258 527 2314 quod
550 2259 685 2317 magis
706 2259 857 2317 placet.
879 2261 1009 2305 ΜΔΕ,

165 2323 212 2364 Ε
226 2337 377 2377 magno
405 2322 551 2380 scripti
578 2324 781 2368 meliores
797 2341 807 2368 t
830 2326 1011 2382 quidam

165 2386 297 2432 etiam
308 2393 451 2431 sumat
465 2403 616 2445 aquam
631 2406 644 2433 .·
665 2389 719 2433 de
740 2407 828 2447 quo
848 2391 1009 2436 dicen-

165 2449 274 2493 dum
295 2449 391 2495 Art.
412 2451 513 2496 Am.
529 2466 587 2496 111
602 2486 614 2508 ,
628 2470 737 2497 vers.
752 2455 820 2514 96.
842 2456 1009 2501 Hssms.

166 2514 254 2559 Sed
269 2531 423 2572 aquam
435 2533 592 2560 sumere
604 2518 662 2562 ibi
679 2519 794 2562 aliud
807 2520 910 2576 quid
926 2529 1010 2564 est:

166 2595 246 2637 pro
264 2581 412 2625 bibere
432 2582 575 2640 posuit
590 2583 730 2627 Plaut.
753 2585 848 2628 Mil.
861 2599 899 2628 11
913 2618 924 2640 ,
940 2599 1007 2640 w,

167 2662 188 2702 7
198 2661 214 2688 1
233 2661 244 2688 ι
263 2647 375 2690 Nam
394 2661 450 2689 ex
463 2652 680 2702 unopuleo
697 2651 876 2692 similior
891 2665 1010 2692 nun-

163 2725 285 2765 quam
297 2716 441 2768 potest
453 2728 566 2768 aqua
582 2729 700 2770 aquae
711 2718 833 2757 sumi.
851 2714 1008 2758 Horat.

167 2787 248 2829 111,
269 2775 358 2820 od.
378 2777 427 2820 8:

244 2852 342 2883 Sume
354 2875 366 2891 ‚
385 2852 545 2884 Maeona
557 2877 569 2893 ,
596 2853 730 2896 cyathos
750 2855 847 2886 amici

247 2911 384 2952 ampiti-
393 2920 533 2946 oentnm.
779 2917 903 2949 Bumt.

222 2970 288 3025 34.
322 2973 448 3025 Quod
459 2979 629 3018 mom‘tis
653 2982 847 3032 torqueor.
867 2979 1008 3022 Vetus

169 3043 214 3078 et
233 3034 388 3078 melior
404 3036 531 3083 lectio
550 3047 637 3094 est,
656 3056 709 3083 ne
727 3046 896 3085 monitis
913 3049 1008 3086 {or-

167 3116 302 3156 quear.
322 3100 453 3144 ΜΔιι.
478 3104 687 3159 Torqueat
697 3106 948 3151 Puteaneus
965 3116 1010 3152 et

165 3165 411 3223 complures
433 3166 515 3212 alii.
534 3168 667 3213 Forte
683 3203 696 3224 ,
713 3188 777 3214 na·
797 3177 1007 3229 torqueor:

167 3237 256 3274 tres
276 3229 373 3274 libri
391 3247 493 3276 cum
512 3233 652 3290 prima
674 3234 864 3279 editione
882 3269 894 3290 ‚
912 3254 1009 3282 nam

167 3299 378 3351 torqueor:
390 3305 477 3341 tres
493 3330 505 3353 ,
517 3299 629 3354 quod
641 3305 835 3356 torqueor.
852 3301 924 3346 Sic
935 3319 1011 3353 su-

168 3375 245 3414 pra
260 3363 500 3414 :Ile1·m1·hi‚
516 3367 629 3419 quod
635 3367 843 3408 dominam
858 3383 934 3410 nec
948 3373 1014 3411 vir

167 3438 242 3468 uec
266 3426 446 3482 saemiaa
482 3444 622 3472 servas
645 3430 656 3474 ‚¹
688 3430 1009 3476 Arundelianus

1093 1754 1196 1781 cum
1232 1736 1322 1780 aliis
1354 1736 1651 1794 compluribus
1669 1769 1680 1790 ,
1712 1752 1822 1780 nunc
1851 1742 1948 1779 lor·

1091 1818 1227 1859 queor.
1253 1802 1420 1845 HBINS.

1147 1867 1213 1910 35.
1256 1868 1483 1921 Quodlibet
1516 1870 1691 1910 evenisl.
1736 1867 1953 1920 Qm'dlibcl

1092 1932 1344 1976 Puteaneus
1364 1939 1410 1975 et
1430 1930 1652 1974 animum.
1675 1930 1817 1988 Lege,
1845 1932 1948 1973 Cui-

1090 1999 1217 2048 libet,
1240 2012 1343 2040 cum
1368 2011 1461 2039 uno
1485 1995 1663 2039 Moreti.
1694 1996 1862 2039 Hnms.

1146 2060 1213 2117 37.
1227 2061 1294 2103 At
1307 2066 1365 2112 tu,
1377 2059 1585 2116 formose
1601 2068 1682 2104 etc.
1698 2058 1943 2111 converso,

1092 2133 1142 2168 ut
1159 2123 1347 2169 vidimus
1362 2158 1374 2180 ‚
1393 2124 1447 2168 ad
1474 2125 1612 2182 ipsam
1633 2124 1822 2182 puellam
1843 2141 1945 2167 ser-

1091 2205 1225 2234 mone
1243 2223 1255 2245 ,
1279 2189 1331 2233 ad
1354 2190 1563 2233 maritum
1595 2190 1736 2245 redit,
1766 2191 1945 2234 monitis

1090 2254 1403 2299 instruendum
1423 2254 1723 2299 festivissimis.

1146 2320 1211 2363 38.
1245 2323 1445 2364 Claudene
1462 2327 1583 2364 nocte
1603 2323 1780 2364 domum.
1800 2322 1945 2364 Forem

1093 2387 1298 2431 meliores
1310 2420 1322 2442 ,
1336 2396 1386 2430 ut
1401 2403 1512 2444 saepe
1528 2387 1627 2431 alibi
1640 2388 1813 2431 Noster.
1826 2387 1943 2431 Mul-

1092 2452 1124 2495 ti
1137 2485 1148 2507 ,
1159 2452 1294 2507 fores.
1309 2453 1474 2497 Hunis.
1497 2453 1655 2498 Nescio
1672 2469 1752 2496 cur
1761 2455 1942 2503 domum,

1093 2518 1211 2574 quod
1233 2519 1363 2562 estin
1389 2518 1655 2563 editionibus
1679 2518 1869 2574 antiquis
1899 2527 1941 2560 et

1090 2583 1238 2626 muitis
1267 2583 1460 2640 scriptis,
1482 2582 1750 2640 ejiciendum
1780 2583 1846 2627 sit.
1869 2583 1942 2626 Sic

1089 2652 1189 2695 insr.
1211 2651 1364 2695 Amor.
1384 2651 1456 2696 lib.
1478 2665 1537 2696 111
1551 2685 1563 2706 ‚
1589 2652 1710 2710 Eleg.
1730 2666 1780 2696 x1
1798 2685 1808 2705 ,
1845 2669 1917 2695 12:

1130 2720 1287 2753 Excubui
1299 2722 1463 2760 clauum,
1480 2733 1594 2753 servus
1610 2729 1665 2760 ut,
1680 2729 1753 2754 ute
1772 2721 1919 2753 domum.

1092 2783 1249 2826 Horat.
1267 2796 1324 2826 111
1339 2816 1352 2837 ,
1375 2781 1465 2826 Od.
1489 2798 1534 2840 7:
1555 2784 1701 2826 Prima
1718 2787 1840 2825 nocte
1859 2781 1940 2824 do-

1090 2864 1217 2891 mum
1236 2849 1398 2891 claude.
1418 2847 1582 2890 Bmut.

1145 2915 1212 2973 39.
1242 2915 1411 2956 Limina
1423 2915 1575 2967 puhel.
1597 2912 1718 2955 vett.
1738 2911 1837 2955 edd.
1863 2915 1940 2954 lu—

1090 2985 1228 3034 m1‘na5
1250 2995 1347 3035 quae
1367 2977 1495 3021 lectio
1514 2976 1550 3019 si
1569 2976 1782 3021 servanda
1802 2987 1937 3030 esset,

1088 3043 1382 3102 intelligendae
1401 3076 1411 3094 ‚
1454 3057 1552 3098 quae
1582 3041 1712 3085 hodie
1731 3042 1939 3097 [ωσι-ἱνα

1089 3118 1317 3164 vocantur,
1330 3125 1435 3166 quas
1447 3108 1601 3152 furtim
1606 3111 1791 3164 pulsare,
1805 3109 1938 3152 etiam

1090 3175 1296 3220 nocturni
1333 3183 1548 3218 amatores
1578 3173 1747 3225 solent;
1779 3182 1824 3217 et
1855 3174 1939 3217 hoc

1090 3242 1205 3284 sorte
1218 3240 1410 3297 cogitans
1428 3239 1626 3283 librarius
1638 3273 1650 3293 ‚
1661 3256 1711 3282 ex
1726 3240 1793 3282 sui
1805 3239 1938 3283 seculi

1090 3321 1214 3349 more
1237 3338 1249 3359 ,
1283 3305 1518 3348 lectionem
1558 3305 1677 3347 illam
1714 3305 1939 3361 supposuit

1059 3390 1075 3403 κ
1090 3386 1203 3413 verae
1221 3402 1232 3422 ,
1256 3385 1351 3425 quae
1373 3378 1437 3413 est
1457 3373 1615 3412 limina.

1119 3437 1184 3487 4ο.
1200 3436 1483 3488 Quidlatrent,
1495 3439 1616 3478 nocte
1622 3436 1781 3487 silente,
1798 3449 1935 3477 canes.
