2268 3776
335 350 440 403 338

803 351 868 403 P.
915 327 1205 419 ovum
1248 353 1622 414 NAsoms

334 466 531 545 Quaere
548 510 562 537 ,
588 487 784 524 novem
815 489 912 524 cur
938 465 1042 528 isse
1070 468 1183 527 vias
1214 466 1457 544 dicatur;
1486 486 1541 533 et
1569 473 1698 533 audi

410 560 692 643 Depositis
721 559 882 622 silvas
912 561 1164 645 Phyllida
1190 563 1346 626 flesse
1378 568 1566 628 cornis,

328 662 405 719 At
431 658 629 718 famam
652 658 873 740 pietatis
902 659 1104 732 haben
1132 674 1314 721 tamen
1342 662 1548 746 hospes
1578 681 1634 726 et
1659 690 1843 728 ensem

406 755 681 826 Praebuit,
708 769 762 815 et
790 779 1005 816 causam
1032 756 1227 816 mortis
1245 803 1260 830 ,
1289 756 1499 833 Elissa,
1526 775 1648 822 tuae.
2036 786 2092 841 40

327 853 480 934 Quid
508 875 606 911 vos
635 850 959 933 perdiderit,
989 851 1162 912 dicam
1191 878 1202 912 :

1236 855 1488 915 nescistis
1518 881 1712 920 amare.

402 948 594 1008 Defuit
620 970 705 1006 ars
735 947 928 1007 vobis:
961 962 1074 1008 arte
1102 964 1371 1030 perennat
1399 974 1569 1011 amor.

323 1047 482 1107 Nunc
514 1066 735 1125 quoque
764 1043 1063 1115 nescirent;
1094 1043 1189 1104 sed
1219 1069 1304 1106 me
1337 1046 1606 1129 Cytherea
1635 1049 1830 1112 docere

398 1143 434 1200 J
439 1140 601 1211 ussit,
633 1153 687 1199 et
715 1153 838 1199 ante
870 1137 1062 1199 oculos
1093 1132 1347 1201 constitit
1374 1142 1494 1226 ipsa
1518 1168 1689 1205 meos.

317 1239 461 1298 Tum
490 1235 652 1306 mihi,
681 1234 816 1318 quid
841 1235 1049 1296 miserae
1068 1283 1082 1308 ‚
1116 1236 1286 1311 dixit,
1316 1263 1561 1301 meruere
1589 1241 1831 1325 puellae?
2034 1264 2090 1318 45

394 1333 654 1393 Traditur
682 1332 901 1394 armatis
930 1331 1128 1411 vulgus
1158 1333 1366 1395 inerme
1396 1337 1543 1398 viris.

314 1428 449 1489 Illos
482 1427 713 1489 artifices
744 1428 947 1506 gemini
974 1428 1149 1488 fecere
1175 1428 1385 1490 libelli:

396 1528 526 1586 Haec
556 1549 774 1608 quoque
800 1549 927 1608 pars
956 1523 1183 1585 monitis
1215 1527 1514 1589 erudienda
1542 1530 1669 1591 tuis.

312 1625 526 1685 Probra
551 1623 900 1705 Therapnaeae
930 1622 1026 1705 qui
1056 1621 1266 1683 dixerat
1295 1639 1419 1686 ante
1444 1623 1679 1699 maritat,

363 1790 427 1847 37.
463 1790 629 1842 Quaere,
653 1804 793 1831 novem
822 1805 897 1831 cur
922 1792 1008 1830 isse
1038 1791 1153 1830 vices

306 1858 492 1904 Amatur,
515 1859 557 1895 et
569 1855 681 1896 audi.
699 1852 764 1894 Ex
784 1852 869 1895 suis
888 1851 1006 1895 libris
1024 1852 1152 1895 casti-

307 1920 420 1977 gavit
435 1917 487 1961 ad
501 1917 797 1961 Claudianum
815 1917 954 1960 Janus
968 1917 1152 1960 Parrha-

303 1986 390 2027 sius
412 1984 483 2027 lib.
502 1984 522 2026 I
540 1983 592 2026 de
608 1983 736 2039 Rapt.
758 1982 1026 2039 135.·Regius
1043 2015 1054 2036 ,
1078 1998 1153 2025 cur

303 2067 387 2093 una
413 2053 528 2092 vices
551 2052 769 2101 dicuntum·
792 2055 835 2090 et
863 2046 1149 2090 emendatum

303 2125 469 2173 postea,
486 2131 562 2158 cur
573 2130 659 2158 una
674 2117 788 2157 vices
804 2118 886 2156 iter
896 2118 1025 2156 isset:
1041 2129 1149 2170 quo-

302 2182 436 2225 modo
457 2181 634 2238 plurimi
659 2196 710 2223 ex
732 2181 922 2237 scriptis:
944 2189 1033 2224 tres
1048 2214 1060 2236 ,
1077 2199 1153 2225 cur

300 2266 386 2292 una
408 2253 522 2292 vices
552 2253 776 2291 iterasset:
797 2263 911 2290 unus
925 2280 936 2302 ,
961 2263 1037 2290 cur
1063 2264 1148 2290 una

300 2319 414 2357 vices
424 2317 489 2356 sic
503 2316 609 2355 isset
622 2328 633 2354 .·
648 2311 790 2368 prima
809 2310 941 2354 editio
956 2327 1059 2361 cum
1075 2327 1147 2355 sex

299 2378 463 2435 scriptis
475 2410 487 2431 ,
503 2392 634 2433 quoere
645 2392 787 2419 novem
801 2378 964 2418 vicibus
977 2392 1053 2418 cur
1062 2393 1147 2419 una

287 2443 481 2498 seratur:
499 2457 613 2483 unus
627 2473 639 2495 ,
654 2456 729 2482 cur
743 2456 829 2483 una
840 2444 954 2483 vices
955 2440 1146 2495 stratur:

300 2509 404 2552 alius
419 2542 431 2564 ,
458 2525 589 2563 quoere
603 2523 748 2550 novem
762 2510 876 2559 υἷι-ει
889 2522 964 2550 cur
978 2523 1064 2549 una
1086 2514 1148 2550 ter

299 2580 405 2617 isset
428 2590 440 2616 ,·
462 2572 538 2617 sed
568 2570 682 2616 solus
713 2571 849 2615 codex
878 2571 1057 2628 Regius,
1074 2572 1145 2616 hic

299 2636 540 2681 audiendus
560 2669 572 2690 ,
608 2636 682 2691 qui
702 2635 826 2678 nobis
857 2635 973 2679 inter
1003 2644 1143 2680 tantas

299 2701 600 2745 fluctuationes
614 2698 842 2757 Cynosura
851 2709 926 2742 est.
939 2699 1046 2755 Ejus
1054 2718 1143 2745 ves-

298 2766 409 2824 tigiis
430 2765 658 2828 insistens,
675 2763 759 2806 levi
779 2764 1020 2808 mutatione
1057 2783 1141 2823 ge-

299 2833 510 2885 nuinam,
532 2830 613 2873 nisi
636 2829 784 2880 sallor,
804 2828 1037 2872 lectionem
1061 2830 1142 2872 ha-

296 2897 442 2950 bebis,
463 2895 497 2938 si
511 2893 590 2952 pro
610 2893 700 2948 his,
715 2897 828 2936 vices
840 2896 1053 2944 ficantur,
1072 2911 1138 2937 re—

296 2978 430 3019 ponas
444 2994 456 3015 ,
490 2976 618 3017 quoere
635 2975 776 3002 novem
796 2975 872 3001 cur
885 2975 969 3000 una
984 2964 1060 3001 vr‘oe
1076 2962 1140 3001 di-

294 3035 439 3078 catur,
463 3028 530 3069 vel
547 3029 764 3069 dicantur:
781 3040 860 3068 cur
879 3039 1038 3066 novem
1059 3025 1138 3068 viae

296 3091 590 3148 adpellentur,
606 3105 701 3146 quae
718 3105 806 3131 una
825 3097 888 3131 est
908 3088 986 3130 via.
1006 3088 1138 3131 Adiu-

298 3156 367 3209 dit,
389 3155 441 3198 ad
468 3156 611 3198 vicum
639 3155 685 3196 in
706 3153 916 3208 Thracia,
940 3153 1012 3209 qui
1034 3152 1135 3196 inde

292 3220 433 3268 dictus
452 3213 567 3265 ἐννέα
587 3226 749 3283 Δρόμοι,
773 3230 921 3278 postea
941 3220 1136 3277 Amphi-

295 3287 430 3343 polis;
456 3288 578 3342 cuju-s
603 3285 832 3342 geographi
855 3286 1007 3341 passim
1030 3301 1135 3327 me·-

297 3352 534 3393 minerunt.
573 3351 776 3407 Hyginus
807 3351 908 3393 Fah.
942 3364 1014 3392 le
1033 3383 1045 3403 ‚
1081 3349 1133 3392 de

296 3416 491 3473 Phyllide
515 3425 558 3458 et
579 3414 944 3470 Demophoonte:
970 3407 1137 3468 Qui’die

288 3485 530 3528 constituta,
551 3495 668 3534 quum
690 3495 770 3520 non
787 3483 981 3531 venisset,
991 3481 1069 3519 illa
1089 3493 1135 3518 eo

1233 1791 1302 1832 die
1315 1791 1474 1834 dtkitur
1485 1781 1633 1836 novies
1647 1795 1711 1835 ad
1719 1795 1822 1836 litus
1835 1800 2078 1848 cucurrfirse,

1232 1856 1349 1909 quod
1355 1871 1409 1897 ex
1421 1871 1473 1899 ea
1491 1845 1672 1907 Εννέαδσς
1687 1874 1817 1913 grece
1834 1862 2080 1916 adpellalur.

1233 1919 1293 1962 Et
1312 1919 1373 1963 sic
1402 1921 1553 1971 locus'
1541 1939 1576 1966 is
1601 1922 1732 1966 etiam
1734 1924 1972 1996 Hesychio
1993 1926 2077 1970 ad—

1231 1982 1418 2038 pellatur
1423 2017 1442 2058 .'
1464 2001 1601 2042 quum
1614 1985 1703 2030 aliis
1716 1975 1835 2034 Εννέα
1850 1980 1949 2035 ὁδοὶ
1961 1989 2078 2032 dica-

1232 2053 1330 2102 tur,
1352 2048 1510 2104 utiam
1530 2048 1739 2095 vidimus:
1759 2060 1887 2107 atque
1906 2053 1964 2095 ita
1987 2061 2074 2096 tam

1229 2111 1276 2154 in
1292 2080 1487 2172 Hygino,
1500 2131 1633 2171 quam
1653 2116 1890 2176 Hesychio,
1904 2118 2077 2162 videtur

1229 2177 1552 2235 corrigendum.
1570 2180 1737 2224 HEINS.

1284 2247 1350 2299 42.
1383 2247 1500 2300 Quid
1528 2262 1605 2291 vos
1631 2249 1861 2302 perdiderit
1877 2283 1888 2301 ‚
1924 2252 2074 2293 dicam.

1229 2311 1335 2354 Post
1351 2311 1470 2356 hunc
1484 2329 1659 2357 versum
1669 2314 1715 2357 in
1731 2315 1871 2371 prima
1883 2315 2075 2360 editione

1228 2374 1469 2420 addebatur
1481 2373 1695 2422 distichon
1709 2378 1920 2423 insulsum
1938 2388 2071 2434 certe,

1227 2447 1271 2482 et
1290 2456 1482 2497 nequam
1502 2442 1750 2499 nugatoris:

1226 2510 1316 2550 Quid
1325 2509 1380 2542 tibi
1388 2511 1512 2542 divitioe
1498 2511 1676 2603 ΜΡιῸειιιιιιῬ
1683 2511 1764 2554 quid
1770 2511 1972 2554 ἰοιίιιέἶψιῖᾶ
1978 2513 2073 2543 oetas'?

1265 2571 1320 2602 Ru
1323 2571 1381 2602 sti„
1545 2579 1606 2603 sat
1607 2573 1637 2603 le
1620 2583 1704 2603 emo
1764 2573 1825 2603 eal
1827 2579 1862 2603 tu

1225 2631 1314 2676 Pro
1334 2636 1420 2676 tale
1435 2583 1650 2676 Heinsius
1671 2633 1849 2689 putabat
1862 2636 1986 2676 malle
2000 2631 2070 2675 de-

1224 2697 1334 2741 disse
1366 2698 1756 2772 interpolatorem:
1778 2706 1895 2740 certe
1922 2713 2068 2740 versus

1223 2761 1462 2819 elegantior
1482 2762 1629 2804 exiret.
1653 2762 1816 2805 BURM

1276 2830 1341 2885 49.
1360 2829 1520 2870 Probra
1548 2823 1807 2882 Therapnoeoe
1826 2835 1906 2870 etc.
1928 2825 2065 2870 Stesi-

1220 2891 1406 2936 chorum
1421 2901 1597 2950 poetam
1612 2891 1808 2949 designat
1820 2924 1831 2946 ,
1848 2907 1981 2948 quem
1999 2892 2071 2934 fe-

1219 2965 1340 3011 runt,
1355 2973 1492 3013 quum
1506 2955 1770 2999 maledicum
1781 2955 1827 2998 in
1843 2955 2063 2998 Helenam

1218 3036 1396 3064 carmen
1412 3030 1455 3064 et
1468 3021 1835 3065 contumeliosum
1852 3019 2063 3076 conscrip-

1216 3085 1338 3137 sisset
1354 3121 1365 3140 ‚
1383 3087 1551 3130 tamdiu
1571 3087 1702 3130 oculis
1722 3096 1896 3144 captum
1918 3087 2060 3142 fuisse,

1218 3153 1359 3209 quoad
1377 3170 1454 3210 per
1473 3155 1692 3196 somnium
1713 3155 1978 3196 Palt'nodl'am
1998 3169 2062 3195 re-

1217 3219 1400 3260 cantarit
1413 3251 1424 3272 ‚
1439 3218 1742 3274 cujusquidem
1757 3217 1932 3259 initium
1947 3217 2058 3274 apud

1217 3283 1446 3326 Platonem
1470 3282 1610 3338 legere
1627 3289 1715 3334 est,
1738 3281 1783 3323 in
1805 3283 1965 3323 Phaedr.
1984 3280 2056 3322 sed

1215 3363 1311 3389 rem
1330 3347 1396 3388 alii
1415 3345 1658 3389 fabulosius.
1680 3344 1849 3388 Claruit
1866 3354 2011 3388 autem
2033 3361 2056 3386 a

1216 3426 1376 3455 xxxvn
1397 3412 1574 3470 Olymp.
1596 3412 1650 3455 ad
1679 3426 1754 3455 LVI
1781 3428 1916 3468 usque
1933 3444 1945 3464 ‚
1972 3427 2053 3467 qua

1216 3477 1420 3529 decessit;
1444 3477 1561 3520 unde
1588 3477 1823 3532 colligimus
1854 3475 1975 3519 illum
2001 3474 2051 3518 ad
