2294 3802
833 837 1471 908 EPIGRAMMA

363 1031 793 1118 PUBLII
866 1032 1308 1119 OVIDII
1378 1028 1920 1119 NASONIS

746 1232 831 1286 IN
892 1231 1105 1287 SUOS
1161 1230 1535 1288 AMORES.

270 1435 430 1541 QUI
453 1459 622 1519 modo
647 1461 886 1521 Nasonis
914 1460 1189 1522 fueramus
1220 1462 1463 1544 quinque
1491 1459 1668 1521 libelli
1679 1480 1699 1535 ‚·

346 1559 484 1617 Tres
514 1579 702 1616 sumus
730 1581 743 1615 :
767 1556 876 1616 hoc
903 1555 986 1616 illi
1014 1556 1257 1640 praetulit
1285 1572 1477 1618 auctor
1504 1581 1663 1640 opus,

268 1657 348 1714 Ut
370 1655 481 1736 jam
512 1651 665 1712 nulla
694 1652 798 1712 tibi
825 1677 930 1712 nos
957 1653 1029 1714 sit
1056 1653 1252 1732 legisse
1282 1653 1565 1737 voluptaS‚

348 1751 427 1811 At
446 1748 620 1810 levior
648 1748 845 1810 demtis
868 1773 1032 1833 poena
1061 1750 1283 1811 duobus
1313 1750 1440 1811 erit.

328 1948 364 1974 1.
396 1933 484 1986 Qui
498 1934 619 1975 modo
638 1940 718 1975 etc.
744 1932 997 1976 Praemonet
1021 1932 1111 1976 lec-
1190 1940 1240 1974 ut
1257 1931 1402 1974 minus
1414 1939 1456 1974 te
1468 1946 1548 1974 nos
1558 1930 1701 1988 legere
1717 1927 1891 1986 juverit,
1900 1944 2030 1984 pez-na

269 2004 414 2040 torem
427 1995 611 2040 Ovidius
629 1997 794 2053 priores
813 2002 986 2054 quinque
1005 2012 1112 2053 quos
1191 1997 1344 2041 saltem
1372 1999 1504 2039 levior
1522 2000 1626 2045 erit,
1658 2010 1794 2051 quum
1816 1999 1899 2036 tres
1921 2002 2030 2037 tan-

273 2061 327 2104 de
345 2061 562 2104 amoribus
575 2061 660 2105 suis
678 2061 840 2106 libellos
854 2062 1013 2107 luserat
1025 2096 1036 2117 ,
1065 2062 1112 2105 in
1194 2071 1307 2116 tum,
1321 2076 1401 2119 pro
1418 2065 1605 2118 quinque,
1624 2059 1796 2117 legendi
1817 2075 1936 2102 nunc
1954 2059 2031 2101 tibi

272 2131 358 2168 {ms
369 2142 511 2182 nuper
525 2126 577 2169 ab
592 2134 766 2170 auctore
785 2126 980 2171 redactos
995 2144 1116 2170 nunc
1193 2128 1291 2170 sint.
1323 2125 1460 2182 Quod
1493 2141 1647 2183 parum
1674 2122 1878 2166 videntur
1900 2123 2034 2166 intel-

273 2189 448 2246 prodire
463 2209 473 2242 3
504 2199 548 2234 et
575 2200 775 2234 veterum
794 2207 918 2235 more
932 2225 945 2247 ‚
975 2193 1048 2249 qui
1067 2193 1113 2234 in
1192 2191 1339 2235 lexisse
1356 2223 1369 2246 ‚
1391 2190 1464 2247 qui
1477 2193 1594 2234 nulla
1608 2189 1685 2233 tibi
1697 2205 1779 2231 non
1792 2188 1846 2232 sit
1857 2187 2005 2245 legisse
2018 2219 2031 2242 ,

271 2254 392 2298 istius
411 2254 531 2297 modi
550 2255 899 2312 inscriptionibus
921 2273 988 2300 res
1005 2258 1115 2313 ipsas
1193 2257 1466 2313 scripserant.

276 2327 352 2360 aut
376 2335 580 2375 personas
608 2319 835 2376 loquentes
868 2320 1083 2364 inducunt
1100 2354 1112 2376 ,
1249 2323 1288 2375 4.
1327 2323 1474 2363 Pena.
1502 2317 1744 2363 Modestius
1773 2332 1875 2360 sane
1907 2324 2035 2374 poeta

275 2383 375 2439 ipsis
400 2383 550 2427 libellis
577 2383 631 2427 de
660 2401 705 2427 se
731 2384 939 2441 loquendi
965 2402 1115 2429 curam
1187 2401 1355 2441 penam
1372 2385 1455 2429 hoc
1469 2386 1615 2439 vocat,
1635 2382 1750 2440 quod
1767 2382 2034 2438 voluptatem

277 2447 524 2490 committit.
1195 2450 1332 2494 lector
1361 2451 1540 2507 quisque
1560 2482 1572 2504 ,
1602 2458 1646 2493 et
1674 2448 1906 2491 maximam
1935 2448 2035 2504 qui-

334 2512 373 2554 3.
399 2512 556 2566 Utjam
569 2515 688 2556 nulla
704 2516 873 2556 tibinos
890 2518 950 2556 sil
966 2517 1116 2569 legisse
1196 2514 1299 2558 dem
1317 2548 1329 2570 ,
1364 2515 1516 2572 viginti
1545 2515 1635 2557 sere
1667 2513 1822 2558 abhinc
1841 2513 2002 2571 saeculis
2016 2544 2030 2567 ,

281 2577 477 2632 voluptas
487 2585 568 2622 etc.
586 2577 750 2623 Sensus
759 2587 846 2623 est:
864 2578 899 2621 si
911 2594 1001 2623 sors
1014 2580 1118 2624 velit
1196 2587 1446 2624 constanter
1462 2578 1718 2636 praedicavit.
