2268 3776
269 311 340 381 34
734 310 797 364 P.
849 308 1146 367 OVIDII
1188 309 1562 369 NASONIS

808 599 1202 670 ELEGIA
1253 601 1482 670 VIII.

265 911 420 944 [numu
452 908 785 954 ExsEan'rUn,
821 911 928 953 ρυλε
962 909 1154 942 AMICAM
1184 909 1385 943 An'rmus
1414 910 1724 944 MERETmcns
1759 905 2034 943 CONABATUR

993 985 1279 1017 INSTRUERE.
1299 973 1320 994 *

264 1095 418 1182 EST
448 1117 718 1201 quaedam,
753 1119 1084 1202 quicumque
1110 1117 1260 1178 volet
1289 1141 1621 1196 cognoscere
1651 1117 1833 1190 lenam
1856 1167 1871 1194 ,

340 1215 573 1287 Audiat,
607 1230 690 1275 est
721 1216 993 1298 quaedam,
1022 1215 1248 1275 nomine
1271 1215 1507 1298 Dipsas,
1541 1238 1694 1275 anus.

261 1315 346 1373 Ex
371 1337 428 1372 re
456 1335 658 1371 nomen
687 1312 858 1372 habet
884 1337 895 1371 :
919 1312 1066 1389 nigri
1094 1335 1212 1371 non
1241 1310 1336 1371 illa
1359 1325 1640 1393 parentem

338 1408 658 1469 Memnonis
688 1409 748 1466 in
777 1409 952 1469 roseis
983 1408 1169 1468 sobria
1193 1407 1332 1467 vidit
1362 1408 1536 1490 equis.

259 1504 362 1566 Illa
389 1529 575 1582 magas
606 1519 776 1577 arteS,
810 1505 1068 1586 AEaeaque
1100 1503 1338 1564 carmina
1367 1504 1553 1576 novit,

2010 1520 2036 1562 ΕυἿ

338 1604 516 1684 Inque
544 1619 711 1684 caput
740 1601 959 1683 rapidas
990 1615 1103 1661 arte
1128 1615 1380 1661 recurvat
1407 1623 1593 1683 aquas.

262 1699 378 1760 Scit
404 1700 546 1760 bene
581 1698 716 1781 quid
748 1706 1001 1776 gramen,
1034 1697 1170 1780 quid
1196 1707 1350 1758 torto‘
1372 1697 1590 1758 concita
1616 1694 1856 1756 rhombo

971 1834 984 1857 Ι

313 1883 335 1904 *
363 1883 430 1926 Ut
442 1883 601 1941 Noster
615 1882 924 1938 Propertium,
942 1883 1017 1939 qui
1035 1897 1107 1939 1v,

259 1950 381 2006 Eleg.
394 1963 424 1991 v
436 1982 447 2003 ,
467 1957 778 2005 argumentum
789 1948 873 1991 hoc
887 1949 1084 1992 tractavit
1097 1967 1109 2002 ;

259 2015 318 2058 sic
339 2013 535 2070 Elegiam
556 2012 670 2056 hanc
689 2013 881 2056 imitatus
901 2022 991 2068 est,
1027 2029 1112 2056 nec

258 2094 352 2121 uno
372 2078 418 2120 in
438 2077 533 2120 loco
555 2076 758 2132 fideliter,
781 2085 825 2119 et
848 2076 902 2119 ad
925 2077 1110 2120 verbum

250 2144 465 2201 «expressit
491 2143 684 2187 satiricus
719 2152 868 2186 noster
902 2146 1106 2199 Regnier,

261 2210 340 2253 Sat
362 2222 460 2251 xnl.
496 2208 720 2252 Nonnulla
750 2209 882 2251 etiam
902 2211 1081 2252 Meliore
1095 2243 1106 2260 ‚

258 2276 306 2318 in
329 2275 400 2318 illo
430 2275 642 2317 Dramate
661 2273 842 2328 eximio,
873 2274 943 2317 cui
961 2274 1111 2318 titulus

258 2331 427 2383 I’Ecole
447 2342 522 2381 des
538 2342 749 2394 Femmes,
775 2339 871 2382 Act.
892 2353 930 2381 11
946 2372 958 2392 ,
983 2340 1049 2382 Sc.
1072 2340 1110 2382 6.

320 2422 357 2446 2.
387 2406 552 2459 Dipsas
579 2420 699 2447 anus.
734 2404 850 2459 Quae
866 2406 1032 2460 Dipsas
1061 2404 1111 2446 in

263 2470 456 2523 Nasone,
470 2470 704 2512 MACETTE
717 2469 869 2512 eadem
889 2470 1002 2526 apud
1016 2485 1113 2513 nos-

263 2543 435 2577 tratem.
451 2536 615 2589 Dipsas
629 2543 775 2592 autem
790 2551 813 2576 a
837 2537 981 2591 θιψάω,
997 2539 1109 2585 silio,

262 2609 443 2657 propter
462 2599 578 2642 sitim
598 2608 877 2656 perpetuam,
901 2616 1031 2656 quam
1045 2600 1115 2642 isti

266 2665 426 2719 objicit.
448 2663 521 2708 Sic
540 2679 714 2720 quoque
734 2672 914 2707 vocatur
933 2680 1115 2720 serpen-

266 2739 364 2774 tum
406 2728 628 2785 quoddam
661 2745 797 2786 genus
813 2761 825 2782 ,
871 2729 943 2784 qui
960 2761 972 2782 ,
1009 2744 1116 2783 quos

268 2811 419 2837 morsu
441 2794 595 2836 laeserit
609 2826 620 2847 ,
651 2794 718 2836 siti
739 2802 891 2836 enecat
905 2826 916 2847 ,
939 2793 1007 2836 siti
1026 2793 1115 2849 ipse

268 2860 519 2902 combustus
533 2857 777 2914 inexplebili
806 2874 816 2900 ε
840 2863 885 2900 in
899 2861 1049 2900 mediis
1062 2862 1118 2899 si-

271 2927 436 2967 tiebant
447 2925 665 2978 Dipsades
675 2926 810 2965 undis.
830 2923 932 2966 Luc.
947 2937 1011 2977 lx,
1023 2922 1117 2964 610.

326 2990 364 3031 3.
378 2992 501 3044 Nigri
510 3007 593 3031 non
607 2992 686 3032 illa
694 2995 913 3045 parentem
928 2990 1120 3032 Memno-

268 3058 340 3096 nis
358 3062 436 3096 etc.
473 3053 741 3109 Periphrasis
763 3053 1002 3096 admodum
1021 3053 1120 3095 ele-

272 3135 377 3177 gans
392 3151 404 3173 ,
427 3127 477 3161 ut
498 3117 635 3160 dicat:
658 3120 813 3162 siccam
836 3135 970 3162 anum
994 3120 1120 3162 istam

272 3201 428 3229 aurora
454 3201 697 3241 numquam
717 3186 1018 3242 deprehendit.

327 3253 363 3293 5.
386 3253 470 3292 Illa
490 3266 637 3304 magas
654 3255 768 3292 artes
786 3285 795 3293 .
820 3253 1015 3306 AEoeaque
1034 3265 1123 3293 car-

268 3312 389 3358 mina
409 3320 537 3358 novit.
558 3321 634 3360 Αἶα
648 3348 658 3367 ,
682 3316 823 3371 inquit
846 3314 1120 3372 Stephanus,

275 3384 380 3428 πέλις
393 3384 573 3435 Κόλχων,
594 3382 781 3431 θαλάσσης
795 3381 990 3435 ἀπέχουσα
1002 3381 1125 3432 ςάθιοε

271 3447 494 3505 τριακόσιοι,
520 3449 560 3494 ἦν
575 3448 802 3506 περιιέῥέουτι
818 3453 999 3500 ποταμοὶ,
1019 3439 1125 3493 ἵππος

1190 1888 1257 1927 καὶ
1282 1882 1445 1931 Κυᾶνεσς
1462 1913 1474 1936 ,
1507 1886 1691 1928 παιοῦντες
1712 1879 1828 1936 ἆυτῂν
1848 1880 2035 1940 χερῤἐνη-

1192 1965 1279 2001 σον,
1308 1954 1388 1989 etc.
1410 1944 1530 1988 Hinc
1549 1943 1681 2000 igitur
1693 1944 1834 1985 spiceus
1849 1975 1859 1994 ,
1884 1958 1932 1992 a,
1956 1958 2036 1984 um.

1193 2011 1346 2067 Quare
1374 2011 1495 2054 AEoea
1514 2012 1703 2052 carmina
1723 2040 1734 2062 ,
1774 2022 1868 2050 non
1896 2007 2038 2050 solum

1195 2076 1344 2120 Circes
1357 2110 1367 2127 ‚
1394 2091 1490 2132 quae
1507 2084 1550 2119 et
1566 2075 1655 2132 ipsa
1674 2091 1725 2117 ex
1746 2071 1919 2117 Colchis
1935 2089 2041 2130 pro-

1190 2143 1322 2196 secta,
1345 2141 1391 2184 in
1415 2140 1587 2183 Italiam
1605 2138 1726 2182 venit
1749 2154 1758 2182 :
1779 2137 1855 2181 sed
1879 2146 1923 2181 et
1944 2138 2040 2181 Me·

1192 2205 1636 2250 deae‘incantationes
1666 2204 1751 2247 hoe
1779 2203 1876 2246 loco
1910 2202 2044 2259 accipi

1191 2281 1387 2330 possunt.
1417 2270 1520 2314 Fuit
1542 2279 1586 2313 et
1606 2270 1740 2312 altera
1757 2270 1866 2323 AEa,
1898 2266 2043 2310 Thes-

1193 2335 1289 2379 salis
1306 2368 1317 2390 ,
1339 2335 1462 2391 cujus
1478 2333 1714 2391 Sophocles
1729 2333 1827 2376 alibi
1839 2331 2044 2374 meminit

1191 2400 1258 2444 his
1274 2400 1415 2444 verbiS
1436 2416 1445 2443 ε
1462 2393 1545 2454 Εἷς-ι
1560 2406 1616 2448 τὶς
1634 2405 1714 2444 Αἶα
1733 2399 1934 2442 &eveham
1948 2416 2044 2440 παν-

1192 2471 1351 2528 κλήρια,
1369 2474 1450 2509 etc.
1472 2472 1623 2507 auctor
1642 2462 1761 2506 idem
1782 2461 2043 2518 Stephanus.

1194 2529 1367 2572 Mlcn.
1402 2530 1627 2585 Circeaque
1652 2531 1840 2570 carmina
1860 2560 1870 2577 ‚
1902 2525 2043 2582 prima

1195 2595 1328 2638 editio
1349 2627 1364 2650 ,
1411 2602 1610 2650 excerpta
1655 2593 1843 2636 Puteani
1881 2600 1925 2634 et
1971 2607 2043 2634 sex

1194 2659 1424 2715 scripti..—
1436 2660 1522 2700 Illa
1533 2672 1680 2712 magas
1689 2661 1804 2699 artes
1817 2663 1898 2699 etc.
1918 2653 2045 2698 Con-

1195 2727 1262 2769 ser
1272 2725 1548 2782 Propert.lib.
1562 2738 1626 2778 IV,
1641 2724 1707 2766 El.
1720 2725 1761 2778 5,
1774 2739 1846 2765 av.
1857 2725 1897 2777 5,
1910 2722 1963 2764 ad
1977 2737 2042 2764 20.

1251 2792 1290 2834 6.
1314 2793 1530 2848 liquidas.
1550 2792 1747 2845 Rapidus
1766 2805 1878 2831 unus
1895 2787 2046 2830 Medi-

1197 2875 1298 2903 ceus
1318 2874 1421 2902 cum
1441 2857 1647 2914 excerptis
1668 2855 1872 2900 Politiani
1889 2873 1899 2907 3
1929 2853 2047 2910 quod

1198 2924 1334 2981 magis
1354 2922 1404 2965 ad
1427 2938 1537 2965 rem.
1556 2923 1722 2965 Hssms.
1760 2920 1892 2964 Certe
1915 2921 2048 2975 majo-

1198 3005 1295 3034 rem
1315 3004 1451 3045 magae
1467 2988 1706 3045 potentiam
1726 2987 1939 3043 exprimit.
1960 2986 2011 3028 B.

1257 3071 1292 3112 7.
1323 3054 1414 3096 Scit
1434 3056 1538 3095 bene
1539 3085 1617 3095 ......
1639 3054 1742 3107 quid
1756 3056 1864 3094 torto
1883 3053 2052 3093 concita

1201 3122 1369 3162 rhombo
1391 3122 1504 3161 licia.
1537 3118 1890 3160 Instrumentum
1912 3114 2055 3170 quod—-

1202 3182 1305 3225 dam
1334 3183 1553 3239 magicum
1576 3184 1792 3232 rhombus,
1833 3194 1920 3235 quo
1947 3186 2052 3220 ute-—

1202 3248 1364 3290 bantur
1376 3247 1581 3300 mulieres
1595 3245 1816 3289 maleficae.
1829 3242 2051 3286 Theocrit.

1205 3313 1330 3372 Idyll.
1347 3322 1398 3368 B,
1423 3314 1478 3356 30
1500 3329 1510 3355 ε

1205 3382 1295 3428 Xois
1323 3378 1449 3423 dcvii?
1473 3381 1533 3421 we
1559 3381 1719 3438 (3514623,
1753 3379 1769 3421 ὅ
1794 3377 1950 3432 χάλκεος
1967 3406 1979 3429 ,
2012 3375 2052 3428 ἒξ

1318 3448 1553 3505 Αιτροδίτοες,
