2268 3776
658 298 1052 373 AMORUM
1102 316 1150 371 1.
1199 315 1443 370 ELEG.
1495 313 1609 370 vl.
1943 317 2013 370 25

236 438 403 499 Arma
432 434 555 519 quis
581 431 698 494 haec
728 433 959 495 timeat?
988 431 1115 516 quis
1141 454 1259 492 non
1289 444 1377 492 eat
1406 429 1606 491 obvius
1635 427 1785 490 illis?

316 535 591 616 Tempora
615 530 797 618 noctis
823 543 990 602 eunt3
1016 542 1207 591 excute
1237 542 1400 612 poste
1431 551 1623 589 seram.
1961 544 2015 601 40

235 631 445 692 Lentus
473 629 568 690 es?
594 651 664 689 an
689 650 945 701 somnus,
979 626 1076 711 qui
1108 650 1165 688 se
1192 624 1333 687 male
1361 624 1579 709 praebet
1604 622 1835 695 amanti,

313 725 499 787 Verba
529 724 623 786 dat
651 724 710 785 in
737 739 934 787 ventos
963 748 1093 786 aure
1123 721 1345 807 repulsa
1374 722 1513 782 tua?

235 820 340 895 At,
363 821 614 894 memini,
638 821 847 906 primo,
881 846 1052 905 quum
1085 835 1138 882 te
1169 817 1343 882 celare
1368 817 1648 889 volebam,

313 917 554 998 Pervigil
579 918 639 978 in
666 918 858 981 mediae
884 917 1066 980 sidera
1087 916 1271 979 noctis
1300 940 1437 978 eras.

232 1016 490 1080 Forsitan
520 1030 576 1078 et
603 1030 785 1078 tecum
815 1031 910 1078 tua
937 1039 1086 1078 nunc
1115 1013 1415 1099 requiescit
1438 1011 1639 1074 amica:
1963 1028 2019 1086 45

313 1115 469 1175 Heu!
498 1111 695 1175 melior
725 1128 936 1199 quanto
966 1136 1094 1175 sors
1125 1100 1221 1174 tua
1250 1125 1399 1174 sorte
1422 1111 1577 1171 mea!

232 1210 552 1272 Dummodo
582 1210 689 1285 sic,
722 1211 782 1272 in
810 1235 896 1273 me
923 1210 1073 1273 durae
1098 1209 1326 1271 transite
1359 1221 1578 1270 catenae.

312 1308 587 1392 Tempora
614 1308 797 1370 noctis
825 1322 988 1382 eunt;
1021 1322 1217 1370 excute
1247 1320 1411 1391 poste
1439 1328 1634 1366 seram.

235 1402 542 1467 Fallimur?
571 1429 642 1467 an
666 1430 826 1468 verso
857 1419 1170 1468 sonuerunt
1196 1403 1418 1466 cardine
1447 1401 1676 1487 postes?

316 1503 615 1587 Raucaque
645 1527 926 1565 concussae
956 1502 1116 1582 signa
1145 1501 1343 1563 dedere
1373 1499 1563 1561 sores?
1972 1513 2025 1556 50

236 1597 534 1686 Fallimur;
561 1599 801 1683 impulsa
829 1615 915 1662 est
941 1600 1195 1661 animoso
1222 1598 1389 1680 janua
1415 1610 1597 1658 vento.

236 1774 392 1804 comna
409 1762 552 1805 comit.
578 1759 712 1804 Haud
732 1760 821 1804 scio
841 1776 898 1805 an
918 1776 1012 1804 non
1031 1760 1089 1805 le-

215 1829 220 1834 ’
236 1823 432 1881 gendum
460 1825 630 1883 potuit,
662 1842 741 1870 nec
772 1829 957 1870 madidis·
975 1834 1057 1871 etc.
1073 1858 1087 1883 ‚

235 1897 286 1934 ut
298 1889 461 1935 indicet
479 1906 525 1936 se
541 1906 635 1935 non
652 1907 705 1936 eo
726 1893 977 1937 convivium
991 1907 1091 1951 pro-

233 1954 380 2000 tulisse
393 1988 406 2012 ,
428 1971 516 2014 quo
533 1972 695 2001 corona·
715 1957 935 2013 fluerent,
958 1961 1089 2003 labe-

234 2024 382 2064 matur
394 2036 418 2065 e
431 2021 569 2080 capite
585 2022 895 2067 convivarum:
909 2023 1027 2081 quod
1041 2031 1091 2067 ut

234 2085 396 2131 facilius
430 2085 560 2134 fieret
584 2121 597 2144 ‚
641 2104 817 2135 corone
851 2088 1091 2148 unguentis

232 2152 546 2200 irrorabantur.
585 2155 635 2201 Si
666 2173 773 2201 vero
802 2165 960 2215 sponte
995 2172 1089 2200 non

232 2219 481 2277 defleant,
501 2220 817 2267 scindebantur
835 2230 913 2266 aut
942 2220 1093 2266 detra-

233 2281 480 2340 luebantur-3
514 2301 563 2331 ac
582 2286 767 2344 proinde
783 2320 796 2343 ,
824 2287 946 2331 velut
965 2286 1092 2344 signo

238 2346 362 2401 dato,
383 2350 670 2396 convivarum
690 2352 873 2410 quisque
894 2350 1092 2396 effunde·

236 2411 368 2457 batur
385 2413 433 2458 in
448 2416 670 2473 amplexus
691 2417 786 2473 ejus
797 2450 811 2473 ,
829 2433 927 2474 quae
945 2415 1094 2474 proxi-

239 2491 314 2520 ma
329 2477 370 2522 ei
388 2478 612 2525 assidebat.
633 2481 844 2540 Insignis,
865 2490 912 2525 et
925 2481 978 2525 ad
995 2496 1094 2524 rem

239 2550 438 2587 nostram
464 2545 707 2602 plurimum
726 2546 888 2591 faciens
903 2578 917 2602 ,
959 2545 1095 2590 Tullii

238 2605 380 2663 loeus,
401 2608 579 2655 Tuscul.
610 2611 780 2669 Quaest.
799 2626 862 2656 v:
887 2630 910 2651 κ
938 2612 1095 2670 Itaque

241 2686 324 2717 nec
331 2673 534 2730 pulchros
545 2675 639 2721 illos
647 2675 1024 2723 administratores
1034 2693 1096 2722 as·

240 2736 440 2795 piciebat,
450 2755 533 2784 nec
540 2740 722 2798 plenum
731 2742 835 2786 artis
844 2759 976 2800 argen
982 2751 1094 2797 tum,

240 2817 326 2847 nec
340 2818 526 2848 manum
546 2806 796 2865 porrigebat
810 2807 862 2851 ad
880 2823 1095 2853 mensam.

242 2866 347 2912 Jam
365 2869 470 2927 ipsoe
489 2873 729 2928 defluebant
743 2890 919 2919 comae.
933 2892 956 2914 »ι

297 2933 365 2988 4ι.
386 2937 548 2981 Lentus
562 2953 610 2981 es
624 2941 650 2985 „¹”
682 2955 740 2982 an
763 2955 933 2983 somnus
951 2944 1026 2996 qui
1048 2945 1093 2989 {e

243 3001 354 3040 male
364 3004 523 3054 prebet
539 3010 715 3048 amanti.
747 3004 899 3050 Scribe
917 3037 930 3059 ,
960 3011 1036 3062 qui
1048 3022 1097 3049 se

244 3065 521 3120 malepm-bet
531 3074 701 3112 amanti
711 3086 724 3113 ‚⁰
744 3078 875 3128 atque
888 3071 948 3115 ita
961 3070 1098 3115 codex

245 3127 412 3174 Douzae
428 3162 441 3184 ‚
460 3139 508 3174 et
526 3133 715 3178 Sarravii
731 3167 744 3190 ,
766 3144 811 3179 et
830 3135 1100 3180 Arundelia-

246 3209 342 3239 nus.
357 3195 523 3240 Hssms.
536 3197 672 3243 Recte
691 3199 811 3244 addit
821 3204 953 3252 male,
971 3201 1072 3258 quia
1082 3234 1096 3256 ‚

246 3267 357 3303 teste
384 3259 541 3304 Servio
557 3262 611 3305 ad
630 3264 754 3321 Virg.
777 3279 806 3308 x
821 3298 835 3320 ,
862 3265 967 3309 AEn.
988 3267 1065 3309 321
1083 3299 1097 3321 ,

241 3325 545 3379 poeben'bona
566 3326 788 3372 dicuntur.
809 3353 865 3363 —
880 3332 953 3374 An
972 3347 1098 3374 som-

250 3404 329 3431 nus
338 3423 349 3440 ‚
373 3396 499 3447 quise
512 3395 966 3449 maleproebelamanli.
978 3397 1100 3440 Nihil

251 3456 416 3499 amanti
436 3457 558 3512 pejus
571 3491 584 3512 ,
608 3474 740 3515 quam
759 3460 882 3504 illum
898 3461 1097 3507 invenire

1170 1757 1469 1803 dormientem
1487 1789 1500 1813 ‚
1523 1756 1598 1815 qui
1618 1756 1751 1814 possit
1767 1754 1822 1799 ad
1843 1754 2026 1799 amicam

1170 1823 1466 1868 introducere.
1492 1821 1631 1879 Quod
1652 1822 1711 1865 ita
1733 1820 1940 1878 planum,
1962 1836 2029 1864 ex·

1170 1905 1315 1947 presse
1344 1888 1454 1933 adeo
1487 1905 1539 1932 ex
1577 1888 1677 1946 ipsis
1710 1895 1850 1946 poete
1887 1885 2030 1929 verbis

1170 1955 1338 2005 elucet,
1382 1964 1431 1999 ut
1471 1952 1856 2011 interpretandum
1890 1951 2028 1995 libens

1172 2020 1396 2065 omiserim
1414 2053 1426 2074 ,
1448 2020 1531 2065 nisi
1546 2020 1591 2063 in
1609 2015 1944 2077 interpretando
1957 2016 2029 2059 alii

1171 2086 1489 2132 oberraverint.

1227 2155 1295 2211 43.
1327 2156 1464 2209 Quum
1496 2158 1540 2196 le
1558 2154 1697 2196 celare
1718 2152 1924 2194 volebam.
1958 2147 2033 2190 Mc

1172 2223 1313 2264 celan:
1347 2221 1539 2263 volebam
1560 2251 1571 2268 ‚
1618 2224 1788 2274 septem
1819 2213 1990 2258 codices
2023 2228 2034 2254 :

1174 2293 1365 2343 quatuor
1380 2316 1392 2338 ,
1410 2288 1452 2326 te
1463 2285 1674 2326 solebam.-
1690 2288 1822 2325 recte.
1837 2278 2031 2330 Canace,

1171 2352 1224 2393 id
1235 2355 1278 2393 te
1297 2352 1527 2393 celamnus
1539 2364 1678 2391 unum.
1698 2347 1814 2390 Fast.
1836 2358 1901 2398 w,
1928 2346 2030 2403 149:
2079 2371 2087 2379 -

1180 2417 1244 2458 Ut
1262 2419 1383 2471 tegat
1399 2416 1482 2457 boc
1500 2416 1689 2470 celetque
1706 2415 1820 2455 ve'ms
1844 2413 2033 2454 Fortuna

1175 2483 1316 2524 vin'lis
1334 2481 1532 2523 prestat.
1551 2479 1719 2522 Htms.

1229 2547 1296 2603 47.
1323 2547 1376 2588 In
1406 2559 1473 2588 me
1505 2545 1619 2588 dum
1648 2547 1830 2586 transite
1859 2545 2035 2585 caleaeae.

1178 2612 1300 2654 Vere
1315 2610 1449 2669 igitur
1460 2614 1638 2660 catena,
1657 2617 1703 2652 et
1713 2611 1821 2652 dum
1829 2605 2008 2664 quidem
2021 2638 2034 2658 ‚

1176 2677 1343 2735 janitor
1357 2685 1452 2721 erat
1462 2675 1700 2734 impeditus
1714 2708 1727 2730 ‚
1742 2690 1882 2732 quum
1902 2688 2038 2729 exop-

1177 2753 1243 2789 tet
1271 2743 1459 2789 Ovidius
1496 2753 1547 2788 ut
1585 2744 1633 2787 in
1664 2743 1809 2800 ipsum
1838 2739 2038 2798 janitoris

1177 2814 1340 2853 calena
1370 2814 1618 2859 transeant,
1652 2806 1787 2850 modo
1805 2838 1818 2861 ,
1852 2814 1903 2849 ut
1934 2803 2004 2847 ille
2021 2836 2035 2855 ‚

1176 2887 1271 2918 cunt
1291 2879 1433 2918 amica
1448 2878 1695 2931 requiescat.

1233 2941 1300 2999 49.
1321 2942 1534 2983 Fallimur
1546 2942 1570 2983 ?
1583 2954 1655 2980 an.
1679 2935 1832 2980 Codex
1850 2935 2032 2986 Douzae,

1166 3005 1370 3062 fallimus
1383 3009 1407 3051 ?
1426 3011 1516 3048 aut.

1234 3074 1301 3114 51.
1325 3073 1544 3114 Falle'mur.
1566 3069 1687 3113 Nlale
1706 3069 1753 3112 in
1769 3067 1941 3111 Aldinis
1961 3082 2038 3110 co-

1179 3134 1346 3178 dicibus
1367 3134 1679 3191 interrogative
1704 3134 1888 3191 legitur:
1907 3148 2039 3188 supra

1179 3201 1302 3244 enim
1330 3201 1599 3258 interrogat;
1630 3199 1703 3243 hic
1732 3207 1882 3242 autem
1914 3196 2036 3240 affir-

1179 3275 1273 3310 mat
1287 3283 1297 3310 :
1312 3266 1431 3311 unde
1449 3275 1494 3311 et
1506 3282 1681 3311 causam
1694 3264 1841 3308 reddit
1855 3297 1869 3318 ,
1889 3263 2040 3307 dicens

1179 3336 1363 3388 impulsa
1376 3342 1457 3377 etc.
1480 3334 1612 3376 RIAR.
1625 3356 1681 3364 -
1700 3334 1919 3374 Animosa.
1939 3329 2041 3372 Ad-

1181 3415 1297 3442 verso
1319 3399 1633 3456 Neapolitanus
1655 3414 1666 3440 :
1688 3395 1807 3454 quod
1829 3404 1927 3453 apte
1951 3394 2042 3450 qui-

1182 3463 1283 3507 dem
1306 3464 1506 3519 explicari
1528 3472 1671 3520 potest
1687 3495 1700 3516 ,
1725 3471 1771 3506 et
1786 3462 1890 3505 olim
1907 3460 2040 3503 etiam
