2268 3776
295 289 370 365 94

770 292 833 345 Ρ.
883 292 1176 348 OVIDII
1210 293 1586 350 NASONIS

370 408 446 467 Et
477 406 738 489 quiddam
764 407 880 467 visa
910 422 994 468 est
1020 408 1347 470 addidicisse
1374 410 1522 470 novi.

292 503 463 583 Quod
491 503 725 563 nimium
752 502 1029 586 placuere,
1060 504 1265 565 malum
1293 521 1375 567 est
1400 532 1411 566 ε
1437 506 1587 590 quod
1622 521 1740 567 tota
1768 504 1984 568 labellis

372 599 587 678 Lingua
617 614 711 660 tua
738 615 822 662 est
849 602 1085 673 nostris,
1114 617 1306 663 nostra
1332 618 1552 686 recepta
1580 604 1703 664 tuis.

285 698 399 758 Nec
428 712 609 757 tamen
637 698 746 758 hoc
773 723 947 759 unum
971 698 1134 759 doleo
1162 724 1174 758 :
1204 723 1322 760 non
1351 699 1539 760 oscula
1568 715 1785 761 tantum

365 801 569 859 Juncta
598 824 832 882 queror;
866 802 1113 884 quamvis
1134 801 1249 862 haec
1274 826 1496 885 quoque
1510 803 1701 884 juncta
1719 826 1922 887 queror
1946 826 1958 862 ε
2005 819 2062 861 60

284 896 414 969 Illa,
444 897 553 956 nisi
582 897 642 956 in
670 897 813 958 lecto
832 945 845 970 ,
875 922 1151 981 nusquam
1180 913 1410 981 potuere
1439 898 1641 960 doceri.

366 991 567 1053 Nescio
596 993 721 1075 quis
748 993 992 1076 pretium
1018 995 1221 1072 grande
1248 996 1509 1074 magister
1533 995 1716 1056 habet.

338 1135 406 1178 60.
428 1136 628 1188 Quamvis
639 1137 727 1178 boec
737 1136 975 1191 egojuucta
983 1153 1136 1193 queror.

283 1200 411 1243 Alter
432 1201 658 1243 Maffeian.
685 1218 796 1244 nunc
818 1218 974 1257 quoque
995 1217 1007 1244 :
1029 1202 1138 1245 alter

282 1283 389 1310 vero
403 1299 415 1322 ,
437 1270 531 1310 boec
549 1284 733 1324 quoque:
756 1267 908 1325 placet.
931 1267 1063 1311 CIOF.

337 1333 404 1376 61.
425 1335 672 1389 Numquam.
692 1334 746 1377 In
766 1333 958 1390 quodam
976 1350 1137 1376 manu-

281 1400 440 1456 scripto
451 1401 861 1459 exemplarilegitur
875 1434 887 1455 ,
907 1417 1107 1457 nusquam
1127 1413 1140 1439 :

280 1474 331 1507 ut
345 1465 398 1509 sit
411 1466 517 1522 loci,
540 1483 633 1509 non
655 1466 886 1524 temporis,
911 1465 1028 1522 quod
1043 1481 1139 1508 sen-

1218 1139 1284 1181 sui
1304 1138 1575 1196 aptissimum
1596 1136 1780 1181 videtur.
1801 1137 1931 1179 ΜΔΕ.
1947 1138 2069 1181 Nus-

1218 1219 1340 1259 quum
1378 1205 1628 1248 Puteaneus
1664 1211 1707 1246 et
1740 1201 1810 1244 alii
1832 1200 2034 1244 nonnulli
2055 1217 2070 1244 :

1218 1277 1350 1311 recte.
1372 1269 1542 1312 Hnms.

1273 1335 1339 1377 62.
1354 1337 1540 1377 Pretium
1551 1336 1712 1390 grande
1721 1338 1921 1389 magister
1928 1335 2067 1375 babet.

1223 1400 1262 1442 E
1295 1416 1425 1442 versu
1458 1397 1723 1456 praecedenti
1747 1397 1950 1456 conjicias
1969 1399 2068 1442 licet

1223 1465 1348 1520 quale
1371 1473 1415 1507 et
1437 1471 1664 1520 quantum.

880 1719 1275 1790 ELEGIA
1329 1719 1459 1790 VI.

395 2026 686 2069 PSITTAcUM,
716 2026 850 2068 QUEM
881 2024 1047 2057 AMICAE
1081 2023 1390 2066 DONAVERAT,
1422 2023 1574 2054 LUGET
1605 2021 1945 2054 INTEREMTUM.

279 2150 715 2245 PSITTACUS,
741 2173 880 2233 Eois
907 2171 1174 2232 imitatrix
1204 2169 1316 2231 ales
1344 2169 1414 2230 ab
1444 2168 1632 2241 Indis,

358 2270 608 2332 Occidit!
641 2268 946 2352 Exsequias
977 2269 1051 2328 ite
1086 2267 1437 2351 frequenter,
1470 2289 1610 2326 aves.

272 2370 380 2443 Ite,
410 2369 515 2451 piae
542 2367 824 2440 volucreS,
857 2381 912 2427 et
939 2365 1186 2449 plangite
1215 2379 1444 2448 pectora
1467 2362 1665 2447 pennis
1688 2385 1702 2436 ;

329 2556 364 2582 1.
384 2542 626 2590 Psittacus,
652 2540 761 2581 Eois
783 2546 863 2582 etc.
885 2536 998 2581 Edd.
1020 2546 1123 2581 vett.

268 2607 388 2648 Mihi
401 2609 556 2647 missus
575 2607 630 2646 ab
644 2606 776 2646 Indis.
800 2603 1035 2660 Exemplar
1049 2619 1126 2645 ve-

268 2670 424 2714 tustiss.
472 2671 762 2712 Transmissus
775 2701 786 2718 ,
820 2668 979 2710 omisso
1011 2683 1124 2723 pro-

267 2751 389 2778 nom.
410 2737 544 2787 miln‘;
581 2742 626 2777 et
647 2732 873 2776 Masseian.
896 2735 1002 2774 Eois
1023 2734 1131 2774 mibi

266 2805 422 2843 missus
438 2803 494 2843 ab
512 2794 598 2844 orts
621 2815 633 2841 .·
655 2797 846 2854 denique
869 2796 1122 2840 Farnesian.

266 2867 375 2908 Eois
408 2882 542 2921 nuper
576 2865 685 2907 mibi
720 2867 874 2905 missus
906 2864 962 2903 ab
990 2863 1122 2904 Inda.

269 2930 387 2985 Quae
413 2931 564 2973 omnia
584 2929 769 2987 vulgata.
792 2930 900 2971 Eois
915 2929 1123 2968 imitatrix·

265 3002 359 3040 ales
393 3002 448 3040 ab
482 3001 602 3041 Indz‘s
624 3031 634 3049 ,
678 2996 807 3053 longe
850 2991 1122 3051 praeferenda

266 3062 480 3105 duxerim.
518 3064 698 3105 Missum
720 3061 879 3117 quippe
900 3059 978 3102 sibi
997 3058 1121 3101 Psit-

264 3136 414 3171 tacum
436 3127 555 3170 dono
592 3125 803 3169 Corinnae
830 3123 1017 3168 Ovidius
1038 3122 1119 3165 de-

265 3193 414 3246 derat;
438 3210 534 3250 quae
554 3209 623 3236 res
643 3208 736 3235 non
757 3191 917 3234 nullius
930 3190 1001 3233 hic
1020 3204 1121 3231 mo—

264 3259 419 3302 menti.
455 3258 603 3302 Addas
638 3257 739 3300 licet
760 3289 771 3310 ,
817 3255 935 3312 quod
966 3270 1119 3298 vocem

262 3322 378 3366 hanc
398 3327 606 3367 imitatrix
627 3321 788 3378 aliquid
808 3329 1015 3377 sequatur
1037 3336 1120 3362 ne·-

263 3406 377 3433 cesse
400 3400 491 3445 cst,
525 3390 643 3433 unde
667 3389 913 3446 pleniorem
941 3404 1117 3432 sensum

266 3454 417 3497 elicias.
437 3456 615 3499 Rectius
630 3456 761 3511 igitur
780 3455 959 3507 Statius,
972 3455 1018 3498 in
1040 3469 1119 3496 eo—

1208 2537 1311 2581 dem
1322 2534 1724 2594 argumento,SyIV.
1737 2547 1791 2588 11,
1803 2548 1935 2576 carm.
1948 2546 2012 2587 1v,
2026 2547 2063 2575 2:

1207 2609 1377 2639 Humanoe
1391 2606 1491 2636 solers
1505 2606 1672 2644 imitator,
1686 2602 1827 2634 Psittace
1839 2625 1849 2640 ,
1875 2602 2009 2642 linguae.

1205 2689 1260 2700 --
1280 2668 1388 2710 Ales
1415 2669 1471 2708 ab
1497 2667 1631 2708 Indis.
1670 2664 1761 2706 Pro
1780 2664 1877 2704 ales
1904 2663 2061 2703 indica,

1207 2732 1280 2775 Sic
1299 2730 1414 2788 apud
1430 2730 1554 2786 Virg.
1577 2728 1737 2783 Georg.
1758 2739 1815 2768 111
1828 2758 1839 2779 ,
1863 2743 1886 2768 2
1903 2741 1914 2768 ι
1934 2729 2060 2769 Pas-

1205 2801 1275 2839 tor
1296 2798 1352 2837 ab
1373 2796 1631 2852 Amphryso,
1663 2807 1744 2849 pro
1768 2792 2061 2850 Amphrysius.

1206 2861 1358 2905 Graece
1380 2860 1493 2904 dicas
1514 2893 1526 2915 ,
1561 2865 1656 2922 ὅρνις
1687 2860 1828 2912 ἠῶθεν,
1860 2865 1910 2900 ut
1931 2861 2061 2912 νομεὺς

1210 2930 1466 2991 ἀμφρύσηθεν.

1261 3012 1296 3037 2.
1319 2996 1559 3049 Exsequias
1578 2996 1638 3035 ite
1652 3025 1662 3043 ‚
1671 2990 1932 3047 frequenter,
1948 3004 2060 3031 aves.

1205 3060 1342 3103 Recte
1356 3076 1372 3111 >;
1399 3074 1493 3101 non
1503 3057 1643 3113 fide,
1679 3054 1798 3112 quod
1819 3054 1965 3097 minus
1985 3053 2057 3096 la-

1204 3124 1349 3166 tinum
1366 3156 1377 3177 ,
1402 3122 1587 3166 Heinsio
1609 3120 1767 3177 judice.

1258 3190 1296 3232 3.
1335 3191 1550 3243 plangite.
1591 3189 1655 3230 Et
1684 3189 1831 3242 passis
1862 3186 2057 3240 plangite

1195 3258 1351 3310 pennis
1371 3252 1725 3303 Arundelianus3
1754 3250 1813 3293 sic
1826 3264 1969 3304 passoe
1983 3263 2057 3289 co-

1202 3337 1277 3362 mae
1291 3321 1549 3376 frequenter
1563 3316 1678 3371 apud
1698 3317 1930 3365 Nostrum;
1946 3327 2055 3367 pas-

1200 3403 1259 3429 soe
1271 3389 1450 3442 palmoe,
1474 3385 1588 3442 apud
1600 3382 1916 3428 Germanicum
1934 3379 2053 3421 Ara-

1201 3453 1281 3496 teis
1302 3469 1311 3494 :
1325 3456 1472 3508 passis
1492 3455 1670 3495 victoria
1684 3452 1838 3505 permis
1854 3481 1866 3499 ,
1891 3445 2051 3490 Nostra
