2268 3776
1110 278 2032 298 mmmmmm

542 442 639 528 P.
711 437 1134 527 ov1D11
1195 437 1739 525 NASONIS
1938 552 1944 559 ,

278 648 1343 762 MEDICAMINA
1430 650 2010 761 FACIEI.

981 888 1299 910 *—

727 1128 1529 1200 FRAGMENTUM.
1566 1133 1590 1160 ¹*

247 1303 591 1402 DISCITE‚
627 1353 747 1413 quae
776 1329 972 1392 faeiem
997 1331 1348 1392 commendet
1378 1356 1536 1406 cura,
1559 1330 1793 1416 puellae;

326 1427 403 1488 Et
428 1451 541 1511 quo
572 1427 646 1488 sit
674 1427 837 1489 vobis
868 1428 1046 1490 forma
1078 1429 1285 1491 tuenda
1311 1429 1499 1491 modo,

251 1522 451 1586 Cultus
481 1523 714 1585 humum
745 1524 990 1586 sterilem
1018 1525 1266 1588 Cerealia
1294 1528 1535 1612 pendere
1559 1529 1726 1611 jussit

332 1621 571 1681 Munera
595 1646 607 1681 :
632 1621 918 1683 mordaces
947 1622 1206 1685 interiere
1238 1625 1387 1686 rubi.

251 1717 454 1780 Cultus
483 1734 539 1780 et
562 1719 625 1780 'in
653 1720 839 1803 pomis
867 1745 1065 1783 succos
1095 1722 1352 1783 emendat
1375 1721 1640 1792 acerbos3

2025 1739 2050 1779 U!

330 1816 597 1901 Fissaque
621 1816 913 1902 adoptivas
943 1819 1146 1902 accipit
1171 1818 1342 1880 arbor
1370 1841 1521 1901 opes.

303 2001 325 2024 *
345 2003 578 2061 Integrum
602 2001 724 2047 hunc
750 1990 949 2048 libellum
971 2003 1105 2049 suisse

248 2085 301 2113 ex
329 2069 424 2128 ipso
455 2066 619 2114 ovidio
650 2068 922 2126 colligimus,
956 2071 1032 2128 qui
1059 2071 1106 2115 in

249 2135 360 2180 Arte
381 2134 614 2180 Amatoria
631 2167 645 2191 ,
667 2148 726 2179 111
742 2168 754 2191 ,
779 2137 858 2180 205
882 2147 893 2175 :

250 2211 308 2242 En
324 2209 422 2251 mihi,
433 2222 500 2254 quo
514 2211 586 2243 dixi
600 2218 716 2242 vestr·
726 2211 950 2243 Medio-mina
959 2210 1087 2250 forma,

290 2271 416 2303 Parvus
425 2295 437 2311 ,
453 2271 511 2314 sed
522 2283 601 2302 curt
616 2271 735 2312 grande
751 2271 904 2311 libellus,
919 2282 1014 2314 opus.

250 2331 320 2377 De
347 2332 633 2391 inscriptione
663 2349 758 2378 non
783 2333 885 2378 satis
907 2342 1106 2390 constat,
1134 2360 1138 2365 ·

253 2413 350 2456 quae
363 2397 494 2456 vulgo
502 2398 828 2454 circumfertur,
842 2415 893 2443 ex
906 2398 991 2444 hoc
1004 2400 1110 2444 Ovi·
1136 2413 1142 2417 '

253 2467 314 2512 dii
342 2484 472 2514 versu
500 2467 676 2513 videtur
696 2467 1075 2529 conflatatscripti
1093 2502 1107 2526 ‚

254 2549 363 2591 quos
373 2533 478 2594 γίἆί,
494 2533 663 2578 nullam
675 2544 934 2592 agnoscunt,
949 2544 1111 2593 praeter

252 2616 397 2644 unum
422 2600 693 2644 Vaticanum
709 2633 722 2656 ,
761 2600 836 2658 qui
860 2599 915 2644 de
948 2603 1111 2644 Ornalu

241 2664 388 2720 faciei
400 2664 620 2709 inscribit:
641 2665 782 2723 prima
804 2674 954 2709 tamen
975 2665 1111 2710 editio

253 2730 514 2772 Medic-alam
529 2727 694 2786 sack-m
718 2739 856 2774 vocat.
889 2729 1013 2786 Quid
1031 2765 1043 2786 ,
1076 2731 1112 2775 si

254 2794 401 2837 Arlem
436 2796 703 2840 mdtkandae
721 2795 870 2852 facici
891 2796 1112 2840 inscriba-

255 2859 388 2903 mus?
413 2859 581 2905 Hssms.

316 2942 351 2967 ι.
386 2926 665 2969 Commendet.
698 2925 805 2970 vid.
838 2925 894 2971 ad
928 2926 1110 2972 Petron.

256 3005 347 3048 cap.
373 3002 444 3034 cx.

311 3073 350 3099 α.
371 3057 435 3099 ΕΙ
458 3071 539 3112 quo
564 3060 627 3099 sil
651 3060 770 3100 vobis
786 3056 936 3112 forma
958 3062 1114 3103 luenda

257 3123 391 3164 modo.
426 3122 539 3165 Cura
569 3125 728 3165 luenda
756 3131 926 3167 veteres
958 3139 1115 3169 omnes

258 3187 410 3231 nostri.
439 3187 613 3232 Marius
634 3188 772 3246 Niger
799 3205 852 3232 ex
881 3189 968 3233 suis
997 3190 1115 3234 alte—

258 3268 362 3295 rum
386 3254 555 3310 profert
577 3286 590 3307 ,
624 3261 668 3296 et
700 3251 913 3297 Ciofanus
939 3269 991 3296 ex
1022 3270 1115 3298 uno

260 3317 519 3361 Maffeiano.
540 3317 699 3361 Forte:
719 3319 783 3360 Et
797 3334 878 3373 quo
896 3322 985 3362 sint
997 3323 1118 3362 vobis

259 3399 333 3425 ora
349 3385 506 3426 tuenda
523 3387 656 3426 modo.
674 3383 758 3427 Ins.
774 3400 886 3428 vers.
903 3386 953 3427 52
974 3398 984 3427 z
1003 3385 1118 3427 Can-

260 3451 361 3491 dida
391 3466 471 3505 quo
496 3454 667 3503 possint
701 3467 777 3493 om
817 3455 950 3493 nitere
984 3454 1117 3493 modo.

1191 2004 1326 2049 Forte
1349 2004 1485 2048 etiam
1509 2020 1520 2048 ε
1546 2004 1609 2047 Et
1627 2019 1711 2059 quo
1731 2007 1823 2046 sin!
1839 2006 1959 2046 vobis
1978 2019 2054 2045 ora

1188 2073 1364 2116 linenda
1387 2073 1523 2115 modo.
1546 2070 1665 2115 Nam
1685 2070 1733 2114 in
1753 2069 1923 2128 scriptis
1942 2085 2053 2113 non-

1191 2137 1322 2180 nullis
1338 2170 1351 2191 ,
1373 2154 1450 2179 ora
1468 2139 1662 2180 tenenda.
1686 2136 1856 2180 Hssms.

1247 2202 1287 2246 3.
1312 2205 1463 2247 Cultus
1480 2196 1648 2246 humum
1663 2204 1885 2258 quemdam.
1903 2201 2052 2245 Ambo

1193 2269 1322 2312 Mass.
1337 2278 1381 2313 et
1398 2269 1528 2312 ambo
1543 2268 1769 2313 vaticanae
1779 2267 2052 2312 bibliotheca

1190 2334 1290 2379 libri
1322 2334 1490 2380 habent
1502 2367 1515 2390 ,
1552 2338 1693 2378 cullas
1729 2336 1899 2378 humum
1926 2338 2052 2377 steri-

1191 2403 1271 2444 lem
1292 2409 1374 2444 etc.
1391 2434 1403 2457 ,
1438 2417 1532 2446 non
1552 2400 1682 2444 male.
1704 2398 1838 2444 Clot.
1865 2401 2050 2443 Humum

1190 2468 1375 2509 sten’lem
1404 2465 1547 2524 prima
1582 2464 1719 2510 editio
1749 2481 1853 2509 cum
1882 2465 2052 2522 scriptis

1191 2530 1410 2588 plerisque
1430 2548 1440 2575 ε
1458 2541 1577 2576 recte
1594 2550 1606 2584 ;
1625 2530 1744 2590 quod
1759 2539 1805 2576 et
1817 2531 1865 2574 in
1879 2529 2051 2575 duobus

1190 2597 1279 2641 suis
1302 2595 1515 2642 Ciosanus
1531 2597 1777 2642 invenerat.
1799 2597 1970 2641 Hssms.

1250 2663 1289 2716 4.
1311 2663 1549 2706 λων-ἄπειπε.
1570 2662 1784 2709 Heinsius
1804 2661 1912 2704 olim
1934 2678 2051 2704 mar-

1192 2735 1346 2779 centes,
1359 2728 1402 2771 id
1415 2738 1480 2773 est
1489 2730 1669 2784 inertes,
1680 2729 1943 2785 conjecerat.
1958 2728 2054 2771 Ma-

1193 2793 1284 2838 rius
1304 2794 1486 2852 explicat
1501 2827 1514 2849 ,
1539 2803 1721 2852 propter
1737 2793 1884 2850 spinas
1902 2791 2053 2835 adun-

1194 2875 1276 2910 cas,
1289 2860 1446 2916 quibus
1455 2859 1655 2908 horrent,
1669 2859 1729 2902 ita
1744 2857 1879 2902 dictas
1892 2876 1904 2909 ς
1917 2857 2052 2900 male:

1194 2927 1414 2968 mordaces
1425 2924 1551 2968 dictae
1564 2925 1758 2969 infelices
1773 2923 1938 2980 herbae,
1952 2924 2055 2980 quia

1196 2999 1336 3034 urunt
1357 2999 1402 3034 et
1422 2989 1633 3034 mordent
1654 2997 1820 3033 terram
1837 3022 1849 3044 ,
1879 2997 1925 3032 et
1954 2988 2055 3032 effi-

1196 3056 1345 3111 ciunt,
1365 3072 1423 3100 ne
1441 3055 1656 3099 feliciores
1678 3064 1723 3099 et
1744 3056 1874 3099 bonae
1894 3070 2057 3111 prove-

1196 3123 1337 3166 niant.
1367 3122 1471 3166 vid.
1502 3121 1558 3166 ad
1584 3121 1767 3166 Petron.
1799 3135 1907 3164 xuv
1934 3134 1944 3161 :
1980 3121 2059 3164 ubi

1197 3191 1382 3232 mordere
1399 3205 1610 3232 annonam
1625 3223 1637 3240 ‚
1659 3197 1703 3232 et
1714 3191 1890 3232 adurere
1905 3194 2057 3230 terram

1197 3254 1509 3298 illustravimus
1526 3271 1536 3298 :
1552 3254 1750 3298 voluerat
1765 3255 1898 3298 etiam
1914 3253 2060 3296 Hein-

1199 3321 1313 3378 sius,
1335 3323 1555 3364 mordaces
1577 3323 1678 3363 hinc
1687 3324 1850 3376 peni-re
1864 3323 1982 3373 rubi,
2005 3333 2057 3360 ex

1199 3386 1323 3430 cultu
1345 3386 1519 3430 scilicet.
1541 3386 1706 3429 BURM.

1259 3452 1297 3494 6.
1315 3454 1521 3507 Fissaque
1534 3454 1757 3507 adoptivas
1769 3455 1930 3506 accipi!
1938 3452 2066 3492 arbor
