2268 3776
606 321 1017 380 AMORUM
1063 324 1113 379 1.
1158 319 1404 381 ELEG.
1452 325 1636 381 XIV.

1934 326 2007 400 69

228 443 324 506 Me
351 442 638 504 miserum!
673 441 923 503 lacrimas
951 441 1091 504 male
1116 443 1393 518 continet3
1427 467 1634 528 oraque
1665 442 1855 505 dextra

311 539 586 618 Protegit,
617 539 885 619 ingenuas
912 540 1061 623 picta
1086 540 1294 602 rubore
1325 543 1521 620 genas!

230 634 481 698 Sustinet
509 636 772 720 antiquos
803 636 1011 716 gremio
1044 651 1290 721 spectare
1319 636 1552 721 capillos
1570 684 1586 710 ,

312 732 420 793 Hei
446 732 611 794 mihi!
642 758 758 795 non
786 733 885 795 illo
913 758 1140 797 munera
1169 733 1338 816 digna
1364 733 1519 795 loco!

233 825 448 908 Collige
475 853 602 892 cum
629 830 788 893 vultu
813 846 1081 905 mentem3
1106 830 1414 918 reparabile
1448 831 1711 892 damnum
1739 843 1853 891 est:
1895 870 1897 873 .
1962 846 2016 888 55

310 923 615 990 Postmodo
644 929 832 994 nativa
855 929 1199 1015 conspiciere
1227 952 1401 992 coma.

284 1090 352 1134 51.
389 1091 466 1136 Me
486 1093 709 1139 mimum!
735 1095 937 1139 lacn’mas
971 1097 1084 1140 male

228 1157 426 1200 continet.
441 1155 500 1201 Se
512 1157 653 1216 ipsum
663 1159 832 1205 incusat
843 1191 855 1215 ,
874 1160 992 1218 quod
1003 1160 1081 1204 du·

228 1217 322 1263 rior
345 1235 492 1266 sermo
516 1223 670 1280 puellae
697 1224 894 1269 lacrimas
921 1225 1083 1270 elicue-

229 1284 287 1330 rit
302 1302 313 1339 ς
329 1294 375 1331 et
390 1285 575 1334 flentem
589 1290 718 1335 solari
737 1291 912 1336 festinat
928 1325 940 1347 ‚
960 1292 1083 1337 obla-

229 1359 275 1396 ta
299 1368 375 1411 spe
402 1353 554 1400 damni
582 1357 703 1403 facile
731 1359 1005 1417 reparabilis,
1038 1368 1084 1404 et

230 1430 368 1463 coma
381 1424 552 1474 nottho,
573 1420 771 1466 fictitiam
784 1438 881 1481 quae
892 1440 995 1467 mox
1008 1441 1085 1469 ex-

230 1480 372 1539 cipiat.
399 1483 494 1531 Nec
513 1486 678 1532 mirum
698 1497 816 1533 certe
838 1489 956 1546 quod
976 1498 1084 1534 tan-

232 1553 386 1606 topere
407 1548 553 1596 doleat
579 1553 749 1610 puella,
780 1570 876 1611 quae
911 1555 1084 1613 capillos

234 1612 429 1660 amiserit
444 1632 454 1668 ;
476 1632 583 1661 nam
594 1625 644 1662 ut
664 1618 794 1677 Apul.
810 1620 953 1665 verbis
965 1630 1086 1667 utar:

234 1693 259 1715 «
272 1676 322 1722 Si
333 1678 508 1725 cuilibet
517 1682 683 1728 eximioe
692 1684 1085 1744 pulcherrimeque

234 1742 427 1789 soeminae
457 1756 588 1805 caput
613 1749 768 1807 capillo
801 1751 1051 1808 spoliaveris
1069 1786 1083 1808 ‚

233 1815 280 1852 et
298 1809 453 1854 faciem
479 1811 625 1857 nativa
650 1815 791 1871 specie
819 1815 1053 1861 nudaveris
1070 1850 1083 1874 ,

232 1872 335 1918 licet
358 1874 428 1919 illa
444 1875 549 1920 calo
569 1876 738 1936 dejecta
754 1912 767 1935 ,
799 1881 911 1924 mari
932 1881 1048 1926 edita
1070 1915 1082 1938 ,

232 1936 437 1984 fluctibus
457 1940 664 1995 educatu
698 1943 798 1988 licet
818 1978 831 2000 ,
871 1946 1054 2003 inquam
1070 1981 1083 2004 ,

234 2002 392 2048 Venus
410 2003 501 2062 ipsa
518 2006 652 2052 fuerit
666 2040 679 2063 ,
714 2008 814 2054 licet
832 2011 955 2054 omni
977 2011 1084 2056 Gra·

233 2067 397 2113 tiarum
418 2069 554 2116 choro
579 2072 761 2131 stipata,
794 2083 839 2119 et
866 2083 955 2120 tota
979 2075 1085 2121 Cu-

233 2130 436 2190 pidinum
454 2135 617 2194 populo
635 2139 842 2184 comitata
853 2173 866 2196 ‚
882 2150 927 2185 et
939 2141 1084 2185 balteo

234 2213 316 2244 auo
333 2198 475 2246 cincta
488 2233 501 2257 ,
523 2201 693 2261 placere
711 2220 804 2251 non
826 2206 1003 2265 poterit,
1026 2222 1085 2251 ne

237 2262 439 2311 Vulcano
457 2282 550 2313 suo.
573 2286 596 2310 »ι

1222 1097 1289 1139 52.
1307 1095 1438 1138 Pe'cta
1455 1095 1613 1137 mbooe.
1641 1093 1816 1142 Tincta,
1839 1089 2021 1135 Moreti·

1219 1160 1285 1205 53.
1311 1160 1509 1216 spectare
1538 1160 1733 1215 capillos.
1765 1156 1947 1215 Legitur
1969 1156 2017 1199 in

1164 1224 1424 1282 quibusdam
1447 1239 1622 1282 quoque
1636 1256 1648 1279 ,
1668 1228 1913 1280 spectatque
1931 1238 2017 1265 ca-

1155 1293 1313 1347 pillos-,⁸
1335 1299 1454 1335 recte
1468 1298 1722 1347 utrumque.
1744 1289 1873 1332 Man.
1890 1289 2021 1344 Spec-

1163 1361 1256 1400 tare
1271 1372 1344 1401 sex
1359 1356 1508 1414 scripti
1522 1389 1534 1412 ,
1556 1371 1659 1400 cum
1682 1354 1906 1412 Excerptis
1926 1354 2019 1397 Ju-

1163 1422 1247 1466 reti
1261 1440 1272 1475 ;
1289 1438 1340 1466 ea
1351 1422 1565 1480 scriptura
1582 1421 1734 1480 placet.
1749 1420 1823 1465 Sic
1835 1423 2022 1463 sustinet

1163 1492 1225 1531 1⁰ae
1244 1521 1255 1539 ,
1280 1487 1466 1531 Metam.
1488 1501 1561 1543 tv,
1585 1487 1693 1543 4463
1714 1494 1759 1530 et
1779 1499 1854 1540 Vl,
1879 1485 1959 1529 563
1981 1500 1993 1528 ι

1164 1557 1309 1589 Sustinet
1320 1555 1363 1587 ad
1372 1557 1519 1588 Procnen
1532 1562 1605 1598 post
1619 1556 1696 1587 talia
1710 1554 1795 1586 saeta
1811 1554 1941 1585 reverti.
1969 1552 2016 1583 H.

1221 1618 1286 1673 54.
1315 1618 1413 1663 Non
1437 1618 1514 1660 illo
1544 1632 1717 1660 munem
1741 1617 1875 1671 digna
1894 1612 2019 1658 Ioco!

1167 1682 1227 1727 Et
1245 1689 1363 1728 recte
1384 1681 1565 1739 quidem
1583 1698 1595 1733 ς
1617 1696 1710 1724 nou
1732 1680 1854 1724 enim
1871 1679 1906 1722 is
1925 1686 2021 1722 erat

1164 1748 1284 1794 locus
1299 1781 1311 1804 ,
1339 1764 1474 1806 quem
1496 1746 1637 1805 capilli
1658 1753 1937 1803 occuparent.

1222 1816 1288 1857 55.
1321 1815 1495 1869 Collige.
1528 1814 1698 1868 Com‘ge
1717 1845 1729 1864 ,
1761 1810 1942 1854 Barber.
1975 1817 2022 1853 et

1166 1877 1304 1923 Palat.
1325 1878 1490 1923 tertius.

1220 1943 1287 1987 56.
1321 1945 1597 2000 Conspicz‘ere.
1621 1942 1803 1987 Mallem
1818 1974 1831 1996 ,
1851 1942 2024 1995 conspi-

1164 2012 1307 2059 ciam,
1339 2017 1389 2052 ut
1417 2009 1471 2053 sit
1502 2008 1759 2059 monentis;
1803 2005 2018 2050 damnum

1167 2072 1227 2117 ait
1252 2089 1343 2118 esse
1365 2073 1603 2131 reparabile
1621 2106 1634 2127 ‚
1672 2073 1708 2117 si
1735 2071 1871 2116 modo
1910 2087 2020 2129 pos-

1167 2146 1237 2183 tea
1257 2155 1281 2182 a
1302 2138 1522 2197 tingendis
1541 2140 1678 2184 comis
1706 2138 1919 2182 abstineat
1936 2169 1949 2191 ,
1977 2144 2022 2179 et

1168 2204 1272 2248 velit
1290 2204 1481 2262 conspici
1500 2208 1645 2248 naum
1663 2219 1796 2247 coma.
1819 2204 1989 2246 Verum
2005 2234 2017 2254 ‚

1170 2273 1330 2314 solatia
1348 2273 1489 2315 luctus
1509 2273 1667 2327 exigua
1683 2268 1894 2326 ingentis!
