2268 3776
695 319 1291 378 MEDICAMINA
1343 320 1665 379 FACIEI.

1958 323 2067 394 445
2094 380 2105 394 ,

275 437 516 502 Induitis
546 436 691 500 collo
718 438 930 522 lapides
961 439 1194 501 Oriente
1221 454 1477 523 paratOS‚

356 539 432 599 Et
462 551 699 620 quantos
731 537 886 598 oneri
918 551 1000 598 est
1028 559 1156 598 aure
1186 535 1378 598 tulisse
1410 537 1569 598 duos

271 634 385 695 Nec
418 649 598 695 tamen
627 633 951 714 indignum,
986 634 1034 696 si
1063 634 1225 696 vobis
1256 658 1386 695 cura
1411 634 1706 718 placendi,

354 731 547 811 Quum
576 746 790 794 comtos
819 733 1062 794 habeant
1091 730 1276 795 secula
1303 747 1497 793 nostra
1526 733 1692 792 viros,

270 817 529 891 Feminea
557 831 726 892 vestri
757 828 1051 915 poliuntur
1077 829 1196 909 lege
1224 829 1409 891 mariti
1436 854 1449 891 :
2014 849 2069 890 27,

349 928 426 987 Et
453 927 543 988 vix
574 927 643 989 ad
671 927 854 990 cultus
884 942 1088 1011 nupta,
1117 926 1272 1011 quod
1293 926 1489 999 addat,
1513 926 1700 988 habet.

268 1023 441 1084 Proin
466 1048 524 1086 se
555 1049 786 1110 quaeque
813 1041 1039 1110 parent;
1068 1049 1170 1087 nec
1202 1050 1316 1109 quo
1343 1040 1616 1086 venentur
1644 1047 1889 1097 amora,

349 1120 544 1183 Refert
567 1148 578 1182 z
605 1122 893 1183 munditiae
921 1121 1151 1184 crimina
1177 1121 1333 1184 nulla
1360 1138 1591 1184 merent.

266 1218 420 1279 Rure
450 1216 651 1294 latent,
675 1218 1006 1303 finguntque
1038 1244 1259 1294 comas;
1287 1219 1419 1282 licet
1449 1219 1656 1281 arduus
1683 1218 1804 1280 illas

263 1367 401 1414 MSS.
423 1367 588 1415 hahent
603 1404 615 1426 ‚
654 1372 931 1428 Conspicuam
948 1376 1123 1430 gemme&

261 1437 394 1478 vullis
423 1437 575 1479 habere
610 1453 779 1482 manum
812 1451 825 1478 .·
867 1454 964 1496 quae
991 1439 1122 1484 lectio

262 1500 400 1558 magis
411 1500 521 1545 mihi
535 1500 699 1559 placet,
721 1511 820 1547 turn
834 1504 937 1562 quia
957 1504 1122 1549 vitatur

216 1564 218 1569 ’
260 1565 408 1612 sibilus
422 1599 434 1622 ,
454 1566 527 1625 qui
542 1568 737 1627 gignitur
750 1586 774 1613 a
786 1569 909 1615 litera
924 1587 948 1614 s
965 1571 1121 1629 saepius

258 1629 518 1689 interposita
541 1644 552 1672 2
574 1641 670 1678 tum
693 1635 794 1693 quia
823 1635 870 1681 in
892 1652 981 1680 una
1008 1645 1120 1681 tan-

259 1703 358 1740 tum
378 1696 518 1742 manu
533 1731 545 1754 ,
576 1698 621 1742 id
642 1708 707 1744 est
726 1700 900 1745 sinistra
915 1734 928 1758 ,
964 1701 1117 1747 annuli

260 1763 419 1820 gestari
437 1775 770 1810 consueverant.
791 1766 923 1810 ΜΔΕ.

314 1845 382 1872 21.
409 1830 580 1874 Oriente
590 1835 760 1887 pelilos.
787 1834 970 1876 paratos
987 1831 1116 1878 Nea·—

257 1893 477 1951 politanus
498 1904 543 1940 et
563 1896 865 1941 Mentelianus
885 1910 895 1938 ε
917 1896 1001 1942 hoc
1019 1906 1112 1952 est,

256 1968 399 2004 emtos
417 1978 427 2013 ;
450 1959 562 2004 libro
578 1969 727 2006 tamen
745 1962 857 2006 Met.
873 1961 988 2018 Vll,
1011 1962 1114 2007 266:

255 2028 387 2071 Adjicit
399 2037 545 2063 extremo
559 2031 683 2074 lapides
697 2032 833 2064 Oriente
841 2034 977 2077 petitos.
1009 2036 1054 2067 11.

194 2145 199 2154 .
309 2108 377 2136 υ.
397 2093 461 2136 ΕΙ
475 2098 655 2149 quantos
673 2109 780 2137 onus
801 2100 878 2137 est.
899 2094 1001 2138 Hoc
1018 2102 1109 2150 est,

255 2154 367 2202 duos
396 2157 563 2215 lapillos
599 2167 746 2203 tantos
767 2191 780 2215 ,
822 2168 1010 2216 quantos
1045 2168 1111 2204 est

253 2236 367 2266 onus
387 2222 533 2268 tulisse
556 2223 733 2267 auribus
751 2235 762 2263 ε
783 2222 829 2267 id
851 2233 917 2268 est
931 2257 943 2279 ,
966 2240 1112 2281 quan-

252 2295 320 2332 tos
348 2287 450 2345 ipsae
470 2303 596 2332 aures
617 2289 686 2332 vix
705 2297 883 2347 possent
911 2298 1078 2347 gestare
1093 2323 1106 2346 ,

252 2361 435 2411 propter
454 2369 567 2397 onus
583 2362 628 2398 et
645 2354 917 2412 gravitatem.
933 2354 1109 2398 Mrcn.

257 2421 426 2474 Quanlo
449 2422 602 2473 bonus,
626 2419 717 2463 duo
737 2419 837 2463 libri
857 2436 867 2463 :
889 2420 1076 2464 totidem
1092 2454 1104 2476 ,

250 2492 296 2529 e!
306 2492 489 2543 quantus
502 2488 635 2530 honor
648 2491 725 2529 est.
741 2485 856 2543 Lege
873 2518 884 2540 ,
905 2487 968 2528 Et
979 2502 1109 2543 quan·

251 2557 319 2595 tos
337 2558 455 2596 oneri
462 2557 541 2594 cst.
555 2552 669 2596 Met.
683 2552 726 2596 X
740 2585 752 2608 ,
779 2555 856 2612 195
874 2568 884 2595 :
901 2552 1006 2606 Ipsa
1023 2555 1113 2595 sibi

249 2622 318 2658 est
332 2621 614 2660 onericem'x.
634 2618 803 2661 Hmus.
831 2614 987 2661 Claud.
1008 2615 1075 2658 VI
1090 2650 1103 2673 ,

253 2679 389 2737 Cous.
412 2683 590 2726 Honon
622 2684 703 2726 528
725 2699 735 2726 :
756 2683 918 2726 Buccis
948 2691 1105 2726 onerat

247 2750 524 2793 candentibus
538 2765 674 2792 aures.
697 2747 852 2792 Senec.
874 2748 928 2791 de
949 2747 1104 2792 Const.

247 2830 335 2871 sap.
357 2827 438 2859 nv
452 2847 465 2869 ‚
484 2823 687 2859 oneratas
705 2830 829 2858 aures
847 2817 970 2858 dixit.
988 2813 1106 2858 Ter-

248 2881 342 2926 tull.
375 2881 605 2940 Apologet.
633 2898 669 2926 c.
691 2882 718 2925 6
742 2899 753 2926 z
790 2883 925 2936 Quum
956 2898 1103 2925 aurum

247 2951 368 2991 nulla
385 2951 568 2991 membra
588 2956 795 2992 oneraret
808 2981 820 3003 ,
833 2953 990 3003 praelcr
1005 2944 1104 2990 uni-

246 3029 340 3057 curn
369 3016 544 3069 digilum
563 3047 574 3065 ,
603 3030 715 3056 nunc
742 3019 789 3057 fn
809 3014 989 3070 fimt’m‘s
1012 3030 1102 3068 proe

246 3096 350 3124 auro
369 3082 531 3123 nullum
549 3085 616 3122 est
628 3083 716 3122 leve
733 3082 967 3122 membrum.
984 3078 1101 3122 Vide

247 3145 303 3189 ad
324 3146 507 3189 Petron.
530 3144 585 3187 ΙΝ
606 3152 651 3187 et
672 3157 778 3186 wa
793 3177 804 3195 ,
829 3151 873 3186 et
893 3158 1024 3200 supra
1044 3142 1100 3186 ad

247 3210 345 3266 III,
371 3210 467 3254 Art.
491 3227 582 3268 129·
601 3209 766 3253 BURM.

300 3277 367 3320 23.
396 3278 634 3331 Indignum.
659 3273 927 3330 Conieeerat
942 3273 1099 3318 Hein-

244 3341 331 3386 sius
348 3374 360 3397 ‚
382 3359 465 3385 non
482 3347 620 3385 lamen
640 3343 845 3396 indignor.
862 3349 942 3384 :ut
962 3340 1100 3398 Epist.

167 3452 176 3455 ,
247 3421 327 3452 XVI
344 3441 356 3464 ‚
380 3408 456 3468 371
488 3426 498 3453 :
522 3410 612 3453 Nec
641 3414 781 3451 tamen
807 3409 1003 3463 indigner
1018 3425 1100 3463 pro

247 3480 370 3520 {anta
388 3490 548 3522 sumere
562 3473 725 3531 serrum
752 3474 951 3532 Conjuge.
965 3495 1020 3508 v-
1034 3474 1102 3519 Sit

1206 1375 1340 1416 vobis.
1371 1371 1438 1416 Ex
1466 1371 1646 1416 vetustis
1668 1370 1890 1415 codicibus
1906 1402 1920 1426 ‚
1943 1385 2067 1428 prae-

1205 1446 1415 1495 ter-quam
1437 1436 1557 1495 quod
1576 1437 1636 1481 sic
1657 1437 1790 1494 exigit
1808 1451 1960 1480 sensus
1974 1469 1986 1491 ,
2002 1436 2068 1480 le-

1205 1502 1404 1562 gendum
1421 1512 1509 1547 est:
1525 1504 1578 1546 Si
1590 1506 1711 1546 vobis
1730 1519 1832 1546 cura
1845 1505 2064 1557 placendi,

1203 1568 1389 1613 subaudi
1407 1602 1419 1623 ,
1440 1574 1517 1611 cst.
1537 1568 1669 1611 ΜΑιι.
1687 1568 1758 1611 Sil
1775 1570 1895 1611 vobis*
1913 1567 2063 1624 scripti

1207 1633 1406 1692 plerique
1423 1651 1434 1686 3
1450 1632 1526 1678 sed
1549 1633 1739 1677 alterum
1769 1649 1821 1676 ex
1851 1632 1940 1676 suis
1959 1632 2062 1675 Ma-

1202 1699 1293 1744 rius
1312 1699 1451 1757 Niger
1466 1707 1584 1743 recte
1597 1699 1788 1756 praesert.
1810 1699 1906 1742 Non
1921 1703 2062 1741 tamen

1197 1765 1334 1809 iidem
1354 1764 1509 1810 nostri.
1533 1765 1703 1808 Hunis.

1253 1832 1320 1873 25.
1349 1832 1550 1873 Feminea
1576 1831 1714 1872 vestri
1729 1831 1950 1885 poliuntur
1970 1831 2062 1883 Iege

1194 1899 1351 1939 mariti.
1367 1894 1441 1939 Sic
1455 1910 1590 1939 mores
1596 1895 1872 1952 frugalitatis
1885 1897 1974 1952 lege
1981 1912 2060 1950 po-

1194 1962 1276 2004 lire
1296 1959 1405 2004 dixit
1427 1960 1692 2015 Petronius,
1715 1976 1808 2018 cap.
1828 1974 1883 2004 v:

1235 2041 1330 2073 Artis
1343 2051 1463 2072 severa
1477 2042 1504 2073 ni
1520 2041 1597 2083 quin
1609 2046 1695 2071 mot
1709 2039 1845 2071 effeetus
1857 2062 1869 2078 ‚

1235 2102 1450 2144 Mentemque
1466 2101 1592 2143 mugnis
1605 2101 1749 2143 adplicat
1759 2124 1768 2139 ,
1784 2100 1877 2142 prius
1891 2111 1996 2132 mot-es

1233 2162 1444 2204 Frugalitntis
1457 2162 1529 2205 lege
1537 2162 1650 2206 poliat
1660 2170 1785 2193 exucta.

1194 2221 1440 2279 Quomodo
1456 2221 1815 2266 mendosissimos
1828 2238 1978 2267 versus
1991 2239 2053 2266 es-

1190 2305 1234 2332 se
1267 2289 1565 2333 restituendos
1598 2305 1758 2333 censeo
1777 2308 1787 2342 ;
1812 2290 1896 2333 nisi
1929 2290 2051 2347 quod

1189 2355 1336 2412 primo
1366 2371 1498 2399 versu
1532 2355 1686 2398 malim
1702 2388 1715 2411 ,
1741 2350 1879 2398 ambit
1893 2389 1907 2408 ,
1942 2355 2011 2399 vel
2036 2389 2048 2410 ,

1186 2424 1375 2466 adamat.
1397 2422 1566 2466 Hnms.

1243 2504 1268 2530 ιι
1276 2505 1312 2546 7.
1327 2490 1457 2531 Proin
1470 2503 1518 2531 se
1529 2492 1836 2545 quequeparat
1845 2495 1927 2530 etc.
1940 2487 2050 2531 Tex-

1189 2561 1259 2596 tus
1287 2551 1359 2597 hic
1388 2552 1625 2597 soedissime
1660 2552 1931 2609 inquinatus.
1965 2554 2051 2595 Pro

1187 2632 1236 2661 se
1261 2632 1430 2674 queque
1452 2622 1608 2673 paral,
1635 2633 1708 2660 sex
1736 2616 1835 2659 libri
1854 2633 1864 2659 ε
1885 2631 1988 2672 quos
2009 2623 2054 2658 et

1182 2688 1414 2734 veneretur,
1438 2681 1643 2725 nonnulli
1662 2681 1731 2725 alii
1745 2715 1758 2737 ,
1780 2697 1884 2725 cum
1905 2682 2048 2738 prima

1186 2747 1395 2792 editione.
1430 2751 1687 2792 Veneremur
1710 2747 1801 2790 duo
1833 2764 1844 2791 :
1877 2763 1959 2804 pro
1979 2765 2047 2790 rr-

1171 2815 1288 2871 sert,
1318 2830 1433 2857 unus
1444 2847 1455 2868 ,
1474 2812 1652 2869 proeftrt
1667 2829 1680 2855 :
1702 2812 1814 2867 refrt
1830 2821 1875 2855 et
1891 2819 2050 2868 parent

1187 2878 1605 2923 Helmaestadiensis.
1644 2878 1748 2921 Non
1778 2877 1907 2921 video
1937 2878 2045 2934 quid

1184 2943 1462 2989 commodius
1494 2943 1692 2987 extricari
1724 2943 1857 3000 possit
1873 2976 1885 2997 ,
1908 2959 2044 3000 quam

1183 3011 1218 3054 si
1239 3011 1380 3068 legas:

1183 3085 1282 3117 Proin
1295 3095 1329 3115 se
1338 3096 1475 3127 queque
1490 3091 1594 3126 pai-eu
1605 3096 1663 3115 nec
1680 3095 1746 3126 quo
1759 3092 1897 3115 venetur
1916 3094 2042 3115 amores

1223 3147 1338 3178 Refert
1351 3157 1360 3178 ε
1380 3146 1541 3177 munditie
1553 3146 1692 3177 crimina
1703 3145 1795 3176 nullu
1813 3151 1948 3176 merent.

1182 3207 1268 3251 Vel
1282 3241 1294 3261 ,
1309 3211 1542 3252 mundicies
1554 3213 1683 3250 merel
1691 3223 1703 3250 :
1714 3214 1763 3249 ut
1778 3207 1823 3250 in
1838 3207 2041 3250 Amorib.

1183 3274 1272 3329 III,
1295 3274 1363 3317 El.
1383 3288 1448 3329 xl,
1472 3274 1524 3329 43
1541 3290 1552 3316 :
1567 3277 1704 3317 Facta
1715 3279 1872 3315 merent
1886 3276 2043 3316 odium.

1181 3343 1313 3383 Proin
1336 3356 1425 3383 una
1452 3341 1639 3400 syllaba,
1665 3349 1715 3383 ut
1744 3339 1860 3397 apud
1885 3339 2041 3396 Virgil.

1182 3406 1287 3449 AEn.
1303 3406 1370 3450 XI
1386 3440 1397 3462 ,
1419 3407 1499 3450 383
1517 3423 1526 3450 :
1542 3409 1725 3450 Proinde
1744 3413 1845 3448 lona
1863 3410 2041 3461 eloquio.

1181 3471 1256 3518 Sic
1276 3481 1323 3520 et
1339 3474 1456 3520 Dein
1483 3472 1849 3531 monosyllabum.
1882 3473 2041 3517 Parare
