2268 3776
659 260 920 358 ARTl's
970 299 1453 354 AMATomAE
1486 301 1648 355 LIB.
1703 301 1827 356 111.
1984 301 2083 374 391

397 422 526 503 Ipsa
554 441 679 480 suas
706 415 861 482 nolet
886 414 1112 499 pondus
1141 413 1347 475 habere
1378 438 1583 498 preces,

325 518 439 579 Nec
468 517 643 579 lucem
668 515 727 575 in
755 512 1027 575 thalamos
1054 511 1186 573 totis
1216 511 1443 573 admitte
1472 512 1764 574 fenestris:

396 614 600 698 Aptius
627 612 686 672 in
714 625 899 673 vestro
931 634 1163 694 corpore
1193 607 1368 670 multa
1390 608 1580 670 latent.

318 752 514 811 LUSUS
541 749 711 810 habet
737 747 904 809 finem
927 773 940 808 :
971 747 1156 831 cycnis
1181 744 1508 808 descendere
1540 760 1785 829 tempuS‚

397 846 692 909 Duxerunt
720 845 865 906 collo
897 845 994 929 qui
1016 845 1149 927 juga
1175 858 1367 905 nostra
1390 867 1511 903 suo.
2011 860 2094 902 διο

317 944 397 1003 Ut
427 943 707 1026 quondam
730 943 955 1026 juvenes
973 989 988 1016 ‚
1020 943 1099 1004 ita
1126 965 1304 1015 nunc,
1329 964 1450 1002 mea
1481 940 1671 1014 turba,
1702 936 1901 1023 puellae
1985 976 1988 978 v

396 1039 710 1101 Inscribant
739 1039 969 1124 spoliis:
993 1041 1144 1102 Naso
1174 1037 1437 1119 magister
1467 1052 1599 1100 erat.

315 1222 360 1258 et
380 1213 434 1258 de
455 1214 597 1272 pretio
615 1247 627 1270 ,
657 1215 745 1259 sive
766 1213 821 1259 de
845 1213 965 1259 dono
992 1214 1163 1272 exponi.
1243 1237 1299 1248 —
1318 1213 1459 1258 Multa
1477 1215 1623 1257 latent.
1636 1212 1803 1258 Munda
1820 1213 1955 1255 lateat
1968 1243 1980 1266 ,
2001 1209 2095 1255 Flo·

369 1279 464 1324 806.
476 1282 560 1324 Illa
573 1296 676 1323 suas
686 1282 803 1324 nolit.
817 1282 962 1325 Nolle!
976 1280 1138 1339 Regius
1149 1313 1161 1335 ‚
1245 1287 1358 1323 rent.
1379 1287 1423 1323 et
1439 1278 1623 1323 Palatia.

314 1351 359 1387 et
379 1345 506 1390 multi
527 1345 596 1389 alii
621 1357 632 1385 ε
660 1345 831 1403 plures,
864 1348 980 1390 nolet
1000 1359 1013 1386 .·
1044 1345 1165 1403 quod
1298 1346 1394 1405 809.
1411 1346 1568 1404 Cycnis
1581 1345 1792 1387 discedere
1806 1348 1977 1398 tempus.
1994 1343 2099 1384 Dis-

312 1425 484 1467 sequor.
515 1411 689 1455 an.
715 1413 817 1468 Ipsa
838 1411 1164 1470 quinquelibri:
1241 1412 1414 1455 cendere
1434 1410 1624 1469 Regius;
1648 1410 1718 1454 alii
1739 1409 1889 1464 multi,
1912 1410 2094 1452 descen-

312 1479 400 1519 atria
416 1475 740 1533 Neapolitanus.
1244 1478 1338 1521 dere
1351 1510 1363 1529 ‚
1385 1492 1466 1534 pro
1484 1474 1748 1520 descendere
1772 1489 1905 1519 curru
1920 1506 1933 1528 ‚
1963 1489 2097 1530 quem

366 1540 513 1598 807-8.
534 1543 624 1586 Nec
636 1543 769 1586 lucem
787 1544 834 1585 in
853 1544 1064 1586 thalamos
1081 1549 1162 1586 etc.
1244 1540 1386 1586 olores
1406 1549 1635 1586 traxerunt
1654 1556 1665 1586 τ
1685 1540 1812 1584 bene.

313 1602 556 1650 Monuerat
583 1607 676 1664 jam
696 1640 708 1664 ,
749 1616 794 1651 et
812 1607 1055 1666 prudenter
1074 1607 1162 1651 ad—
1295 1609 1345 1653 81
1359 1625 1392 1652 1.
1412 1610 1515 1652 Mea
1534 1610 1669 1652 turba.
1691 1605 1886 1651 Broukh.
1910 1602 1964 1649 ad
1981 1604 2096 1648 Pro-

314 1669 499 1715 modum
514 1703 526 1727 ,
549 1670 704 1716 Amor.
726 1673 764 1729 Ι,
782 1673 904 1732 Eleg.
923 1687 970 1729 v,
993 1690 1033 1732 7,
1048 1673 1163 1717 hanc
1241 1672 1370 1732 pertii
1389 1673 1462 1718 lib.
1480 1674 1576 1729 111,
1598 1673 1721 1731 Eleg.
1741 1685 1809 1716 xn
1823 1705 1835 1727 ‚
1862 1670 1936 1726 ιθ,
1954 1670 2094 1714 male-

313 1734 458 1782 lucem
481 1753 571 1783 esse
589 1737 871 1797 praebendarn
893 1738 1045 1797 puellis
1062 1771 1076 1794 ,
1239 1739 1315 1784 bat
1329 1772 1343 1796 ‚
1365 1745 1533 1792 turmm·
1560 1739 1670 1784 utin
1689 1737 1816 1783 initio
1835 1736 1951 1791 libri,
1963 1753 2024 1781 vs.
2044 1749 2092 1779 2:

352 1806 427 1847 Qu·
443 1805 579 1838 timidus
594 1807 730 1839 lambras
742 1808 844 1849 posuit
853 1806 971 1839 habere
987 1807 1103 1849 pudor.
1239 1822 1322 1865 ego
1339 1810 1462 1850 {urba
1478 1806 1665 1850 retineo,
1683 1804 1785 1849 Vid,
1805 1804 1826 1848 1
1838 1837 1851 1859 9
1873 1804 2027 1848 Amor,
2048 1818 2064 1847 1
2081 1836 2092 1857 ,

312 1865 441 1911 Idem
460 1884 581 1913 nunc
594 1901 606 1924 ,
637 1868 714 1913 sed
733 1867 861 1913 aliam
879 1869 935 1912 ob
955 1884 1127 1913 causam
1143 1902 1155 1919 ,
1237 1870 1266 1914 6
1280 1904 1293 1926 ,
1314 1880 1360 1915 et
1380 1871 1451 1926 11,
1483 1870 1605 1930 Eleg.
1642 1884 1690 1915 lx
1706 1904 1718 1926 ,
1741 1872 1795 1927 54
1822 1882 1835 1911 t
1868 1886 1963 1914 mea
1993 1886 2095 1913 cura

308 1931 488 1987 suadem
510 1949 672 1991 nempe
688 1966 701 1990 ‚
734 1942 786 1978 ut
805 1935 864 1978 ait
888 1934 1009 1979 Artis
1041 1933 1157 1992 apud
1238 1935 1434 1994 quinque
1453 1936 1612 1995 scripti.
1641 1938 1858 1981 Inscribat
1868 1935 1999 1993 soliis
2023 1934 2094 1979 hic

307 2012 389 2042 nos
410 1997 650 2045 Amatoria
671 2008 938 2059 praeceptor:
1238 2016 1414 2060 quoque
1453 2002 1690 2048 Bet-nensis
1703 2034 1718 2058 ,
1756 2011 1803 2048 et
1847 2000 2091 2048 octodecim

349 2066 401 2098 La
415 2067 544 2100 Reum
558 2067 665 2101 mdmae
679 2080 703 2101 a
718 2072 861 2112 toul'outs
879 2080 925 2102 ωε
939 2076 1067 2102 secr-ets.
1237 2064 1322 2110 alii
1352 2060 1517 2113 Bugffl‚
