2268 3776
645 306 1042 362 AMORUM
1087 307 1176 362 11.
1221 307 1468 365 ELEG.
1517 308 1592 364 V.
1940 329 2010 386 9¹

309 423 546 485 Sobrius
576 423 834 506 adposito
867 424 1097 486 crimina
1124 439 1302 486 vestra
1332 450 1503 487 mero.

229 521 410 583 Multa
437 520 729 605 supercilio
762 521 873 582 vidi
903 522 1155 584 vibrante
1184 522 1510 606 loquentes:
1965 544 2012 586 15

307 618 553 679 Nutibus
577 618 637 679 in
662 620 858 681 vestris
884 644 1014 704 pars
1041 621 1194 682 bona
1221 621 1371 682 vocis
1400 635 1533 682 erat.

227 714 357 775 Non
386 714 532 776 oculi
562 731 776 778 tacuere
806 717 913 789 tui,
947 719 1368 803 conscriptaque
1397 718 1528 779 vino

307 810 535 884 Mensa;
566 836 665 874 nec
695 814 755 874 in
783 813 976 894 digitis
1007 815 1167 878 litera
1189 814 1344 877 nulla
1370 814 1493 876 suit.

225 904 543 969 Sermonem
568 911 795 989 agnovi,
832 912 989 996 quod
1018 936 1136 973 non
1162 910 1435 983 videatur,
1468 924 1746 989 agentem3

301 1003 594 1089 Verbaque
624 1029 728 1090 pro
755 1008 919 1069 certis
944 1009 1097 1090 jussa
1125 1007 1303 1070 valere
1330 1008 1500 1068 notis,
1691 1079 1696 1083 μ
1959 1038 2012 1065 20

215 1101 448 1186 Jamque
474 1102 733 1189 frequens
757 1106 895 1168 ierat
920 1130 1110 1168 mensa
1135 1105 1367 1167 conviva
1393 1119 1606 1167 remota
1629 1129 1642 1165 ε

297 1198 611 1283 Compositi
633 1202 861 1284 juvenes
895 1227 1042 1265 unus
1072 1218 1128 1266 et
1155 1203 1295 1265 alter
1324 1218 1496 1266 erant.

216 1293 476 1377 Improba
507 1311 623 1358 tum
651 1322 782 1359 vero
809 1297 1108 1381 jungentes
1138 1294 1326 1363 oscula
1356 1301 1505 1375 vidi3

298 1391 400 1455 Illa
429 1394 567 1455 mihi
597 1394 788 1475 lingua
816 1421 958 1459 nexa
985 1397 1157 1461 fuisse
1187 1398 1363 1483 liquet
1388 1424 1402 1473 3

272 1555 334 1610 ¹4·
362 1556 532 1599 Sobrius
549 1559 747 1613 adposito
774 1568 854 1604 etc.
888 1561 1068 1606 Parcius

211 1617 371 1662 scilicet
390 1620 493 1663 vino
507 1621 649 1665 suerat
663 1638 786 1678 usus,
805 1633 853 1667 ut
865 1626 930 1669 sui
949 1642 1067 1670 com-

212 1695 363 1742 potem
391 1687 500 1731 nihil
530 1689 696 1734 salleret
725 1708 747 1734 e
768 1695 1067 1750 sequentibus.

211 1775 267 1785 —-
285 1754 498 1809 Adposilo
519 1772 642 1800 mero.
677 1757 730 1802 In
750 1761 959 1817 excerptis
980 1762 1065 1806 Pu-

206 1814 328 1864 -teani
340 1831 433 1865 erat
447 1854 458 1876 ,
478 1828 675 1878 apposita
688 1841 814 1869 manu
831 1827 968 1872 :sorte
984 1844 1064 1886 pro

207 1893 402 1943 opposita
430 1906 443 1933 .·
483 1899 532 1934 ut
560 1898 696 1936 status
725 1892 987 1939 dormientis
1016 1895 1061 1939 in

206 1955 393 2000 triclinio
407 1989 418 2011 ,
442 1973 578 2002 manu
603 1959 655 2003 ad
678 1976 726 2004 os
747 1971 793 2006 et
814 1962 962 2008 oculos
981 1980 1063 2022 op-

205 2021 364 2077 posita.
383 2022 615 2070 indicetur.
634 2026 800 2072 BURM.

263 2085 325 2128 16.
353 2089 463 2131 Pars
485 2091 606 2133 bona.
628 2092 737 2134 Pars
753 2098 882 2148 quola
896 2094 1060 2151 conje-

201 2161 319 2196 cerat
330 2161 376 2197 et
388 2152 458 2198 hic
472 2154 627 2200 Heius.
641 2189 653 2212 ,
670 2165 720 2201 ut
734 2157 833 2203 alibi
846 2176 856 2212 ;
872 2158 948 2203 sed
955 2177 1060 2216 pars

201 2220 312 2261 bona
325 2219 651 2267 usitatissimum
665 2233 728 2268 est
743 2241 824 2282 pro
844 2242 1012 2282 magna.

259 2299 276 2324 1
286 2299 321 2340 7.
337 2285 666 2344 Conscript'aque
676 2292 774 2332 vino
784 2306 943 2334 mensa.
952 2291 1057 2335 Non

203 2353 296 2399 erat
327 2345 446 2390 unde
468 2347 600 2406 ‘poeta
629 2350 918 2396 vehementer
946 2355 1057 2399 adeo

203 2424 561 2469 conquereretur.
594 2417 667 2461 An
695 2435 788 2462 non
820 2422 910 2478 ipse
948 2423 1056 2466 dolis

202 2477 392 2534 puellam
401 2480 664 2527 instruxerat
675 2485 764 2540 (lib.
780 2487 817 2542 1,
834 2488 956 2546 Eleg.
966 2491 1053 2547 ιν),

203 2544 357 2600 quibus
363 2563 484 2592 nunc
493 2551 686 2608 capitur?
697 2552 863 2598 dixerat
873 2556 1051 2616 quippe,

239 2614 347 2646 Verba
361 2617 444 2657 leges
457 2618 586 2660 digitis,
601 2621 699 2652 verba
713 2630 823 2655 notata
835 2636 935 2657 mero.

197 2672 332 2719 Dolet
357 2692 478 2722 nunc
504 2685 786 2737 conscriptam
811 2690 910 2729 vino
937 2703 1049 2731 meu-

194 2757 298 2786 sam.
324 2743 565 2791 Monuerat
583 2756 633 2792 ut
652 2748 795 2807 ipsum
809 2762 1047 2812 spectaret,

235 2833 274 2843 ...
291 2812 469 2856 Numaque
484 2826 554 2847 suos
566 2841 578 2857 ,
593 2818 791 2862 vultumque
811 2822 978 2864 loquacem
995 2837 1005 2865 3

192 2871 267 2917 Nil
279 2873 443 2919 mirum
455 2875 601 2934 igitur,
619 2880 736 2936 quod
749 2888 868 2926 vocis
877 2891 1046 2941 partem

190 2940 341 2981 bonam
359 2938 407 2984 in
426 2941 580 2998 puella>
599 2948 771 2989 nutibus
793 2947 1058 3006 deprehenss

189 2999 279 3056 dat,
292 3002 436 3060 sicque
449 3007 623 3064 propria
636 3019 728 3054 arte
745 3011 961 3068 plectatur
974 3034 983 3068 ;
999 3025 1045 3060 et

187 3067 348 3111 merito
360 3086 463 3115 cum
477 3070 653 3119 Tibullo
671 3078 881 3125 exclamet
896 3085 1044 3126 :Nunc

177 3148 345 3189 premor
359 3143 450 3180 arte
468 3140 583 3184 mea!
608 3141 655 3197 I,
679 3142 802 3203 Eleg.
823 3160 913 3200 vn,
942 3165 1005 3191 10.

243 3215 306 3257 19.
328 3201 455 3256 Quod
461 3219 545 3247 non
558 3209 756 3252 videatur
761 3217 969 3266 agentem.
985 3215 1040 3259 In

184 3262 442 3319 quibusdam
470 3271 783 3328 exemplaribus
802 3277 861 3319 ita
881 3277 1041 3336 legitur

182 3345 263 3386 per
275 3334 556 3388 parenthesin
567 3348 610 3382 et
622 3339 1013 3401 interrogationem
1028 3365 1038 3392 ε

188 3395 308 3448 Quid
321 3414 405 3440 non
422 3402 622 3446 videatur
638 3412 840 3453 amanti?
869 3409 919 3452 Id
940 3421 1004 3456 est
1022 3445 1036 3466 ,

182 3458 290 3515 quid
318 3478 407 3507 esse
430 3474 597 3525 potest,
619 3471 747 3543 *quod
773 3489 923 3519 amans
942 3491 1034 3519 non

1150 1562 1330 1607 videat?
1354 1563 1414 1607 Et
1433 1571 1497 1607 est
1517 1562 1667 1607 similis
1687 1579 1839 1608 sensus
1861 1563 1904 1607 in
1925 1564 2006 1610 illis·

1150 1627 1265 1686 apud
1275 1629 1499 1682 eumdem,
1521 1630 1706 1673 Metam.
1724 1643 1788 1683 w,
1803 1629 2015 1684 68:011121

1148 1710 1235 1738 non
1269 1699 1400 1738 sente?
1423 1698 1614 1741 amans?
1642 1694 1710 1738 Ita
1743 1693 1923 1752 quidem
1959 1695 2003 1737 in

1151 1759 1369 1817 plerisque
1391 1760 1573 1818 legitur3
1595 1769 1639 1804 et
1661 1760 1788 1818 plana
1812 1769 1877 1803 est
1893 1775 2005 1804 sen-

1146 1823 1283 1866 tentia
1301 1857 1313 1879 ,
1338 1833 1535 1869 amantes
1559 1826 1709 1869 omnia
1730 1824 1935 1883 suspicari
1961 1831 2006 1868 et

1147 1888 1512 1935 animadvertere.
1542 1891 1596 1935 ln
1621 1890 1882 1949 quibusdam
1916 1905 2005 1933 au-

1144 1962 1237 1997 tem
1267 1953 1386 1999 idem
1420 1972 1569 2000 versus
1597 1956 1731 2000 etiam
1758 1954 1844 2000 hoc
1871 1955 2007 1999 modo

1143 2018 1329 2076 legitur:

1143 2093 1330 2122 sermonem
1342 2091 1475 2132 agnovi,
1484 2090 1573 2134 quod
1585 2102 1648 2122 non
1662 2090 1827 2129 videntur,
1842 2098 2000 2131 ugentem,

1143 2152 1303 2209 absque
1324 2152 1600 2209 parenthesi;
1622 2153 1749 2209 cujus
1769 2169 1921 2197 sensus
1938 2161 2003 2196 est

1142 2215 1238 2260 talis
1262 2232 1272 2260 ε
1293 2217 1450 2274 agnovi
1477 2232 1553 2260 vos
1580 2216 1812 2273 loquentes
1829 2249 1841 2270 ,
1882 2215 2000 2273 quod

1141 2298 1233 2326 non
1255 2283 1457 2326 videatur
1475 2315 1488 2337 ,
1527 2283 1569 2327 i'd
1599 2293 1664 2327 est
1682 2317 1694 2339 ,
1725 2283 1844 2340 quod
1875 2283 2008 2327 nole—

1139 2347 1250 2392 batis
1282 2347 1326 2391 id
1355 2348 1520 2404 videri,
1554 2349 1672 2406 quod
1703 2350 1846 2407 reipsa
1871 2358 1965 2393 erat
1988 2386 1997 2401 ‚

1138 2412 1227 2455 sive
1249 2411 1475 2456 dicebatur
1490 2445 1503 2468 ‚
1528 2413 1731 2457 videlicet
1748 2413 1829 2457 sub
1849 2414 1999 2458 alienis

1139 2488 1184 2523 et
1209 2482 1400 2525 externis
1425 2479 1632 2538 exemplis
1660 2496 1732 2525 res
1763 2491 2000 2539 presentes

1138 2547 1429 2607 designantes.
1452 2550 1628 2593 Mlcn..
1657 2550 1755 2609 Ego
1774 2552 1996 2610 vulgatam

1135 2631 1229 2659 non
1250 2616 1532 2674 repudiarem
1550 2650 1563 2673 ,
1598 2626 1664 2661 tot
1683 2618 1852 2676 scriptis
1872 2620 1998 2664 codi-

1134 2682 1254 2727 cibus
1273 2683 1497 2728 firmatam
1518 2701 1529 2728 :
1550 2686 1727 2741 Agnovi
1737 2702 1970 2732 sennonem
1982 2725 1994 2741 ,

1130 2753 1327 2803 agentem
1355 2749 1472 2792 aliud
1487 2783 1499 2805 ,
1523 2767 1648 2807 quam
1665 2754 1895 2795 videbatur
1907 2769 1998 2810 prae

1130 2827 1176 2855 se
1196 2812 1311 2856 serre
1340 2826 1351 2852 :
1372 2814 1506 2857 verba
1529 2815 1651 2857 enim
1670 2814 1803 2858 dubia
1824 2825 1868 2860 et
1886 2832 1993 2860 am-

1128 2877 1259 2936 bigua
1276 2896 1348 2923 me
1362 2897 1455 2923 non
1470 2881 1691 2925 fallebant.
1710 2883 1913 2928 Verbum
1930 2891 1991 2929 vi-

1128 2949 1224 2990 dere·
1235 2947 1290 2991 de
1309 2950 1515 2992 omnibus
1528 2950 1725 2994 sensibus
1741 2984 1753 3006 ‚
1787 2969 1867 3009 per
1882 2969 1991 3010 quos

1128 3012 1287 3070 aliquid
1312 3016 1576 3072 percipimus
1593 3050 1605 3072 ,
1632 3017 1715 3062 dici
1736 3019 1862 3064 docet
1885 3021 1989 3065 Do—

1126 3090 1215 3124 nat.
1231 3081 1284 3124 ad
1300 3083 1369 3125 illa
1386 3083 1489 3126 Ter.
1505 3084 1622 3127 Eun.
1645 3085 1742 3130 Act.
1766 3101 1839 3143 ΠΙ,
1853 3088 1923 3133 Sc.
1941 3107 1982 3145 2,

1124 3164 1164 3190 v.
1189 3166 1223 3191 ι.
1245 3150 1408 3192 Audire
1426 3155 1526 3194 visa
1545 3168 1704 3196 vocem.
1724 3154 1888 3198 Bmm.

1179 3233 1247 3259 20.
1286 3220 1499 3274 Verbaque
1511 3237 1592 3275 pro
1613 3225 1741 3264 cerlis
1767 3227 1866 3265 vtica
1893 3241 1982 3266 va-
2022 3275 2028 3278 ῃ

1122 3286 1207 3326 lere
1224 3289 1350 3326 nollit.
1380 3285 1453 3329 Sic
1470 3285 1601 3331 habet
1623 3289 1733 3333 alter
1754 3290 1980 3335 Mass'eian.

1123 3356 1186 3390 ast
1208 3347 1317 3391 alter
1332 3382 1344 3403 ‚
1369 3351 1603 3406 vtlrafueoe
1622 3359 1747 3397 nolis.
1775 3355 1978 3412 Uterque

1123 3416 1262 3458 Vatic.
1275 3418 1411 3460 Jussa
1425 3422 1568 3463 valere·
1581 3426 1695 3464 nolis
1716 3435 1729 3460 .·
1749 3421 1901 3479 placet.
1923 3423 1975 3466 C.

1175 3497 1239 3523 22.
1261 3482 1680 3539 Composilt'jm'enes
1688 3494 1769 3529 etc.
1784 3487 1904 3530 Vino
1915 3503 1979 3530 se-
