2268 3776
787 307 852 357 P.
909 305 1198 360 OVIDII
1257 303 1625 371 NASONIS

323 427 430 485 Fac
459 424 647 483 timeat
674 435 962 504 speretque
992 420 1182 492 simul;
1218 422 1542 504 quotiesque
1567 421 1811 482 remittes
1822 437 1842 494 ,’

325 311 430 385 370

401 528 646 608 Spesque
676 524 849 602 magis
880 523 1061 584 veniat
1082 538 1256 595 certa,
1280 524 1571 607 minorque
1601 539 1797 585 metus.

320 628 559 699 Munda,
589 627 684 687 sed
711 651 738 687 e
766 626 973 698 medi0‚
1005 640 1373 708 consuetaque
1403 628 1594 699 verba,
1623 625 1819 710 puellae
1838 672 1854 699 ‚

399 729 666 789 Scribite:
696 728 961 788 sermonis
988 726 1212 810 publica
1240 726 1417 786 forma
1448 727 1643 809 placet.

2003 743 2085 798 480

319 831 409 891 Ah
440 831 656 913 quoties
684 830 885 890 dubius
913 830 1130 912 scriptis
1159 829 1359 889 exarsit
1388 843 1600 888 amator
1617 875 1632 901 ‚

397 935 472 992 Et
496 933 686 993 nocuit
710 932 897 993 formae
925 931 1160 991 barbara
1185 929 1375 1008 lingua
1402 931 1600 990 bonae!

317 1057 437 1116 SED
468 1055 755 1138 quoniam,
782 1055 1026 1138 quamvis
1054 1054 1203 1114 vittae
1233 1053 1457 1114 careatis
1485 1052 1701 1113 honore
1718 1099 1733 1126 ‚

393 1161 497 1218 Est
526 1158 685 1218 vobis
714 1172 923 1218 vestros
954 1156 1138 1217 fallere
1171 1180 1302 1217 cura
1330 1156 1512 1216 viros:

315 1259 543 1320 Ancillae
571 1260 792 1343 puerive
822 1283 1017 1319 manus
1049 1259 1191 1318 ferat
1222 1273 1354 1340 apta
1380 1256 1643 1329 tabellas3
2009 1273 2091 1327 435

392 1363 637 1441 Pignora
664 1386 763 1421 nec
790 1361 979 1442 juveni
1009 1361 1210 1421 credite
1240 1375 1421 1421 vestra
1451 1384 1617 1419 nom.

315 1465 446 1524 Vidi
472 1488 604 1543 ego,
636 1463 903 1546 pallentes
933 1464 1042 1523 isto
1074 1478 1282 1524 terrore
1312 1460 1526 1546 puellas
1546 1509 1562 1534 ‚

397 1566 692 1627 Servitium
718 1566 943 1626 miseras
974 1580 1191 1648 tempus
1221 1565 1281 1624 in
1312 1588 1472 1624 omne
1502 1562 1634 1646 pati.

318 1737 403 1775 tolo
418 1765 427 1782 ‚
462 1730 530 1773 vel
549 1746 602 1772 ex
624 1735 708 1772 loto
725 1742 737 1769 .·
757 1729 910 1772 tertius
935 1730 1098 1787 Regius
1119 1739 1163 1773 et

320 1813 433 1839 unus
451 1796 686 1839 Vaticanus
704 1828 715 1849 ,
739 1797 861 1837 eduro
873 1808 966 1838 cre:
988 1796 1162 1856 optime.

324 1861 396 1905 Sic
414 1894 426 1915 ‚
440 1863 645 1915 dun'puer
657 1864 741 1902 oris
754 1865 798 1901 et
807 1862 963 1902 audax.
978 1860 1161 1903 Metam.

321 1927 388 1980 V,
412 1927 507 1979 451.
986 1966 994 1972 ,

376 1990 468 2046 478.
488 1990 587 2044 Spes
607 1992 742 2043 magis
762 1989 861 2030 hinc
881 1996 961 2031 etc.
989 1987 1165 2041 Spesque

321 2057 455 2109 magis
474 2057 627 2103 veniat,
651 2053 791 2108 prima
809 2051 941 2094 editio
960 2061 1005 2094 et
1020 2050 1165 2107 scripti

320 2120 527 2177 plerique.
547 2120 662 2162 Puto
679 2151 690 2172 ‚
711 2133 807 2173 spes
824 2122 958 2173 magt&
977 2120 1074 2160 huic
1092 2134 1166 2159 ve-

322 2185 542 2230 nt‘al.Vide
558 2186 694 2229 Notas
707 2184 759 2227 ad
775 2184 909 2241 Epist.
922 2199 986 2239 Ν,
1005 2202 1021 2226 ι
1034 2184 1093 2226 13.
1104 2184 1165 2226 H.

375 2253 468 2309 479.
489 2252 673 2300 Munda,
694 2251 805 2291 sede
824 2252 970 2290 medio.
993 2250 1167 2289 Blanda

320 2332 434 2359 unus
468 2315 704 2358 Vaticanus
734 2330 745 2357 ε
779 2313 1001 2370 quomodo
1036 2329 1168 2370 supra

321 2381 392 2424 lib.
416 2394 433 2422 Ι
450 2413 461 2436 ,
488 2380 565 2436 467
585 2392 596 2420 :

320 2458 369 2488 Sit
383 2456 444 2486 tibi
458 2455 622 2486 credibilis
635 2465 738 2486 sermo
747 2478 758 2494 ‚
771 2461 987 2496 consuetaque
1004 2454 1103 2486 verba
1116 2478 1128 2494 ‚

362 2516 498 2547 Blanda
511 2523 619 2547 tamen
630 2540 640 2555 ‚
658 2526 798 2557 praesens
814 2522 849 2546 ut
862 2516 991 2546 videare
1003 2515 1104 2557 loqui.

325 2577 413 2620 Sed
428 2580 584 2619 blanda
603 2581 728 2619 verba
747 2576 887 2633 aptius
903 2575 1023 2620 dedit
1038 2577 1141 2620 viris
1155 2609 1168 2631 ‚

322 2641 397 2697 qui
413 2657 491 2697 per
514 2640 739 2684 blanditias
760 2641 925 2683 aditum
947 2641 996 2683 ad
1022 2643 1170 2683 Vene-

323 2723 420 2750 rem
443 2715 657 2763 quaerunt.
682 2706 842 2749 Puellis
861 2707 994 2763 magis
1014 2709 1170 2749 munda

325 2772 620 2814 conveniunt:
643 2773 798 2813 munda
815 2787 920 2813 vero
944 2787 1171 2827 opponun-

326 2846 399 2879 tur
399 2837 580 2892 fucatis,
596 2844 647 2878 ut
663 2833 805 2878 Cicer.
821 2834 946 2886 Orat.
956 2835 1030 2877 23:
1047 2853 1067 2872 «
1082 2835 1171 2877 Fu-

326 2902 410 2946 cati
438 2901 760 2945 medicamenta
789 2900 988 2944 candoris
1020 2909 1064 2942 et
1092 2917 1172 2942 ru-

326 2969 441 3012 boris
462 2968 611 3011 omnia
629 2967 896 3024 repellentur
912 2999 924 3021 ,
957 2966 1171 3023 elegantia

328 3034 460 3078 modo
482 3044 527 3078 et
546 3034 762 3081 munditia
778 3033 1070 3076 remanebit.»

383 3102 477 3156 480.
509 3103 823 3154 Formaplacel.
855 3102 990 3143 Verba
1001 3101 1177 3153 placent

328 3166 540 3210 editiones
572 3166 720 3223 priscae
740 3198 752 3219 ,
789 3174 834 3208 et
861 3163 1172 3221 septemdecim

326 3232 485 3288 scripti.
517 3231 812 3274 Nihilominus
842 3230 1010 3286 vulgata
1028 3228 1172 3270 verior

327 3309 373 3342 et
390 3299 598 3342 sincerior
618 3298 743 3342 lectio
761 3310 771 3337 ε
792 3297 990 3340 traducta
1012 3296 1171 3339 locutio

328 3373 392 3407 est
412 3381 434 3406 a
454 3372 631 3406 moneta
647 3396 658 3417 ‚
694 3372 744 3405 ut
773 3362 899 3405 docet
919 3395 929 3413 ‚
960 3369 1171 3420 monente

327 3428 416 3484 jam
437 3428 711 3471 Bersmanno
724 3459 736 3481 ‚
760 3426 1019 3482 Quintilian.
1035 3425 1106 3468 lib.
1126 3425 1170 3478 I,

1243 1745 1334 1786 cap.
1362 1729 1390 1771 ὃ
1412 1744 1422 1771 :
1445 1727 1705 1771 Consuetudo
1719 1759 1730 1775 ‚
1763 1728 1998 1768 certissima
2019 1728 2092 1767 lo-

1243 1798 1401 1853 quendi
1415 1799 1643 1851 maedam,-
1677 1795 1947 1849 ulendumque
1966 1795 2093 1848 plane

1242 1876 1441 1911 sermone,
1465 1866 1514 1902 ul
1528 1876 1706 1908 nummo,
1731 1862 1802 1901 cui
1812 1857 1979 1915 publica
1999 1857 2095 1899 sor-

1244 1941 1315 1967 ma
1343 1931 1418 1968 est.
1450 1925 1556 1981 Quo
1577 1933 1622 1968 et
1653 1924 1865 1967 Horatius
1897 1922 2091 1975 adludit,

1246 1991 1347 2035 Art.
1371 1992 1497 2035 Poet.
1521 1992 1573 2034 58
1595 2007 1606 2034 :

1569 2065 1679 2097 Licuit
1695 2076 1884 2107 semperque
1895 2065 2007 2095 licebit

1245 2129 1421 2170 Signatum
1431 2134 1594 2169 praesente
1608 2133 1687 2157 nota
1700 2127 1876 2167 producere
1888 2137 2016 2157 nomen.

1300 2189 1394 2243 485.
1416 2189 1599 2231 Ancilla·
1608 2191 1804 2243 puerique
1822 2203 1970 2229 manus
1976 2187 2099 2242 ferat

1245 2257 1335 2295 arte
1348 2254 1538 2294 tabellas.
1557 2253 1754 2294 Puerive:
1777 2250 1935 2293 deinde
1955 2251 2096 2308 prima

1246 2315 1381 2359 editio
1409 2324 1454 2358 et
1483 2324 1570 2358 tres
1599 2314 1772 2372 scripti,
1808 2320 1906 2356 ante
1927 2327 1940 2354 :
1975 2314 2062 2357 duo
2085 2348 2097 2368 ‚

1246 2385 1356 2435 apte.
1370 2379 1619 2423 Sarravian.
1635 2387 1679 2422 et
1694 2379 1798 2422 alius
1810 2412 1821 2433 ,
1835 2385 1948 2431 arla,·
1963 2394 2094 2431 unus,

1246 2461 1353 2488 arce.
1369 2445 1484 2502 Lege
1497 2450 1602 2500 apta
1613 2478 1623 2494 ‚
1638 2460 1740 2488 cum
1755 2443 2066 2500 Argentinensi
2081 2476 2093 2497 ‚

1248 2528 1342 2554 uno
1356 2512 1503 2556 Patav.
1519 2543 1532 2565 ‚
1549 2519 1594 2554 et
1609 2510 1819 2553 Vatican..
1838 2510 1980 2566 Supra
1992 2511 2095 2565 470:

1287 2580 1439 2621 Accipiat
1452 2581 1565 2610 missas
1581 2587 1663 2622 apta
1675 2579 1826 2609 ministra
1842 2586 1944 2610 notas.
1964 2582 2096 2610 limus,

1302 2641 1396 2696 486.
1436 2643 1620 2696 Pignora
1654 2636 1732 2683 nee
1757 2640 1918 2695 juveni.
1955 2638 2096 2694 Magis

1248 2706 1455 2750 convenit
1472 2738 1484 2760 ,
1515 2704 1632 2760 quod
1653 2721 1678 2747 e
1698 2704 1836 2747 veteri
1858 2703 2006 2747 codice
2027 2703 2094 2746 ci-

1250 2773 1372 2816 tabat
1393 2771 1585 2827 Scaliger
1603 2785 1614 2812 :

1247 2847 1387 2879 Annium
1402 2846 1560 2887 puerique
1573 2854 1687 2875 manus
1701 2850 1827 2885 premat
1837 2850 1905 2874 arte
1917 2843 2051 2875 tabellas
2067 2855 2074 2875 τ

1287 2907 1426 2947 Pignora
1439 2917 1498 2936 nec
1514 2916 1613 2946 puero
1628 2905 1749 2935 credite
1763 2911 1870 2936 vestra
1882 2916 1978 2936 novo.
1992 2907 2034 2936 D.
2046 2905 2095 2936 11.

1249 2967 1369 3011 Libri
1384 2975 1839 3020 omnesveteres,cum
1851 2965 1992 3022 prima
2008 2965 2098 3008 edi-

1249 3033 1368 3076 tione
1388 3064 1400 3086 ,
1423 3048 1551 3087 puero
1567 3065 1577 3082 ‚
1612 3030 1731 3087 quod
1758 3031 1848 3087 jam
1868 3031 2098 3087 praecessit.

1249 3099 1278 3141 J
1283 3098 1466 3141 unianus
1481 3130 1492 3151 ,
1512 3099 1621 3139 rudi.
1642 3096 1773 3138 Forte
1791 3129 1802 3146 ‚
1822 3112 1956 3138 verna:
1974 3098 2097 3138 rudi:

1248 3166 1308 3208 ita
1328 3180 1438 3223 saepe
1460 3179 1540 3220 pro
1561 3179 1687 3207 servo
1709 3171 1860 3220 poetae.
1902 3163 2064 3218 Regius
2079 3195 2091 3214 ,

1249 3233 1407 3273 credita
1426 3235 1581 3271 nostra.
1605 3229 1664 3271 H.
1686 3251 1741 3259 —
1758 3230 1915 3270 Jueem'
1928 3235 2097 3269 rectum

1250 3303 1314 3336 est
1331 3312 1341 3345 ;
1362 3309 1444 3336 nec
1467 3292 1519 3335 de
1539 3308 1680 3347 serve,
1699 3291 1775 3335 sed
1796 3300 1990 3335 amatore
2008 3290 2097 3331 de·-

1249 3358 1323 3402 bet
1337 3359 1516 3415 intelligi
1532 3392 1544 3413 ,
1564 3367 1614 3402 ut
1626 3358 1853 3414 sequentia
1866 3356 2095 3399 manifesto

1252 3424 1571 3467 demonstrant.
