<?xml version="1.0" encoding="UTF-8"?>
<!DOCTYPE html PUBLIC "-//W3C//DTD XHTML 1.0 Transitional//EN"
    "http://www.w3.org/TR/xhtml1/DTD/xhtml1-transitional.dtd">
<html xmlns="http://www.w3.org/1999/xhtml" xml:lang="en" lang="en">
 <head>
  <title>
</title>
<meta http-equiv="Content-Type" content="text/html;charset=utf-8" />
  <meta name='ocr-system' content='tesseract 3.04.00' />
  <meta name='ocr-capabilities' content='ocr_page ocr_carea ocr_par ocr_line ocrx_word'/>
</head>
<body>
  <div class='ocr_page' id='page_1' title='image "./quaeextantomniao02oviduoft_0403.png"; bbox 0 0 2268 3776; ppageno 0'>
   <div class='ocr_carea' id='block_1_1' title="bbox 1055 230 1063 264">
    <p class='ocr_par' dir='ltr' id='par_1_1' title="bbox 1055 230 1063 264">
     <span class='ocr_line' id='line_1_1' title="bbox 1055 230 1063 264; baseline 0 0"><span class='ocrx_word' id='word_1_1' title='bbox 1055 230 1063 264; x_wconf 70' lang='grc' dir='ltr'><em>Ι</em></span> 
     </span>
    </p>
   </div>
   <div class='ocr_carea' id='block_1_2' title="bbox 587 332 1772 425">
    <p class='ocr_par' dir='ltr' id='par_1_2' title="bbox 587 332 1772 425">
     <span class='ocr_line' id='line_1_2' title="bbox 587 332 1772 425; baseline -0.005 -32"><span class='ocrx_word' id='word_1_2' title='bbox 587 334 847 393; x_wconf 90' lang='lat' dir='ltr'><strong>ARTIS</strong></span> <span class='ocrx_word' id='word_1_3' title='bbox 898 332 1381 390; x_wconf 85' lang='lat' dir='ltr'>AMATORIAE</span> <span class='ocrx_word' id='word_1_4' title='bbox 1423 334 1587 425; x_wconf 71' lang='lat' dir='ltr'><strong>LIB.</strong></span> <span class='ocrx_word' id='word_1_5' title='bbox 1644 335 1772 389; x_wconf 91' lang='lat'><strong>111.</strong></span> 
     </span>
    </p>
   </div>
   <div class='ocr_carea' id='block_1_3' title="bbox 1951 333 2061 406">
    <p class='ocr_par' dir='ltr' id='par_1_3' title="bbox 1951 333 2061 406">
     <span class='ocr_line' id='line_1_3' title="bbox 1951 333 2061 406; baseline 0 -20"><span class='ocrx_word' id='word_1_6' title='bbox 1951 333 2061 406; x_wconf 79' lang='lat'><strong>389</strong></span> 
     </span>
    </p>
   </div>
   <div class='ocr_carea' id='block_1_4' title="bbox 292 450 1695 655">
    <p class='ocr_par' dir='ltr' id='par_1_4' title="bbox 292 450 1695 655">
     <span class='ocr_line' id='line_1_4' title="bbox 367 450 1589 536; baseline -0.005 -20"><span class='ocrx_word' id='word_1_7' title='bbox 367 457 474 517; x_wconf 88' lang='lat' dir='ltr'><strong>Per</strong></span> <span class='ocrx_word' id='word_1_8' title='bbox 499 477 725 515; x_wconf 88' lang='lat' dir='ltr'><strong>somnos</strong></span> <span class='ocrx_word' id='word_1_9' title='bbox 753 453 871 514; x_wconf 88' lang='lat' dir='ltr'><strong>fieri</strong></span> <span class='ocrx_word' id='word_1_10' title='bbox 899 451 1073 513; x_wconf 89' lang='lat' dir='ltr'><strong>multa</strong></span> <span class='ocrx_word' id='word_1_11' title='bbox 1102 450 1360 536; x_wconf 88' lang='lat' dir='ltr'><strong>pudenda</strong></span> <span class='ocrx_word' id='word_1_12' title='bbox 1392 450 1589 512; x_wconf 85' lang='lat' dir='ltr'><strong>solent.</strong></span> 
     </span>
     <span class='ocr_line' id='line_1_5' title="bbox 292 567 1695 655; baseline -0.004 -22"><span class='ocrx_word' id='word_1_13' title='bbox 292 574 634 634; x_wconf 82' lang='lat' dir='ltr'><strong>ULTERIORA</strong></span> <span class='ocrx_word' id='word_1_14' title='bbox 664 570 838 655; x_wconf 90' lang='lat' dir='ltr'><strong>pudet</strong></span> <span class='ocrx_word' id='word_1_15' title='bbox 867 570 1121 631; x_wconf 85' lang='lat' dir='ltr'><strong>docuisse</strong></span> <span class='ocrx_word' id='word_1_16' title='bbox 1146 594 1157 630; x_wconf 94' lang='lat'><strong>:</strong></span> <span class='ocrx_word' id='word_1_17' title='bbox 1185 568 1280 630; x_wconf 89' lang='lat' dir='ltr'><strong>sed</strong></span> <span class='ocrx_word' id='word_1_18' title='bbox 1308 567 1449 629; x_wconf 88' lang='lat' dir='ltr'><strong>alma</strong></span> <span class='ocrx_word' id='word_1_19' title='bbox 1478 568 1660 628; x_wconf 86' lang='lat' dir='ltr'><strong>Dione</strong></span> <span class='ocrx_word' id='word_1_20' title='bbox 1680 614 1695 639; x_wconf 90' lang='lat'>‚</span> 
     </span>
    </p>
   </div>
   <div class='ocr_carea' id='block_1_5' title="bbox 369 663 1898 752">
    <p class='ocr_par' dir='ltr' id='par_1_5' title="bbox 369 663 1898 752">
     <span class='ocr_line' id='line_1_6' title="bbox 369 663 1898 752; baseline -0.003 -24"><span class='ocrx_word' id='word_1_21' title='bbox 369 668 647 752; x_wconf 77' lang='lat' dir='ltr'>Praecipue</span> <span class='ocrx_word' id='word_1_22' title='bbox 674 683 928 730; x_wconf 86' lang='lat' dir='ltr'><strong>nostrum</strong></span> <span class='ocrx_word' id='word_1_23' title='bbox 953 682 1062 741; x_wconf 88' lang='lat' dir='ltr'><strong>est,</strong></span> <span class='ocrx_word' id='word_1_24' title='bbox 1090 666 1241 751; x_wconf 89' lang='lat' dir='ltr'><strong>quod</strong></span> <span class='ocrx_word' id='word_1_25' title='bbox 1271 666 1471 751; x_wconf 89' lang='lat' dir='ltr'><strong>pudet,</strong></span> <span class='ocrx_word' id='word_1_26' title='bbox 1499 663 1710 748; x_wconf 88' lang='lat' dir='ltr'><strong>inquit,</strong></span> <span class='ocrx_word' id='word_1_27' title='bbox 1737 687 1898 749; x_wconf 77' lang='lat' dir='ltr'><strong>ppuS.</strong></span> 
     </span>
    </p>
   </div>
   <div class='ocr_carea' id='block_1_6' title="bbox 1986 695 2067 738">
    <p class='ocr_par' dir='ltr' id='par_1_6' title="bbox 1986 695 2067 738">
     <span class='ocr_line' id='line_1_7' title="bbox 1986 695 2067 738; baseline 0 0"><span class='ocrx_word' id='word_1_28' title='bbox 1986 695 2067 738; x_wconf 81' lang='lat'><strong>77⁰</strong></span> 
     </span>
    </p>
   </div>
   <div class='ocr_carea' id='block_1_7' title="bbox 288 763 2072 1627">
    <p class='ocr_par' dir='ltr' id='par_1_7' title="bbox 288 763 1772 941">
     <span class='ocr_line' id='line_1_8' title="bbox 288 763 1772 850; baseline -0.002 -24"><span class='ocrx_word' id='word_1_29' title='bbox 288 766 435 826; x_wconf 87' lang='lat' dir='ltr'><strong>Nota</strong></span> <span class='ocrx_word' id='word_1_30' title='bbox 463 766 571 826; x_wconf 87' lang='lat' dir='ltr'><strong>sibi</strong></span> <span class='ocrx_word' id='word_1_31' title='bbox 600 765 712 827; x_wconf 90' lang='lat' dir='ltr'><strong>sint</strong></span> <span class='ocrx_word' id='word_1_32' title='bbox 744 789 1013 850; x_wconf 58' lang='lat' dir='ltr'><strong>quaequeae</strong></span> <span class='ocrx_word' id='word_1_33' title='bbox 1037 763 1237 826; x_wconf 88' lang='lat' dir='ltr'><strong>modos</strong></span> <span class='ocrx_word' id='word_1_34' title='bbox 1267 787 1298 824; x_wconf 89' lang='lat' dir='ltr'><strong>a</strong></span> <span class='ocrx_word' id='word_1_35' title='bbox 1322 786 1558 846; x_wconf 92' lang='lat' dir='ltr'><strong>corpore</strong></span> <span class='ocrx_word' id='word_1_36' title='bbox 1589 777 1772 824; x_wconf 85' lang='lat' dir='ltr'><strong>certos</strong></span> 
     </span>
     <span class='ocr_line' id='line_1_9' title="bbox 369 860 1523 941; baseline -0.001 -20"><span class='ocrx_word' id='word_1_37' title='bbox 369 861 578 922; x_wconf 84' lang='lat' dir='ltr'><strong>Sumite</strong></span> <span class='ocrx_word' id='word_1_38' title='bbox 606 887 618 922; x_wconf 94' lang='lat'><strong>:</strong></span> <span class='ocrx_word' id='word_1_39' title='bbox 643 886 757 923; x_wconf 92' lang='lat' dir='ltr'><strong>non</strong></span> <span class='ocrx_word' id='word_1_40' title='bbox 788 886 979 924; x_wconf 89' lang='lat' dir='ltr'><strong>omnes</strong></span> <span class='ocrx_word' id='word_1_41' title='bbox 1008 886 1122 923; x_wconf 86' lang='lat' dir='ltr'><strong>una</strong></span> <span class='ocrx_word' id='word_1_42' title='bbox 1147 861 1324 941; x_wconf 85' lang='lat' dir='ltr'><strong>figura</strong></span> <span class='ocrx_word' id='word_1_43' title='bbox 1352 860 1523 921; x_wconf 89' lang='lat' dir='ltr'><strong>decet.</strong></span> 
     </span>
    </p>

    <p class='ocr_par' dir='ltr' id='par_1_8' title="bbox 289 952 1605 1043">
     <span class='ocr_line' id='line_1_10' title="bbox 289 952 1605 1043; baseline -0.002 -25"><span class='ocrx_word' id='word_1_44' title='bbox 289 957 430 1037; x_wconf 81' lang='lat' dir='ltr'><strong>Quae</strong></span> <span class='ocrx_word' id='word_1_45' title='bbox 457 958 592 1019; x_wconf 89' lang='lat' dir='ltr'><strong>facie</strong></span> <span class='ocrx_word' id='word_1_46' title='bbox 623 952 917 1043; x_wconf 77' lang='lat' dir='ltr'><strong>praesignis</strong></span> <span class='ocrx_word' id='word_1_47' title='bbox 940 959 1076 1031; x_wconf 88' lang='lat' dir='ltr'><strong>eris,</strong></span> <span class='ocrx_word' id='word_1_48' title='bbox 1102 958 1363 1043; x_wconf 84' lang='lat' dir='ltr'><strong>resupina</strong></span> <span class='ocrx_word' id='word_1_49' title='bbox 1389 957 1568 1039; x_wconf 89' lang='lat' dir='ltr'><strong>jaceto</strong></span> <span class='ocrx_word' id='word_1_50' title='bbox 1593 980 1605 1015; x_wconf 94' lang='lat'><strong>:</strong></span> 
     </span>
    </p>

    <p class='ocr_par' dir='ltr' id='par_1_9' title="bbox 311 1052 1639 1139">
     <span class='ocr_line' id='line_1_11' title="bbox 311 1052 1639 1139; baseline -0.003 -24"><span class='ocrx_word' id='word_1_51' title='bbox 311 1062 325 1105; x_wconf 70' lang='grc' dir='ltr'>ἵ</span> <span class='ocrx_word' id='word_1_52' title='bbox 369 1055 701 1138; x_wconf 81' lang='lat' dir='ltr'><strong>Spectentur</strong></span> <span class='ocrx_word' id='word_1_53' title='bbox 728 1071 914 1135; x_wconf 86' lang='lat' dir='ltr'><strong>terg0‚</strong></span> <span class='ocrx_word' id='word_1_54' title='bbox 942 1056 1068 1139; x_wconf 88' lang='lat' dir='ltr'><strong>quis</strong></span> <span class='ocrx_word' id='word_1_55' title='bbox 1095 1079 1194 1116; x_wconf 88' lang='lat' dir='ltr'><strong>sua</strong></span> <span class='ocrx_word' id='word_1_56' title='bbox 1221 1069 1373 1133; x_wconf 85' lang='lat' dir='ltr'><strong>terga</strong></span> <span class='ocrx_word' id='word_1_57' title='bbox 1400 1052 1639 1136; x_wconf 81' lang='lat' dir='ltr'><strong>placent.</strong></span> 
     </span>
    </p>

    <p class='ocr_par' dir='ltr' id='par_1_10' title="bbox 289 1150 2072 1334">
     <span class='ocr_line' id='line_1_12' title="bbox 289 1150 2072 1223; baseline -0.003 -11"><span class='ocrx_word' id='word_1_58' title='bbox 289 1151 570 1213; x_wconf 71' lang='lat' dir='ltr'><strong>Milanion</strong></span> <span class='ocrx_word' id='word_1_59' title='bbox 598 1153 844 1214; x_wconf 86' lang='lat' dir='ltr'><strong>humeris</strong></span> <span class='ocrx_word' id='word_1_60' title='bbox 873 1152 1162 1214; x_wconf 85' lang='lat' dir='ltr'><strong>Atalantes</strong></span> <span class='ocrx_word' id='word_1_61' title='bbox 1188 1175 1347 1213; x_wconf 90' lang='lat' dir='ltr'><strong>crura</strong></span> <span class='ocrx_word' id='word_1_62' title='bbox 1374 1150 1620 1211; x_wconf 84' lang='lat' dir='ltr'><strong>ferebat:</strong></span> <span class='ocrx_word' id='word_1_63' title='bbox 1991 1166 2072 1223; x_wconf 72' lang='lat'><strong>775</strong></span> 
     </span>
     <span class='ocr_line' id='line_1_13' title="bbox 374 1246 1653 1334; baseline -0.002 -25"><span class='ocrx_word' id='word_1_64' title='bbox 374 1249 434 1309; x_wconf 90' lang='lat' dir='ltr'><strong>Si</strong></span> <span class='ocrx_word' id='word_1_65' title='bbox 461 1250 614 1310; x_wconf 89' lang='lat' dir='ltr'><strong>bona</strong></span> <span class='ocrx_word' id='word_1_66' title='bbox 640 1265 800 1323; x_wconf 87' lang='lat' dir='ltr'><strong>sunt,</strong></span> <span class='ocrx_word' id='word_1_67' title='bbox 826 1249 935 1311; x_wconf 94' lang='lat' dir='ltr'><strong>hoc</strong></span> <span class='ocrx_word' id='word_1_68' title='bbox 963 1264 1095 1311; x_wconf 93' lang='lat' dir='ltr'><strong>sunt</strong></span> <span class='ocrx_word' id='word_1_69' title='bbox 1123 1247 1439 1334; x_wconf 85' lang='lat' dir='ltr'><strong>accipienda</strong></span> <span class='ocrx_word' id='word_1_70' title='bbox 1467 1246 1653 1308; x_wconf 81' lang='lat' dir='ltr'><strong>mode.</strong></span> 
     </span>
    </p>

    <p class='ocr_par' dir='ltr' id='par_1_11' title="bbox 292 1345 1953 1529">
     <span class='ocr_line' id='line_1_14' title="bbox 292 1345 1953 1431; baseline -0.002 -25"><span class='ocrx_word' id='word_1_71' title='bbox 292 1347 465 1407; x_wconf 89' lang='lat' dir='ltr'><strong>Parva</strong></span> <span class='ocrx_word' id='word_1_72' title='bbox 492 1347 724 1408; x_wconf 86' lang='lat' dir='ltr'><strong>vehatur</strong></span> <span class='ocrx_word' id='word_1_73' title='bbox 749 1372 893 1431; x_wconf 90' lang='lat' dir='ltr'><strong>equo</strong></span> <span class='ocrx_word' id='word_1_74' title='bbox 922 1372 934 1407; x_wconf 92' lang='lat'>:</span> <span class='ocrx_word' id='word_1_75' title='bbox 962 1347 1113 1431; x_wconf 86' lang='lat' dir='ltr'><strong>quod</strong></span> <span class='ocrx_word' id='word_1_76' title='bbox 1143 1362 1259 1408; x_wconf 90' lang='lat' dir='ltr'><strong>crat</strong></span> <span class='ocrx_word' id='word_1_77' title='bbox 1284 1345 1641 1425; x_wconf 82' lang='lat' dir='ltr'><strong>longissima,</strong></span> <span class='ocrx_word' id='word_1_78' title='bbox 1666 1365 1953 1427; x_wconf 89' lang='lat' dir='ltr'><strong>nunquam</strong></span> 
     </span>
     <span class='ocr_line' id='line_1_15' title="bbox 372 1443 1553 1529; baseline -0.002 -25"><span class='ocrx_word' id='word_1_79' title='bbox 372 1443 616 1505; x_wconf 80' lang='lat' dir='ltr'><strong>Theba’l&#39;s</strong></span> <span class='ocrx_word' id='word_1_80' title='bbox 647 1446 924 1506; x_wconf 90' lang='lat' dir='ltr'><strong>Hectoreo</strong></span> <span class='ocrx_word' id='word_1_81' title='bbox 950 1460 1128 1529; x_wconf 92' lang='lat' dir='ltr'><strong>nupta</strong></span> <span class='ocrx_word' id='word_1_82' title='bbox 1155 1443 1361 1506; x_wconf 77' lang='lat' dir='ltr'><strong>resedit</strong></span> <span class='ocrx_word' id='word_1_83' title='bbox 1389 1467 1553 1527; x_wconf 76' lang='lat' dir='ltr'><strong>equo,</strong></span> 
     </span>
    </p>

    <p class='ocr_par' dir='ltr' id='par_1_12' title="bbox 294 1538 1769 1627">
     <span class='ocr_line' id='line_1_16' title="bbox 294 1538 1769 1627; baseline 0 -28"><span class='ocrx_word' id='word_1_84' title='bbox 294 1539 477 1602; x_wconf 79' lang='lat' dir='ltr'><strong>Strata</strong></span> <span class='ocrx_word' id='word_1_85' title='bbox 505 1558 717 1625; x_wconf 90' lang='lat' dir='ltr'><strong>premat</strong></span> <span class='ocrx_word' id='word_1_86' title='bbox 746 1543 983 1623; x_wconf 83' lang='lat' dir='ltr'><strong>genibus</strong></span> <span class='ocrx_word' id='word_1_87' title='bbox 1003 1590 1017 1616; x_wconf 94' lang='lat'>‚</span> <span class='ocrx_word' id='word_1_88' title='bbox 1047 1542 1275 1627; x_wconf 89' lang='lat' dir='ltr'><strong>paulum</strong></span> <span class='ocrx_word' id='word_1_89' title='bbox 1305 1541 1512 1603; x_wconf 90' lang='lat' dir='ltr'><strong>cervice</strong></span> <span class='ocrx_word' id='word_1_90' title='bbox 1542 1538 1769 1609; x_wconf 86' lang='lat' dir='ltr'><strong>reflexa,</strong></span> 
     </span>
    </p>
   </div>
   <div class='ocr_carea' id='block_1_8' title="bbox 375 1637 1625 1724">
    <p class='ocr_par' dir='ltr' id='par_1_13' title="bbox 375 1637 1625 1724">
     <span class='ocr_line' id='line_1_17' title="bbox 375 1637 1625 1724; baseline -0.002 -26"><span class='ocrx_word' id='word_1_91' title='bbox 375 1639 626 1713; x_wconf 86' lang='lat' dir='ltr'><strong>Femina,</strong></span> <span class='ocrx_word' id='word_1_92' title='bbox 656 1664 758 1724; x_wconf 86' lang='lat' dir='ltr'><strong>per</strong></span> <span class='ocrx_word' id='word_1_93' title='bbox 784 1639 1016 1719; x_wconf 85' lang='lat' dir='ltr'><strong>longum</strong></span> <span class='ocrx_word' id='word_1_94' title='bbox 1043 1638 1435 1724; x_wconf 87' lang='lat' dir='ltr'><strong>conspicienda</strong></span> <span class='ocrx_word' id='word_1_95' title='bbox 1462 1637 1625 1699; x_wconf 87' lang='lat' dir='ltr'><strong>latus.</strong></span> 
     </span>
    </p>
   </div>
   <div class='ocr_carea' id='block_1_9' title="bbox 1995 1648 2077 1704">
    <p class='ocr_par' dir='ltr' id='par_1_14' title="bbox 1995 1648 2077 1704">
     <span class='ocr_line' id='line_1_18' title="bbox 1995 1648 2077 1704; baseline -0.012 -19"><span class='ocrx_word' id='word_1_96' title='bbox 1995 1648 2077 1704; x_wconf 64' lang='lat'><strong>78«)</strong></span> 
     </span>
    </p>
   </div>
   <div class='ocr_carea' id='block_1_10' title="bbox 298 1731 1863 2091">
    <p class='ocr_par' dir='ltr' id='par_1_15' title="bbox 298 1731 1863 1918">
     <span class='ocr_line' id='line_1_19' title="bbox 298 1731 1863 1820; baseline -0.004 -22"><span class='ocrx_word' id='word_1_97' title='bbox 298 1736 405 1798; x_wconf 88' lang='lat' dir='ltr'><strong>Cui</strong></span> <span class='ocrx_word' id='word_1_98' title='bbox 431 1736 610 1798; x_wconf 89' lang='lat' dir='ltr'><strong>femur</strong></span> <span class='ocrx_word' id='word_1_99' title='bbox 638 1753 722 1799; x_wconf 92' lang='lat' dir='ltr'><strong>est</strong></span> <span class='ocrx_word' id='word_1_100' title='bbox 747 1738 985 1820; x_wconf 87' lang='lat' dir='ltr'><strong>juvenile</strong></span> <span class='ocrx_word' id='word_1_101' title='bbox 1004 1785 1019 1810; x_wconf 85' lang='lat'><strong><em>,</em></strong></span> <span class='ocrx_word' id='word_1_102' title='bbox 1051 1752 1237 1798; x_wconf 89' lang='lat' dir='ltr'><strong>carent</strong></span> <span class='ocrx_word' id='word_1_103' title='bbox 1265 1737 1354 1798; x_wconf 87' lang='lat' dir='ltr'><strong>cui</strong></span> <span class='ocrx_word' id='word_1_104' title='bbox 1384 1750 1611 1820; x_wconf 82' lang='lat' dir='ltr'><strong>pectora</strong></span> <span class='ocrx_word' id='word_1_105' title='bbox 1638 1731 1863 1803; x_wconf 88' lang='lat' dir='ltr'><strong>menda,</strong></span> 
     </span>
     <span class='ocr_line' id='line_1_20' title="bbox 380 1832 1507 1918; baseline -0.003 -24"><span class='ocrx_word' id='word_1_106' title='bbox 380 1834 607 1918; x_wconf 88' lang='lat' dir='ltr'><strong>Semper</strong></span> <span class='ocrx_word' id='word_1_107' title='bbox 632 1835 692 1894; x_wconf 88' lang='lat' dir='ltr'><strong>in</strong></span> <span class='ocrx_word' id='word_1_108' title='bbox 720 1833 955 1918; x_wconf 88' lang='lat' dir='ltr'><strong>obliquo</strong></span> <span class='ocrx_word' id='word_1_109' title='bbox 984 1834 1108 1895; x_wconf 87' lang='lat' dir='ltr'><strong>fusa</strong></span> <span class='ocrx_word' id='word_1_110' title='bbox 1136 1834 1210 1894; x_wconf 88' lang='lat' dir='ltr'><strong>sit</strong></span> <span class='ocrx_word' id='word_1_111' title='bbox 1238 1832 1333 1893; x_wconf 80' lang='lat' dir='ltr'><strong>illa</strong></span> <span class='ocrx_word' id='word_1_112' title='bbox 1365 1846 1507 1891; x_wconf 86' lang='lat' dir='ltr'><strong>toro.</strong></span> 
     </span>
    </p>

    <p class='ocr_par' dir='ltr' id='par_1_16' title="bbox 298 1927 1771 2091">
     <span class='ocr_line' id='line_1_21' title="bbox 298 1927 1771 2016; baseline -0.005 -23"><span class='ocrx_word' id='word_1_113' title='bbox 298 1933 412 1994; x_wconf 88' lang='lat' dir='ltr'><strong>Nec</strong></span> <span class='ocrx_word' id='word_1_114' title='bbox 441 1933 546 1993; x_wconf 87' lang='lat' dir='ltr'><strong>tibi</strong></span> <span class='ocrx_word' id='word_1_115' title='bbox 574 1947 732 2016; x_wconf 90' lang='lat' dir='ltr'><strong>turpe</strong></span> <span class='ocrx_word' id='word_1_116' title='bbox 764 1947 900 2016; x_wconf 92' lang='lat' dir='ltr'><strong>puta</strong></span> <span class='ocrx_word' id='word_1_117' title='bbox 929 1931 1135 1992; x_wconf 87' lang='lat' dir='ltr'><strong>crinem</strong></span> <span class='ocrx_word' id='word_1_118' title='bbox 1154 1978 1169 2003; x_wconf 87' lang='lat'><strong>‚</strong></span> <span class='ocrx_word' id='word_1_119' title='bbox 1195 1945 1261 1990; x_wconf 89' lang='lat' dir='ltr'><strong>ut</strong></span> <span class='ocrx_word' id='word_1_120' title='bbox 1288 1927 1541 2012; x_wconf 83' lang='lat' dir='ltr'><strong>Phylle·1·a</strong></span> <span class='ocrx_word' id='word_1_121' title='bbox 1570 1936 1771 1996; x_wconf 85' lang='lat' dir='ltr'><strong>mater,</strong></span> 
     </span>
     <span class='ocr_line' id='line_1_22' title="bbox 378 2025 1573 2091; baseline -0.004 -2"><span class='ocrx_word' id='word_1_122' title='bbox 378 2028 601 2091; x_wconf 90' lang='lat' dir='ltr'><strong>Solvere</strong></span> <span class='ocrx_word' id='word_1_123' title='bbox 627 2054 640 2089; x_wconf 74' lang='grc' dir='ltr'>ε</span> <span class='ocrx_word' id='word_1_124' title='bbox 670 2043 726 2090; x_wconf 90' lang='lat' dir='ltr'><strong>et</strong></span> <span class='ocrx_word' id='word_1_125' title='bbox 753 2029 944 2090; x_wconf 86' lang='lat' dir='ltr'><strong>effusis</strong></span> <span class='ocrx_word' id='word_1_126' title='bbox 975 2027 1116 2090; x_wconf 89' lang='lat' dir='ltr'><strong>colla</strong></span> <span class='ocrx_word' id='word_1_127' title='bbox 1142 2026 1355 2088; x_wconf 85' lang='lat' dir='ltr'><strong>reflecte</strong></span> <span class='ocrx_word' id='word_1_128' title='bbox 1384 2025 1573 2086; x_wconf 75' lang='lat' dir='ltr'><strong>comis·</strong></span> 
     </span>
    </p>
   </div>
   <div class='ocr_carea' id='block_1_11' title="bbox 300 2175 1148 2288">
    <p class='ocr_par' dir='ltr' id='par_1_17' title="bbox 300 2175 1148 2288">
     <span class='ocr_line' id='line_1_23' title="bbox 356 2175 1148 2234; baseline 0.004 -16"><span class='ocrx_word' id='word_1_129' title='bbox 356 2175 448 2234; x_wconf 79' lang='lat'><strong>769.</strong></span> <span class='ocrx_word' id='word_1_130' title='bbox 477 2177 688 2220; x_wconf 79' lang='lat' dir='ltr'><strong>Ulteriora</strong></span> <span class='ocrx_word' id='word_1_131' title='bbox 691 2180 826 2233; x_wconf 78' lang='lat' dir='ltr'><strong>pudet</strong></span> <span class='ocrx_word' id='word_1_132' title='bbox 837 2179 1042 2222; x_wconf 79' lang='lat' dir='ltr'><strong>docuisse.</strong></span> <span class='ocrx_word' id='word_1_133' title='bbox 1062 2179 1148 2222; x_wconf 91' lang='lat' dir='ltr'><strong>Pu-</strong></span> 
     </span>
     <span class='ocr_line' id='line_1_24' title="bbox 300 2237 1147 2288; baseline 0.006 -7"><span class='ocrx_word' id='word_1_134' title='bbox 300 2237 401 2283; x_wconf 84' lang='lat' dir='ltr'><strong>deat</strong></span> <span class='ocrx_word' id='word_1_135' title='bbox 411 2240 566 2284; x_wconf 81' lang='lat' dir='ltr'><strong>saltem</strong></span> <span class='ocrx_word' id='word_1_136' title='bbox 579 2243 907 2286; x_wconf 80' lang='lat' dir='ltr'><strong>commentariis</strong></span> <span class='ocrx_word' id='word_1_137' title='bbox 920 2243 1147 2288; x_wconf 78' lang='lat' dir='ltr'><strong>illustrare.</strong></span> 
     </span>
    </p>
   </div>
   <div class='ocr_carea' id='block_1_12' title="bbox 298 2305 1146 2363">
    <p class='ocr_par' dir='ltr' id='par_1_18' title="bbox 298 2305 1146 2363">
     <span class='ocr_line' id='line_1_25' title="bbox 298 2305 1146 2363; baseline 0.004 -15"><span class='ocrx_word' id='word_1_138' title='bbox 298 2305 390 2349; x_wconf 83' lang='lat' dir='ltr'><strong>Hic</strong></span> <span class='ocrx_word' id='word_1_139' title='bbox 397 2305 530 2363; x_wconf 82' lang='lat' dir='ltr'><strong>igitur</strong></span> <span class='ocrx_word' id='word_1_140' title='bbox 537 2307 646 2350; x_wconf 84' lang='lat' dir='ltr'><strong>mihi</strong></span> <span class='ocrx_word' id='word_1_141' title='bbox 655 2308 981 2352; x_wconf 87' lang='lat' dir='ltr'><strong>subsistendum</strong></span> <span class='ocrx_word' id='word_1_142' title='bbox 990 2308 1122 2352; x_wconf 86' lang='lat' dir='ltr'><strong>credo</strong></span> <span class='ocrx_word' id='word_1_143' title='bbox 1134 2341 1146 2362; x_wconf 94' lang='lat'>,</span> 
     </span>
    </p>
   </div>
   <div class='ocr_carea' id='block_1_13' title="bbox 1228 2169 2091 2360">
    <p class='ocr_par' dir='ltr' id='par_1_19' title="bbox 1228 2169 2091 2360">
     <span class='ocr_line' id='line_1_26' title="bbox 1229 2169 2086 2234; baseline -0.013 -13"><span class='ocrx_word' id='word_1_144' title='bbox 1229 2178 1361 2222; x_wconf 88' lang='lat' dir='ltr'><strong>etiam</strong></span> <span class='ocrx_word' id='word_1_145' title='bbox 1377 2176 1499 2234; x_wconf 67' lang='lat' dir='ltr'><strong>prior</strong></span> <span class='ocrx_word' id='word_1_146' title='bbox 1519 2171 1833 2218; x_wconf 76' lang='lat' dir='ltr'><strong>Mentelianus.</strong></span> <span class='ocrx_word' id='word_1_147' title='bbox 1851 2169 1966 2227; x_wconf 82' lang='lat' dir='ltr'><strong>Lege</strong></span> <span class='ocrx_word' id='word_1_148' title='bbox 1983 2201 1995 2223; x_wconf 89' lang='lat'>,</span> <span class='ocrx_word' id='word_1_149' title='bbox 2012 2185 2086 2211; x_wconf 83' lang='lat' dir='ltr'><strong>ca·</strong></span> 
     </span>
     <span class='ocr_line' id='line_1_27' title="bbox 1228 2239 2091 2295; baseline -0.01 -12"><span class='ocrx_word' id='word_1_150' title='bbox 1228 2247 1321 2284; x_wconf 82' lang='lat' dir='ltr'><strong>rent</strong></span> <span class='ocrx_word' id='word_1_151' title='bbox 1336 2246 1582 2295; x_wconf 79' lang='lat' dir='ltr'><strong>cuipectora</strong></span> <span class='ocrx_word' id='word_1_152' title='bbox 1595 2239 1740 2280; x_wconf 81' lang='lat' dir='ltr'><strong>mendo</strong></span> <span class='ocrx_word' id='word_1_153' title='bbox 1758 2250 1770 2276; x_wconf 89' lang='lat'><em>:</em></span> <span class='ocrx_word' id='word_1_154' title='bbox 1790 2244 1838 2279; x_wconf 83' lang='lat' dir='ltr'><strong>ut</strong></span> <span class='ocrx_word' id='word_1_155' title='bbox 1851 2249 2091 2278; x_wconf 79' lang='lat' dir='ltr'><strong>concursus</strong></span> 
     </span>
     <span class='ocr_line' id='line_1_28' title="bbox 1229 2300 2088 2360; baseline -0.009 -10"><span class='ocrx_word' id='word_1_156' title='bbox 1229 2308 1390 2352; x_wconf 83' lang='lat' dir='ltr'><strong>vitetur</strong></span> <span class='ocrx_word' id='word_1_157' title='bbox 1403 2306 1542 2350; x_wconf 66' lang='lat' dir='ltr'><strong>duum</strong></span> <span class='ocrx_word' id='word_1_158' title='bbox 1555 2323 1595 2348; x_wconf 84' lang='lat' dir='ltr'><strong>a.</strong></span> <span class='ocrx_word' id='word_1_159' title='bbox 1611 2304 1725 2348; x_wconf 85' lang='lat' dir='ltr'><strong>Vide</strong></span> <span class='ocrx_word' id='word_1_160' title='bbox 1738 2319 1884 2360; x_wconf 82' lang='lat' dir='ltr'><strong>supra,</strong></span> <span class='ocrx_word' id='word_1_161' title='bbox 1896 2302 1979 2344; x_wconf 86' lang='lat' dir='ltr'><strong>hoc</strong></span> <span class='ocrx_word' id='word_1_162' title='bbox 1995 2300 2088 2357; x_wconf 85' lang='lat' dir='ltr'><strong>ipso</strong></span> 
     </span>
    </p>
   </div>
   <div class='ocr_carea' id='block_1_14' title="bbox 301 2368 2086 2428">
    <p class='ocr_par' dir='ltr' id='par_1_20' title="bbox 301 2368 2086 2428">
     <span class='ocr_line' id='line_1_29' title="bbox 301 2368 2086 2428; baseline -0.002 -15"><span class='ocrx_word' id='word_1_163' title='bbox 301 2370 411 2414; x_wconf 84' lang='lat' dir='ltr'><strong>dum</strong></span> <span class='ocrx_word' id='word_1_164' title='bbox 436 2371 651 2416; x_wconf 79' lang='lat' dir='ltr'><strong>inchoatae</strong></span> <span class='ocrx_word' id='word_1_165' title='bbox 671 2374 734 2417; x_wconf 84' lang='lat' dir='ltr'><strong>rei</strong></span> <span class='ocrx_word' id='word_1_166' title='bbox 756 2374 893 2417; x_wconf 87' lang='lat' dir='ltr'><strong>exitus</strong></span> <span class='ocrx_word' id='word_1_167' title='bbox 913 2375 1148 2418; x_wconf 70' lang='lat' dir='ltr'><strong>certIOrem</strong></span> <span class='ocrx_word' id='word_1_168' title='bbox 1230 2373 1365 2428; x_wconf 86' lang='lat' dir='ltr'><strong>libro,</strong></span> <span class='ocrx_word' id='word_1_169' title='bbox 1381 2375 1518 2418; x_wconf 82' lang='lat' dir='ltr'><strong>Notas</strong></span> <span class='ocrx_word' id='word_1_170' title='bbox 1533 2372 1587 2416; x_wconf 84' lang='lat' dir='ltr'><strong>ad</strong></span> <span class='ocrx_word' id='word_1_171' title='bbox 1602 2387 1713 2415; x_wconf 78' lang='lat' dir='ltr'><strong>vers.</strong></span> <span class='ocrx_word' id='word_1_172' title='bbox 1727 2370 1821 2414; x_wconf 69' lang='lat'><strong>261.</strong></span> <span class='ocrx_word' id='word_1_173' title='bbox 1840 2368 2086 2424; x_wconf 76' lang='lat' dir='ltr'><strong>Quoe&#39;scrip-</strong></span> 
     </span>
    </p>
   </div>
   <div class='ocr_carea' id='block_1_15' title="bbox 301 2437 1163 3411">
    <p class='ocr_par' dir='ltr' id='par_1_21' title="bbox 301 2437 1156 2613">
     <span class='ocr_line' id='line_1_30' title="bbox 301 2437 1151 2497; baseline 0.006 -18"><span class='ocrx_word' id='word_1_174' title='bbox 301 2453 375 2480; x_wconf 88' lang='lat' dir='ltr'><strong>me</strong></span> <span class='ocrx_word' id='word_1_175' title='bbox 395 2437 548 2481; x_wconf 82' lang='lat' dir='ltr'><strong>fecerit</strong></span> <span class='ocrx_word' id='word_1_176' title='bbox 565 2471 577 2493; x_wconf 90' lang='lat'><strong><em>‚</em></strong></span> <span class='ocrx_word' id='word_1_177' title='bbox 601 2447 753 2482; x_wconf 85' lang='lat' dir='ltr'><strong>utrum</strong></span> <span class='ocrx_word' id='word_1_178' title='bbox 768 2448 940 2497; x_wconf 86' lang='lat' dir='ltr'><strong>tempus</strong></span> <span class='ocrx_word' id='word_1_179' title='bbox 960 2441 1073 2484; x_wconf 88' lang='lat' dir='ltr'><strong>bene</strong></span> <span class='ocrx_word' id='word_1_180' title='bbox 1096 2456 1151 2483; x_wconf 86' lang='lat' dir='ltr'><strong>an</strong></span> 
     </span>
     <span class='ocr_line' id='line_1_31' title="bbox 303 2503 1156 2563; baseline 0.004 -17"><span class='ocrx_word' id='word_1_181' title='bbox 303 2503 417 2546; x_wconf 84' lang='lat' dir='ltr'><strong>male</strong></span> <span class='ocrx_word' id='word_1_182' title='bbox 430 2503 477 2546; x_wconf 85' lang='lat' dir='ltr'><strong>in</strong></span> <span class='ocrx_word' id='word_1_183' title='bbox 493 2503 576 2548; x_wconf 91' lang='lat' dir='ltr'><strong>hoc</strong></span> <span class='ocrx_word' id='word_1_184' title='bbox 585 2505 891 2562; x_wconf 85' lang='lat' dir='ltr'><strong>qualicumque</strong></span> <span class='ocrx_word' id='word_1_185' title='bbox 911 2521 1043 2563; x_wconf 89' lang='lat' dir='ltr'><strong>opere</strong></span> <span class='ocrx_word' id='word_1_186' title='bbox 1063 2505 1156 2549; x_wconf 91' lang='lat' dir='ltr'><strong>col-</strong></span> 
     </span>
     <span class='ocr_line' id='line_1_32' title="bbox 302 2566 732 2613; baseline 0.007 -3"><span class='ocrx_word' id='word_1_187' title='bbox 302 2566 550 2612; x_wconf 81' lang='lat' dir='ltr'><strong>locaverim.</strong></span> <span class='ocrx_word' id='word_1_188' title='bbox 572 2569 732 2613; x_wconf 76' lang='lat' dir='ltr'><strong>AMAR.</strong></span> 
     </span>
    </p>

    <p class='ocr_par' dir='ltr' id='par_1_22' title="bbox 306 2635 1163 3080">
     <span class='ocr_line' id='line_1_33' title="bbox 361 2635 1157 2691; baseline 0.005 -16"><span class='ocrx_word' id='word_1_189' title='bbox 361 2650 410 2691; x_wconf 90' lang='lat'><strong>77</strong></span> <span class='ocrx_word' id='word_1_190' title='bbox 419 2649 453 2675; x_wconf 88' lang='lat'><strong>1.</strong></span> <span class='ocrx_word' id='word_1_191' title='bbox 473 2635 589 2679; x_wconf 84' lang='lat' dir='ltr'><strong>Nota</strong></span> <span class='ocrx_word' id='word_1_192' title='bbox 600 2638 756 2677; x_wconf 81' lang='lat' dir='ltr'><strong>sibisit</strong></span> <span class='ocrx_word' id='word_1_193' title='bbox 764 2650 940 2691; x_wconf 78' lang='lat' dir='ltr'><strong>qua-que.</strong></span> <span class='ocrx_word' id='word_1_194' title='bbox 954 2637 1049 2678; x_wconf 75' lang='lat' dir='ltr'><strong>Sint</strong></span> <span class='ocrx_word' id='word_1_195' title='bbox 1062 2635 1157 2679; x_wconf 84' lang='lat' dir='ltr'><strong>Re-</strong></span> 
     </span>
     <span class='ocr_line' id='line_1_34' title="bbox 306 2699 1155 2758; baseline 0.004 -15"><span class='ocrx_word' id='word_1_196' title='bbox 306 2699 398 2758; x_wconf 82' lang='lat' dir='ltr'><strong>gius</strong></span> <span class='ocrx_word' id='word_1_197' title='bbox 419 2708 463 2743; x_wconf 83' lang='lat' dir='ltr'><strong>et</strong></span> <span class='ocrx_word' id='word_1_198' title='bbox 482 2716 596 2743; x_wconf 88' lang='lat' dir='ltr'><strong>unus</strong></span> <span class='ocrx_word' id='word_1_199' title='bbox 616 2700 867 2745; x_wconf 83' lang='lat' dir='ltr'><strong>Vaticanus.</strong></span> <span class='ocrx_word' id='word_1_200' title='bbox 888 2700 1002 2744; x_wconf 90' lang='lat' dir='ltr'><strong>Vide</strong></span> <span class='ocrx_word' id='word_1_201' title='bbox 1019 2703 1155 2746; x_wconf 79' lang='lat' dir='ltr'><strong>Notas</strong></span> 
     </span>
     <span class='ocr_line' id='line_1_35' title="bbox 308 2763 1156 2822; baseline -0.001 -15"><span class='ocrx_word' id='word_1_202' title='bbox 308 2763 362 2808; x_wconf 83' lang='lat' dir='ltr'><strong>ad</strong></span> <span class='ocrx_word' id='word_1_203' title='bbox 378 2764 532 2808; x_wconf 82' lang='lat' dir='ltr'><strong>Amor.</strong></span> <span class='ocrx_word' id='word_1_204' title='bbox 546 2764 618 2808; x_wconf 89' lang='lat' dir='ltr'><strong>lib.</strong></span> <span class='ocrx_word' id='word_1_205' title='bbox 635 2765 680 2808; x_wconf 89' lang='grc' dir='ltr'><strong>ΙΙ</strong></span> <span class='ocrx_word' id='word_1_206' title='bbox 693 2798 704 2820; x_wconf 88' lang='grc'><strong><em>,</em></strong></span> <span class='ocrx_word' id='word_1_207' title='bbox 727 2765 849 2822; x_wconf 87' lang='lat' dir='ltr'><strong>Eleg.</strong></span> <span class='ocrx_word' id='word_1_208' title='bbox 870 2780 935 2818; x_wconf 74' lang='lat' dir='ltr'><strong>xl,</strong></span> <span class='ocrx_word' id='word_1_209' title='bbox 959 2782 1069 2810; x_wconf 85' lang='lat' dir='ltr'><strong>vers.</strong></span> <span class='ocrx_word' id='word_1_210' title='bbox 1088 2783 1156 2808; x_wconf 80' lang='lat'><strong>21.</strong></span> 
     </span>
     <span class='ocr_line' id='line_1_36' title="bbox 308 2830 1158 2885; baseline 0.001 -13"><span class='ocrx_word' id='word_1_211' title='bbox 308 2830 526 2873; x_wconf 81' lang='lat' dir='ltr'><em>—Modos</em></span> <span class='ocrx_word' id='word_1_212' title='bbox 535 2845 565 2873; x_wconf 86' lang='lat' dir='ltr'><em>a</em></span> <span class='ocrx_word' id='word_1_213' title='bbox 577 2846 744 2885; x_wconf 81' lang='lat' dir='ltr'><strong>corpore</strong></span> <span class='ocrx_word' id='word_1_214' title='bbox 755 2836 889 2874; x_wconf 80' lang='lat' dir='ltr'><strong>certos</strong></span> <span class='ocrx_word' id='word_1_215' title='bbox 901 2832 1068 2874; x_wconf 79' lang='lat' dir='ltr'><strong>Sumite.</strong></span> <span class='ocrx_word' id='word_1_216' title='bbox 1090 2831 1158 2874; x_wconf 79' lang='lat' dir='ltr'><strong>Ita</strong></span> 
     </span>
     <span class='ocr_line' id='line_1_37' title="bbox 310 2894 1163 2940; baseline 0.004 -4"><span class='ocrx_word' id='word_1_217' title='bbox 310 2894 442 2938; x_wconf 59' lang='lat' dir='ltr'><strong>estin</strong></span> <span class='ocrx_word' id='word_1_218' title='bbox 465 2895 590 2939; x_wconf 85' lang='lat' dir='ltr'><strong>bonis</strong></span> <span class='ocrx_word' id='word_1_219' title='bbox 607 2895 757 2940; x_wconf 81' lang='lat' dir='ltr'><strong>libris:</strong></span> <span class='ocrx_word' id='word_1_220' title='bbox 777 2912 893 2940; x_wconf 87' lang='lat' dir='ltr'><strong>vere.</strong></span> <span class='ocrx_word' id='word_1_221' title='bbox 917 2894 1049 2940; x_wconf 79' lang='lat' dir='ltr'><strong>CIOF.</strong></span> <span class='ocrx_word' id='word_1_222' title='bbox 1082 2898 1163 2940; x_wconf 82' lang='lat' dir='ltr'><strong>Ad</strong></span> 
     </span>
     <span class='ocr_line' id='line_1_38' title="bbox 311 2960 1158 3017; baseline 0.002 -17"><span class='ocrx_word' id='word_1_223' title='bbox 311 2973 485 3014; x_wconf 82' lang='lat' dir='ltr'><strong>corpora</strong></span> <span class='ocrx_word' id='word_1_224' title='bbox 507 2968 695 3015; x_wconf 84' lang='lat' dir='ltr'><strong>quatuor</strong></span> <span class='ocrx_word' id='word_1_225' title='bbox 722 2960 898 3016; x_wconf 80' lang='lat' dir='ltr'><strong>scripti,</strong></span> <span class='ocrx_word' id='word_1_226' title='bbox 935 2969 980 3004; x_wconf 86' lang='lat' dir='ltr'><strong>et</strong></span> <span class='ocrx_word' id='word_1_227' title='bbox 1005 2975 1158 3017; x_wconf 84' lang='lat' dir='ltr'><strong>margo</strong></span> 
     </span>
     <span class='ocr_line' id='line_1_39' title="bbox 314 3022 1131 3080; baseline 0.002 -14"><span class='ocrx_word' id='word_1_228' title='bbox 314 3022 484 3066; x_wconf 86' lang='lat' dir='ltr'><strong>Bersm.</strong></span> <span class='ocrx_word' id='word_1_229' title='bbox 502 3029 673 3066; x_wconf 81' lang='lat' dir='ltr'><strong>cunctos</strong></span> <span class='ocrx_word' id='word_1_230' title='bbox 682 3023 792 3066; x_wconf 86' lang='lat' dir='ltr'><strong>duo:</strong></span> <span class='ocrx_word' id='word_1_231' title='bbox 804 3030 991 3080; x_wconf 81' lang='lat' dir='ltr'><strong>comptos</strong></span> <span class='ocrx_word' id='word_1_232' title='bbox 1003 3041 1131 3068; x_wconf 87' lang='lat' dir='ltr'><strong>unus.</strong></span> 
     </span>
    </p>

    <p class='ocr_par' dir='ltr' id='par_1_23' title="bbox 316 3087 1162 3329">
     <span class='ocr_line' id='line_1_40' title="bbox 367 3087 1158 3145; baseline 0.004 -15"><span class='ocrx_word' id='word_1_233' title='bbox 367 3087 1158 3145; x_wconf 54' lang='lat' dir='ltr'><strong>773.Quoefaciepraestgrm’qen&#39;t.Reete,</strong></span> 
     </span>
     <span class='ocr_line' id='line_1_41' title="bbox 317 3152 1161 3210; baseline 0.002 -15"><span class='ocrx_word' id='word_1_234' title='bbox 317 3152 436 3210; x_wconf 84' lang='lat' dir='ltr'><strong>quod</strong></span> <span class='ocrx_word' id='word_1_235' title='bbox 455 3153 503 3196; x_wconf 88' lang='lat' dir='ltr'><strong>in</strong></span> <span class='ocrx_word' id='word_1_236' title='bbox 523 3153 722 3196; x_wconf 83' lang='lat' dir='ltr'><strong>Palatino</strong></span> <span class='ocrx_word' id='word_1_237' title='bbox 739 3153 887 3196; x_wconf 87' lang='lat' dir='ltr'><strong>codice</strong></span> <span class='ocrx_word' id='word_1_238' title='bbox 904 3186 916 3207; x_wconf 93' lang='lat'>,</span> <span class='ocrx_word' id='word_1_239' title='bbox 952 3169 1040 3210; x_wconf 90' lang='lat' dir='ltr'><strong>quo</strong></span> <span class='ocrx_word' id='word_1_240' title='bbox 1059 3169 1161 3198; x_wconf 85' lang='lat' dir='ltr'><strong>usus</strong></span> 
     </span>
     <span class='ocr_line' id='line_1_42' title="bbox 316 3218 1162 3275; baseline -0.001 -12"><span class='ocrx_word' id='word_1_241' title='bbox 316 3227 381 3264; x_wconf 83' lang='lat' dir='ltr'><strong>est</strong></span> <span class='ocrx_word' id='word_1_242' title='bbox 402 3218 619 3262; x_wconf 87' lang='lat' dir='ltr'><strong>Gruterus</strong></span> <span class='ocrx_word' id='word_1_243' title='bbox 647 3235 657 3261; x_wconf 73' lang='grc' dir='ltr'>ε</span> <span class='ocrx_word' id='word_1_244' title='bbox 689 3218 926 3274; x_wconf 78' lang='lat' dir='ltr'><strong>Qua-facie</strong></span> <span class='ocrx_word' id='word_1_245' title='bbox 940 3223 1162 3275; x_wconf 65' lang='lat' dir='ltr'><strong>proese’gmlc</strong></span> 
     </span>
     <span class='ocr_line' id='line_1_43' title="bbox 317 3285 748 3329; baseline -0.005 0"><span class='ocrx_word' id='word_1_246' title='bbox 317 3289 412 3329; x_wconf 82' lang='lat' dir='ltr'><strong>eris.</strong></span> <span class='ocrx_word' id='word_1_247' title='bbox 434 3285 556 3328; x_wconf 73' lang='lat' dir='ltr'><strong>DAN.</strong></span> <span class='ocrx_word' id='word_1_248' title='bbox 580 3285 748 3328; x_wconf 71' lang='lat' dir='ltr'><strong>Hsms.</strong></span> 
     </span>
    </p>

    <p class='ocr_par' dir='ltr' id='par_1_24' title="bbox 373 3351 1052 3411">
     <span class='ocr_line' id='line_1_44' title="bbox 373 3351 1052 3411; baseline 0 -15"><span class='ocrx_word' id='word_1_249' title='bbox 373 3355 467 3411; x_wconf 83' lang='lat'><strong>778.</strong></span> <span class='ocrx_word' id='word_1_250' title='bbox 486 3353 639 3407; x_wconf 78' lang='lat' dir='ltr'><strong>Nupta.</strong></span> <span class='ocrx_word' id='word_1_251' title='bbox 663 3354 811 3404; x_wconf 83' lang='lat' dir='ltr'><em>Nuda,</em></span> <span class='ocrx_word' id='word_1_252' title='bbox 835 3351 924 3395; x_wconf 85' lang='lat' dir='ltr'><strong>duo</strong></span> <span class='ocrx_word' id='word_1_253' title='bbox 941 3352 1052 3396; x_wconf 79' lang='lat' dir='ltr'><strong>libri.</strong></span> 
     </span>
    </p>
   </div>
   <div class='ocr_carea' id='block_1_16' title="bbox 322 3421 1172 3541">
    <p class='ocr_par' dir='ltr' id='par_1_25' title="bbox 322 3421 1172 3541">
     <span class='ocr_line' id='line_1_45' title="bbox 377 3421 1164 3475; baseline 0.001 -14"><span class='ocrx_word' id='word_1_254' title='bbox 377 3421 468 3474; x_wconf 85' lang='lat'><strong>781.</strong></span> <span class='ocrx_word' id='word_1_255' title='bbox 494 3421 651 3463; x_wconf 79' lang='lat' dir='ltr'><strong>Carent</strong></span> <span class='ocrx_word' id='word_1_256' title='bbox 661 3434 815 3475; x_wconf 82' lang='lat' dir='ltr'><strong>quoque</strong></span> <span class='ocrx_word' id='word_1_257' title='bbox 830 3425 984 3462; x_wconf 84' lang='lat' dir='ltr'><strong>coetera</strong></span> <span class='ocrx_word' id='word_1_258' title='bbox 1002 3421 1164 3462; x_wconf 82' lang='lat' dir='ltr'><strong>menda.</strong></span> 
     </span>
     <span class='ocr_line' id='line_1_46' title="bbox 322 3483 1172 3541; baseline 0.002 -15"><span class='ocrx_word' id='word_1_259' title='bbox 322 3485 493 3540; x_wconf 55' lang='lat' dir='ltr'><strong>,Quoque</strong></span> <span class='ocrx_word' id='word_1_260' title='bbox 502 3489 675 3539; x_wconf 74' lang='lat' dir='ltr'><strong>pectora</strong></span> <span class='ocrx_word' id='word_1_261' title='bbox 688 3483 835 3541; x_wconf 79' lang='lat' dir='ltr'><strong>scripti</strong></span> <span class='ocrx_word' id='word_1_262' title='bbox 845 3483 1052 3530; x_wconf 82' lang='lat' dir='ltr'><strong>meliores</strong></span> <span class='ocrx_word' id='word_1_263' title='bbox 1066 3498 1076 3526; x_wconf 78' lang='lat' dir='ltr'><strong>t</strong></span> <span class='ocrx_word' id='word_1_264' title='bbox 1097 3489 1172 3528; x_wconf 70' lang='lat' dir='ltr'><strong>cuc·</strong></span> 
     </span>
    </p>
   </div>
   <div class='ocr_carea' id='block_1_17' title="bbox 1233 2432 2103 3538">
    <p class='ocr_par' dir='ltr' id='par_1_26' title="bbox 1233 2432 2057 2493">
     <span class='ocr_line' id='line_1_47' title="bbox 1233 2432 2057 2493; baseline -0.01 -10"><span class='ocrx_word' id='word_1_265' title='bbox 1233 2448 1330 2483; x_wconf 76' lang='lat' dir='ltr'><strong>tum</strong></span> <span class='ocrx_word' id='word_1_266' title='bbox 1354 2449 1447 2483; x_wconf 86' lang='lat' dir='ltr'><strong>erat</strong></span> <span class='ocrx_word' id='word_1_267' title='bbox 1470 2457 1479 2482; x_wconf 86' lang='grc'>;</span> <span class='ocrx_word' id='word_1_268' title='bbox 1500 2438 1604 2481; x_wconf 87' lang='lat' dir='ltr'><strong>hinc</strong></span> <span class='ocrx_word' id='word_1_269' title='bbox 1621 2452 1779 2493; x_wconf 79' lang='lat' dir='ltr'><strong>quoque</strong></span> <span class='ocrx_word' id='word_1_270' title='bbox 1798 2435 1975 2478; x_wconf 78' lang='lat' dir='ltr'><strong>sactum.</strong></span> <span class='ocrx_word' id='word_1_271' title='bbox 1998 2432 2057 2475; x_wconf 86' lang='lat' dir='ltr'><strong>H.</strong></span> 
     </span>
    </p>

    <p class='ocr_par' dir='ltr' id='par_1_27' title="bbox 1236 2500 2087 2630">
     <span class='ocr_line' id='line_1_48' title="bbox 1292 2500 2087 2563; baseline -0.01 -13"><span class='ocrx_word' id='word_1_272' title='bbox 1292 2507 1384 2563; x_wconf 81' lang='lat'><strong>782.</strong></span> <span class='ocrx_word' id='word_1_273' title='bbox 1405 2507 1622 2561; x_wconf 82' lang='lat' dir='ltr'><strong>Semperin</strong></span> <span class='ocrx_word' id='word_1_274' title='bbox 1632 2507 1799 2559; x_wconf 79' lang='lat' dir='ltr'><strong>obliquo</strong></span> <span class='ocrx_word' id='word_1_275' title='bbox 1810 2511 1892 2546; x_wconf 77' lang='lat' dir='ltr'><strong>etc.</strong></span> <span class='ocrx_word' id='word_1_276' title='bbox 1903 2500 2087 2558; x_wconf 79' lang='lat' dir='ltr'><strong>Optime</strong></span> 
     </span>
     <span class='ocr_line' id='line_1_49' title="bbox 1236 2567 2063 2630; baseline -0.008 -14"><span class='ocrx_word' id='word_1_277' title='bbox 1236 2572 1379 2630; x_wconf 84' lang='lat' dir='ltr'><strong>prima</strong></span> <span class='ocrx_word' id='word_1_278' title='bbox 1399 2572 1534 2616; x_wconf 82' lang='lat' dir='ltr'><strong>editio</strong></span> <span class='ocrx_word' id='word_1_279' title='bbox 1555 2605 1568 2626; x_wconf 87' lang='lat'>,</span> <span class='ocrx_word' id='word_1_280' title='bbox 1594 2579 1638 2615; x_wconf 81' lang='lat' dir='ltr'><strong>et</strong></span> <span class='ocrx_word' id='word_1_281' title='bbox 1657 2569 1806 2627; x_wconf 84' lang='lat' dir='ltr'><strong>scripti</strong></span> <span class='ocrx_word' id='word_1_282' title='bbox 1827 2567 2063 2626; x_wconf 56' lang='lat' dir='ltr'><strong>meliores:</strong></span> 
     </span>
    </p>

    <p class='ocr_par' dir='ltr' id='par_1_28' title="bbox 1276 2640 1967 2683">
     <span class='ocr_line' id='line_1_50' title="bbox 1276 2640 1967 2683; baseline -0.009 -8"><span class='ocrx_word' id='word_1_283' title='bbox 1276 2645 1345 2675; x_wconf 81' lang='lat' dir='ltr'><strong>Stet</strong></span> <span class='ocrx_word' id='word_1_284' title='bbox 1358 2643 1411 2674; x_wconf 80' lang='lat' dir='ltr'><strong>vir</strong></span> <span class='ocrx_word' id='word_1_285' title='bbox 1428 2653 1437 2674; x_wconf 79' lang='lat' dir='ltr'><strong><em>z</em></strong></span> <span class='ocrx_word' id='word_1_286' title='bbox 1456 2643 1489 2673; x_wconf 80' lang='lat' dir='ltr'><strong>in</strong></span> <span class='ocrx_word' id='word_1_287' title='bbox 1502 2642 1638 2683; x_wconf 84' lang='lat' dir='ltr'><strong>obliquo</strong></span> <span class='ocrx_word' id='word_1_288' title='bbox 1652 2641 1724 2671; x_wconf 70' lang='lat' dir='ltr'><strong>sus·</strong></span> <span class='ocrx_word' id='word_1_289' title='bbox 1742 2641 1783 2670; x_wconf 72' lang='lat' dir='ltr'><strong>sit</strong></span> <span class='ocrx_word' id='word_1_290' title='bbox 1801 2640 1871 2681; x_wconf 68' lang='lat' dir='ltr'><strong>ips·</strong></span> <span class='ocrx_word' id='word_1_291' title='bbox 1884 2646 1967 2670; x_wconf 78' lang='lat' dir='ltr'><strong>tom.</strong></span> 
     </span>
    </p>

    <p class='ocr_par' dir='ltr' id='par_1_29' title="bbox 1237 2704 2103 3538">
     <span class='ocr_line' id='line_1_51' title="bbox 1294 2704 2093 2764; baseline -0.011 -14"><span class='ocrx_word' id='word_1_292' title='bbox 1294 2707 1385 2764; x_wconf 81' lang='grc'><strong>784.</strong></span> <span class='ocrx_word' id='word_1_293' title='bbox 1400 2706 1464 2747; x_wconf 91' lang='lat' dir='ltr'><strong>Et</strong></span> <span class='ocrx_word' id='word_1_294' title='bbox 1473 2704 1630 2760; x_wconf 56' lang='lat' dir='ltr'><strong>effusis·</strong></span> <span class='ocrx_word' id='word_1_295' title='bbox 1643 2705 1759 2747; x_wconf 84' lang='lat' dir='ltr'><strong>colla</strong></span> <span class='ocrx_word' id='word_1_296' title='bbox 1773 2704 1936 2757; x_wconf 84' lang='lat' dir='ltr'><strong>reflecte</strong></span> <span class='ocrx_word' id='word_1_297' title='bbox 1948 2704 2093 2743; x_wconf 76' lang='lat' dir='ltr'><strong>comis.</strong></span> 
     </span>
     <span class='ocr_line' id='line_1_52' title="bbox 1238 2764 2094 2826; baseline -0.008 -13"><span class='ocrx_word' id='word_1_298' title='bbox 1238 2772 1422 2812; x_wconf 83' lang='lat' dir='ltr'><strong>Benecte</strong></span> <span class='ocrx_word' id='word_1_299' title='bbox 1430 2768 1551 2826; x_wconf 85' lang='lat' dir='ltr'><strong>prior</strong></span> <span class='ocrx_word' id='word_1_300' title='bbox 1566 2765 1783 2810; x_wconf 87' lang='lat' dir='ltr'><strong>Mentelii.</strong></span> <span class='ocrx_word' id='word_1_301' title='bbox 1798 2764 2068 2822; x_wconf 78' lang='lat' dir='ltr'><strong>Aprosianus</strong></span> <span class='ocrx_word' id='word_1_302' title='bbox 2081 2797 2094 2816; x_wconf 83' lang='lat'>,</span> 
     </span>
     <span class='ocr_line' id='line_1_53' title="bbox 1237 2828 2097 2891; baseline -0.009 -13"><span class='ocrx_word' id='word_1_303' title='bbox 1237 2837 1398 2891; x_wconf 80' lang='lat' dir='ltr'><strong>reflecte</strong></span> <span class='ocrx_word' id='word_1_304' title='bbox 1425 2850 1437 2876; x_wconf 91' lang='grc'><strong>.·</strong></span> <span class='ocrx_word' id='word_1_305' title='bbox 1468 2836 1510 2877; x_wconf 71' lang='grc' dir='ltr'><strong>τὶ</strong></span> <span class='ocrx_word' id='word_1_306' title='bbox 1537 2834 1699 2887; x_wconf 84' lang='lat' dir='ltr'><strong>reflecte</strong></span> <span class='ocrx_word' id='word_1_307' title='bbox 1727 2830 1812 2874; x_wconf 89' lang='lat' dir='ltr'><strong>hoc</strong></span> <span class='ocrx_word' id='word_1_308' title='bbox 1840 2830 1937 2873; x_wconf 91' lang='lat' dir='ltr'><strong>loco</strong></span> <span class='ocrx_word' id='word_1_309' title='bbox 1968 2828 2097 2872; x_wconf 84' lang='lat' dir='ltr'><strong>nihili</strong></span> 
     </span>
     <span class='ocr_line' id='line_1_54' title="bbox 1240 2894 2093 2954; baseline -0.006 -13"><span class='ocrx_word' id='word_1_310' title='bbox 1240 2906 1329 2948; x_wconf 88' lang='lat' dir='ltr'><strong>est,</strong></span> <span class='ocrx_word' id='word_1_311' title='bbox 1363 2911 1631 2954; x_wconf 80' lang='lat' dir='ltr'><strong>quamquam</strong></span> <span class='ocrx_word' id='word_1_312' title='bbox 1659 2894 1844 2938; x_wconf 76' lang='lat' dir='ltr'><strong>minime</strong></span> <span class='ocrx_word' id='word_1_313' title='bbox 1872 2909 1945 2936; x_wconf 88' lang='lat' dir='ltr'><strong>me</strong></span> <span class='ocrx_word' id='word_1_314' title='bbox 1970 2909 2093 2950; x_wconf 82' lang='lat' dir='ltr'><strong>prae-</strong></span> 
     </span>
     <span class='ocr_line' id='line_1_55' title="bbox 1241 2961 2094 3018; baseline -0.004 -10"><span class='ocrx_word' id='word_1_315' title='bbox 1241 2965 1345 3008; x_wconf 84' lang='lat' dir='ltr'><strong>terit</strong></span> <span class='ocrx_word' id='word_1_316' title='bbox 1364 2964 1615 3007; x_wconf 77' lang='lat' dir='ltr'><strong>Maronian.</strong></span> <span class='ocrx_word' id='word_1_317' title='bbox 1640 2961 1747 3004; x_wconf 83' lang='lat' dir='ltr'><strong>illud</strong></span> <span class='ocrx_word' id='word_1_318' title='bbox 1768 2961 1822 3005; x_wconf 88' lang='lat' dir='ltr'><strong>de</strong></span> <span class='ocrx_word' id='word_1_319' title='bbox 1845 2961 1967 3018; x_wconf 80' lang='lat' dir='ltr'><strong>equis</strong></span> <span class='ocrx_word' id='word_1_320' title='bbox 1988 2961 2094 3005; x_wconf 87' lang='lat' dir='ltr'><strong>AEn.</strong></span> 
     </span>
     <span class='ocr_line' id='line_1_56' title="bbox 1242 3029 2097 3083; baseline -0.005 -10"><span class='ocrx_word' id='word_1_321' title='bbox 1242 3031 1308 3073; x_wconf 85' lang='lat' dir='ltr'><strong>XI</strong></span> <span class='ocrx_word' id='word_1_322' title='bbox 1313 3063 1324 3083; x_wconf 89' lang='lat'>,</span> <span class='ocrx_word' id='word_1_323' title='bbox 1341 3030 1422 3072; x_wconf 77' lang='lat'><strong>522</strong></span> <span class='ocrx_word' id='word_1_324' title='bbox 1438 3044 1448 3071; x_wconf 93' lang='lat'><strong>:</strong></span> <span class='ocrx_word' id='word_1_325' title='bbox 1464 3031 1612 3070; x_wconf 79' lang='lat' dir='ltr'><strong>mollia</strong></span> <span class='ocrx_word' id='word_1_326' title='bbox 1627 3030 1741 3070; x_wconf 85' lang='lat' dir='ltr'><strong>colla</strong></span> <span class='ocrx_word' id='word_1_327' title='bbox 1751 3029 1984 3082; x_wconf 79' lang='lat' dir='ltr'><strong>reflectunt:</strong></span> <span class='ocrx_word' id='word_1_328' title='bbox 1995 3043 2097 3070; x_wconf 85' lang='lat' dir='ltr'><strong>con·</strong></span> 
     </span>
     <span class='ocr_line' id='line_1_57' title="bbox 1243 3089 2098 3148; baseline -0.006 -11"><span class='ocrx_word' id='word_1_329' title='bbox 1243 3103 1310 3138; x_wconf 84' lang='lat' dir='ltr'><strong>tra</strong></span> <span class='ocrx_word' id='word_1_330' title='bbox 1320 3096 1554 3136; x_wconf 75' lang='lat' dir='ltr'><strong>durz&#39;ororis</strong></span> <span class='ocrx_word' id='word_1_331' title='bbox 1571 3108 1710 3148; x_wconf 81' lang='lat' dir='ltr'><strong>equus.</strong></span> <span class='ocrx_word' id='word_1_332' title='bbox 1730 3089 1861 3148; x_wconf 85' lang='lat' dir='ltr'><strong>Apud</strong></span> <span class='ocrx_word' id='word_1_333' title='bbox 1883 3090 2098 3134; x_wconf 84' lang='lat' dir='ltr'><strong>Nostrum</strong></span> 
     </span>
     <span class='ocr_line' id='line_1_58' title="bbox 1242 3156 2096 3211; baseline -0.007 -8"><span class='ocrx_word' id='word_1_334' title='bbox 1242 3157 1536 3208; x_wconf 79' lang='lat' dir='ltr'><strong>scribendum,</strong></span> <span class='ocrx_word' id='word_1_335' title='bbox 1558 3157 1641 3200; x_wconf 86' lang='lat' dir='ltr'><strong>nisi</strong></span> <span class='ocrx_word' id='word_1_336' title='bbox 1654 3157 1907 3211; x_wconf 75' lang='lat' dir='ltr'><strong>coniectura</strong></span> <span class='ocrx_word' id='word_1_337' title='bbox 1924 3171 1997 3198; x_wconf 88' lang='lat' dir='ltr'><strong>me</strong></span> <span class='ocrx_word' id='word_1_338' title='bbox 2013 3156 2096 3198; x_wconf 85' lang='lat' dir='ltr'><strong>sal-</strong></span> 
     </span>
     <span class='ocr_line' id='line_1_59' title="bbox 1241 3222 2102 3280; baseline -0.006 -11"><span class='ocrx_word' id='word_1_339' title='bbox 1241 3226 1292 3269; x_wconf 87' lang='lat' dir='ltr'><strong>lit</strong></span> <span class='ocrx_word' id='word_1_340' title='bbox 1308 3258 1320 3280; x_wconf 91' lang='lat'>‚</span> <span class='ocrx_word' id='word_1_341' title='bbox 1356 3226 1469 3267; x_wconf 82' lang='lat' dir='ltr'><strong>colla</strong></span> <span class='ocrx_word' id='word_1_342' title='bbox 1486 3226 1638 3279; x_wconf 81' lang='lat' dir='ltr'><strong>replere</strong></span> <span class='ocrx_word' id='word_1_343' title='bbox 1658 3239 1671 3265; x_wconf 92' lang='lat'><strong>.·</strong></span> <span class='ocrx_word' id='word_1_344' title='bbox 1691 3222 1778 3266; x_wconf 84' lang='lat' dir='ltr'><strong>sive</strong></span> <span class='ocrx_word' id='word_1_345' title='bbox 1801 3222 2018 3279; x_wconf 84' lang='lat' dir='ltr'><strong>passivum</strong></span> <span class='ocrx_word' id='word_1_346' title='bbox 2045 3222 2102 3265; x_wconf 83' lang='lat' dir='ltr'><strong>sit</strong></span> 
     </span>
     <span class='ocr_line' id='line_1_60' title="bbox 1243 3287 2102 3348; baseline -0.003 -15"><span class='ocrx_word' id='word_1_347' title='bbox 1243 3289 1467 3348; x_wconf 85' lang='lat' dir='ltr'><strong>graecismo</strong></span> <span class='ocrx_word' id='word_1_348' title='bbox 1490 3289 1649 3331; x_wconf 82' lang='lat' dir='ltr'><strong>usitato</strong></span> <span class='ocrx_word' id='word_1_349' title='bbox 1663 3321 1675 3342; x_wconf 86' lang='lat'>,</span> <span class='ocrx_word' id='word_1_350' title='bbox 1707 3288 1794 3331; x_wconf 82' lang='lat' dir='ltr'><strong>sive</strong></span> <span class='ocrx_word' id='word_1_351' title='bbox 1815 3287 2102 3331; x_wconf 82' lang='lat' dir='ltr'><strong>infinitivum.</strong></span> 
     </span>
     <span class='ocr_line' id='line_1_61' title="bbox 1244 3351 2100 3408; baseline -0.005 -12"><span class='ocrx_word' id='word_1_352' title='bbox 1244 3354 1413 3397; x_wconf 76' lang='lat' dir='ltr'><strong>HEINS.</strong></span> <span class='ocrx_word' id='word_1_353' title='bbox 1443 3355 1629 3395; x_wconf 61' lang='lat' dir='ltr'><strong>Emtlrslls·</strong></span> <span class='ocrx_word' id='word_1_354' title='bbox 1647 3352 1811 3408; x_wconf 84' lang='lat' dir='ltr'><strong>Regius</strong></span> <span class='ocrx_word' id='word_1_355' title='bbox 1832 3368 1842 3394; x_wconf 91' lang='lat'>:</span> <span class='ocrx_word' id='word_1_356' title='bbox 1862 3359 1979 3396; x_wconf 72' lang='lat' dir='ltr'><strong>certe</strong></span> <span class='ocrx_word' id='word_1_357' title='bbox 1987 3351 2100 3406; x_wconf 80' lang='lat' dir='ltr'><strong>susa</strong></span> 
     </span>
     <span class='ocr_line' id='line_1_62' title="bbox 1244 3416 2103 3473; baseline -0.003 -14"><span class='ocrx_word' id='word_1_358' title='bbox 1244 3422 1533 3473; x_wconf 75' lang='lat' dir='ltr'><strong>praecesserat.</strong></span> <span class='ocrx_word' id='word_1_359' title='bbox 1559 3417 1692 3459; x_wconf 88' lang='lat' dir='ltr'><strong>Forte</strong></span> <span class='ocrx_word' id='word_1_360' title='bbox 1709 3449 1721 3470; x_wconf 93' lang='lat'>‚</span> <span class='ocrx_word' id='word_1_361' title='bbox 1742 3419 1957 3459; x_wconf 70' lang='lat' dir='ltr'><strong>1‘mm125s12t.</strong></span> <span class='ocrx_word' id='word_1_362' title='bbox 1978 3416 2103 3459; x_wconf 82' lang='lat' dir='ltr'><strong>Colla</strong></span> 
     </span>
     <span class='ocr_line' id='line_1_63' title="bbox 1246 3482 1830 3538; baseline 0.003 -14"><span class='ocrx_word' id='word_1_363' title='bbox 1246 3483 1397 3538; x_wconf 76' lang='lat' dir='ltr'><strong>referre</strong></span> <span class='ocrx_word' id='word_1_364' title='bbox 1414 3482 1626 3527; x_wconf 84' lang='lat' dir='ltr'><strong>Bemens.</strong></span> <span class='ocrx_word' id='word_1_365' title='bbox 1647 3490 1691 3527; x_wconf 88' lang='lat' dir='ltr'><strong>et</strong></span> <span class='ocrx_word' id='word_1_366' title='bbox 1711 3482 1830 3526; x_wconf 71' lang='lat' dir='ltr'><strong>alius,</strong></span> 
     </span>
    </p>
   </div>
  </div>
 </body>
</html>
