2268 3776
286 300 396 353 386

740 299 804 350 P.
862 297 1162 353 OVIDII
1217 299 1597 358 NASONIS

361 415 663 476 Pulsantur
690 413 921 497 trepidi,
953 415 1118 477 corde
1146 417 1409 493 micante,
1440 420 1613 482 sinus.

278 514 514 594 Jamque
542 509 659 570 dies
687 510 904 572 medius
936 526 1129 574 tenues
1157 528 1507 576 contraxerat
1530 516 1758 579 umbras
1778 529 1807 592 ,'

357 614 535 693 Inque
564 609 687 692 pari
713 609 894 692 spatio
924 635 1120 694 vesper
1145 626 1201 672 et
1228 626 1384 672 ortus
1411 629 1600 675 erant:

273 712 415 769 Ecce
445 705 590 767 redit
621 705 900 789 Cephalus
931 706 1113 780 silvis,
1143 707 1393 791 Cyllenia
1421 709 1608 792 proles
1627 759 1644 785 ,

1973 736 2055 791 725

356 806 580 887 Oraque
608 803 840 900 fontana
862 803 1070 865 fervida
1098 805 1312 888 spargit
1340 830 1500 889 aqua.

271 903 483 975 Anxia,
511 900 727 973 Procri,
755 899 893 961 lates
918 926 931 961 ε
963 900 1155 962 solitas
1181 903 1328 984 jacet
1353 903 1448 965 ille
1478 928 1580 988 per
1605 905 1841 982 herbas3

349 1002 452 1073 Et,
482 997 720 1081 Zephyri
749 998 968 1070 molleS,
999 999 1292 1082 Auraque,
1319 1000 1485 1074 dixit,
1510 1001 1668 1063 ades!

267 1099 349 1157 Ut
374 1096 559 1179 patuit
584 1096 796 1157 miserae
820 1095 1100 1178 jucundus
1129 1098 1376 1159 nominis
1405 1123 1592 1172 error,

272 1248 298 1271 ,
348 1195 425 1254 Et
451 1218 634 1267 menS,
665 1209 721 1255 et
748 1194 914 1255 rediit
942 1218 1103 1255 verus
1132 1194 1192 1254 in
1221 1219 1318 1256 ora
1346 1195 1519 1257 color.

1972 1218 2052 1275 730

263 1290 484 1369 Surgit3
516 1305 573 1351 et
601 1290 885 1374 adpositas
915 1291 1124 1369 agitato
1157 1315 1394 1375 corpore
1416 1292 1641 1353 frondes

344 1388 558 1461 Movit,
589 1388 650 1447 in
679 1387 965 1471 amplexus
992 1412 1135 1448 uxor
1162 1389 1312 1450 itura
1338 1389 1459 1452 viri.

258 1485 359 1548 Ille
388 1486 560 1547 feram
586 1485 839 1546 sonuisse
866 1500 1044 1558 ratuS,
1066 1484 1385 1567 juveniliter
1412 1510 1599 1547 arcum

343 1591 591 1674 Corripit
614 1618 626 1651 :
652 1591 711 1650 in
743 1591 935 1652 dextra
962 1589 1070 1652 tela
1097 1590 1250 1652 fuere
1281 1615 1469 1652 manu.

261 1692 418 1773 Quid
443 1692 604 1767 facis,
636 1693 872 1755 infelix?
894 1718 1011 1754 non
1040 1708 1125 1754 est
1151 1683 1301 1755 fera:
1328 1693 1615 1778 supprime
1646 1693 1769 1754 tela.

260 1883 379 1926 tione
411 1881 605 1939 plerique
631 1894 641 1920 t
672 1882 863 1934 frustra3
894 1890 959 1925 est
988 1882 1110 1925 enim

261 1949 434 2005 elegans
457 1945 681 2003 adpositio.
714 1946 762 1990 Si
783 1945 889 2002 quid
909 1955 1080 1989 mutem
1094 1979 1106 1998 ,

260 2013 454 2069 legerem
468 2028 570 2055 cum
583 2010 712 2055 Grut.
727 2011 888 2054 codice.
904 2011 1073 2055 HEINS.

316 2096 406 2137 722.
425 2080 660 2120 Pulsantur
673 2079 844 2132 trepidi,
873 2079 997 2120 corde
1017 2081 1108 2119 mi—

259 2150 402 2196 cante,
419 2147 549 2186 sinus.
567 2144 614 2186 V
605 2147 881 2185 estemz’cante
892 2175 903 2197 ‚
918 2142 1109 2187 Moreti:

258 2213 381 2253 corde
391 2213 583 2253 tremente
593 2206 840 2250 multi.Vid.
849 2206 903 2250 ad
914 2207 994 2265 Ep.
1003 2210 1108 2262 1‚45.

313 2277 404 2333 725.
439 2277 554 2319 Ecce
572 2276 683 2317 redit
705 2273 940 2328 Cephalus,
965 2276 1108 2328 proles

261 2346 471 2402 Cyllenia,
495 2345 626 2386 sante.
652 2340 917 2394 Sciendum,
936 2339 1106 2396 prolem

262 2409 509 2469 Cylleniam
531 2424 554 2450 a
575 2415 704 2465 poeta
720 2405 805 2449 dici
827 2404 1075 2462 Cephalum
1093 2439 1106 2462 ‚

259 2494 310 2520 eo
346 2476 464 2532 quod
505 2491 529 2518 a
559 2472 820 2531 quibusdam
857 2472 1073 2516 Mercurii
1092 2506 1105 2528 ,

258 2558 389 2599 quem
404 2540 536 2598 vulgo
552 2539 806 2599 Cyllenium
818 2548 977 2582 vocant
994 2554 1103 2595 poe-

254 2618 308 2652 tae
332 2642 342 2662 ,
375 2606 490 2649 filius
508 2605 680 2648 habitus
701 2605 846 2648 suerit.
880 2603 1020 2660 Cujus
1040 2605 1104 2648 rei

253 2683 410 2720 testem
434 2671 666 2731 Hyginum
687 2670 832 2726 ipsum
855 2669 1067 2714 habemus
1089 2705 1101 2726 ,

254 2741 328 2797 qui
343 2755 433 2795 cap.
452 2740 528 2792 241
550 2736 604 2779 de
623 2735 673 2779 iis
688 2736 763 2792 qui
780 2736 987 2792 conjuges
1006 2754 1103 2780 suas

250 2803 521 2856 occiderunt,
536 2803 653 2845 inter
673 2809 840 2844 ceteros
862 2809 904 2844 et
925 2799 1101 2857 Cepha-

251 2870 343 2914 lum
366 2868 486 2912 hunc
504 2875 715 2911 recenset.
760 2868 967 2921 Cephalus
982 2901 991 2916 ,
1020 2867 1101 2909 in—

252 2936 406 2992 quiens
423 2968 433 2988 ,
455 2936 637 2977 Dez'onei
647 2932 729 2990 (ita
742 2933 862 2976 enim
873 2931 970 2988 lego
985 2964 997 2986 ,
1018 2948 1099 2989 pro

250 2996 448 3056 Deionis)
465 3004 551 3042 sive
565 2999 904 3055 snercuritfilius,
924 2998 1100 3045 Procriss

248 3071 339 3111 dem
360 3070 593 3110 Pandionis
603 3068 747 3123 filiam
767 3068 1001 3120 imprudens
1019 3074 1100 3108 etc.

251 3134 424 3177 BIICYL.
467 3132 658 3189 Scaliger
681 3164 693 3186 ,
732 3134 871 3185 proles
903 3132 1100 3173 Hellent'a

250 3197 522 3242 emendabat.
545 3196 666 3239 DAN.
688 3197 992 3240 HmnsSz‘lusze
1006 3198 1100 3252 Cyl-

250 3267 362 3305 lenia
381 3266 532 3317 proles.
563 3262 756 3318 Scaliger
780 3270 824 3304 et
847 3261 1098 3317 Leopardus

250 3327 429 3372 Miscell.
444 3328 515 3369 lib.
530 3326 637 3380 VII,
659 3343 750 3383 cap.
769 3339 934 3380 xxxnl,
956 3328 1099 3369 Helle-

246 3397 342 3439 ηία,
377 3392 428 3434 ab
451 3391 638 3434 Hellene
658 3425 669 3445 ,
702 3390 820 3433 AEoli
841 3399 960 3449 patre
977 3424 989 3446 ,
1022 3390 1098 3448 qui

250 3454 432 3512 Cephali
452 3471 637 3512 proavus
657 3456 800 3500 suerit.

2021 1713 2042 1735 f

1961 1714 2042 1769 73³

1249 1881 1342 1940 726.
1367 1882 1533 1937 Oraque
1538 1878 1729 1935 fonlana
1735 1880 1910 1937 fervida
1923 1897 2044 1937 spar-

1186 1951 1254 2003 git
1265 1964 1390 2003 aqua.
1407 1946 1567 2004 Scripti
1578 1946 1774 2004 plerique
1786 1963 1888 1990 cum
1900 1949 2041 2005 prima

1189 2010 1384 2054 editione
1400 2044 1412 2066 ,
1436 2014 1589 2067 pulsat
1609 2023 1622 2050 .·
1642 2010 1760 2067 quod
1789 2020 1833 2054 et
1850 2012 2041 2055 Zinzer-

1187 2075 1347 2134 lingius
1364 2111 1376 2132 ,
1397 2077 1445 2121 in
1463 2076 1739 2121 promulside
1766 2076 1930 2122 Critica
1943 2111 1955 2132 ,
1978 2089 2042 2123 est

1190 2141 1410 2198 amplexus
1428 2158 1437 2185 ς
1458 2158 1541 2185 nec
1559 2142 1716 2199 ignoro
1736 2142 1796 2185 sic
1817 2142 1914 2186 alibi
1928 2143 2042 2187 Ovi-

1190 2205 1314 2248 dium
1327 2205 1535 2250 locutum.
1551 2207 1684 2249 Forte
1692 2211 1849 2262 purgat
1866 2223 1880 2250 .·
1901 2223 1925 2250 a
1943 2208 2042 2264 pul-

1189 2289 1292 2317 vere
1314 2272 1491 2317 scilicet.
1510 2273 1674 2317 BURM.

1245 2354 1336 2396 727.
1371 2339 1543 2380 Solilas.
1574 2340 1618 2381 T
1609 2354 1755 2381 eneras
1787 2338 1931 2382 Vossii
1956 2354 2041 2382 co·-

1188 2401 1297 2455 dex;
1330 2411 1378 2445 ut
1397 2418 1508 2460 saepe
1534 2402 1650 2445 alibi.

1244 2486 1336 2529 729.
1349 2471 1572 2513 Jucundus
1587 2473 1768 2513 nominis
1784 2486 1906 2513 error.
1923 2468 2039 2514 Octo

1184 2534 1346 2591 scripti,
1358 2535 1568 2590 jucunde';
1586 2534 1662 2579 sed
1681 2535 1794 2578 male
1811 2534 1894 2578 :ita
1909 2568 1921 2588 ,
1938 2535 2038 2579 licet

1185 2600 1232 2642 iu
1253 2600 1334 2643 alia
1352 2616 1424 2655 re,
1451 2600 1606 2658 virgil.
1629 2599 1806 2644 AEneid.
1827 2615 1855 2643 x
1872 2633 1884 2654 ,
1906 2601 1985 2660 392
2008 2616 2019 2644 ε

1350 2692 1388 2703 ...
1412 2672 1598 2712 Gratusque
1609 2671 1797 2712 parentibus
1809 2682 1911 2702 error.

1241 2734 1335 2790 730.
1354 2734 1419 2774 Et
1432 2748 1548 2774 mens
1564 2738 1609 2774 el
1621 2735 1746 2775 rediit
1757 2748 1878 2775 verus
1892 2734 1938 2775 in
1960 2748 2034 2775 ora

1183 2800 1307 2840 color.
1321 2798 1373 2839 In
1389 2813 1458 2839 ore
1468 2795 1685 2839 sexdecim
1701 2796 1848 2853 scripti
1864 2809 1874 2835 :
1891 2813 2035 2840 versus

1183 2861 1273 2904 duo
1285 2878 1294 2904 ε
1305 2862 1551 2917 conjecerat
1559 2860 1663 2903 olim
1676 2866 1794 2904 vivus
1807 2862 2033 2916 Heinsius;

1181 2928 1255 2971 sed
1279 2928 1404 2970 male.
1427 2926 1542 2975 Vide
1563 2944 1678 2984 supr.
1700 2928 1752 2971 ad
1777 2928 1849 2972 lib.
1871 2929 1917 2984 I,
1940 2930 2006 2973 62.

1240 2993 1331 3050 733.
1352 2995 1432 3035 Ille
1441 2992 1582 3048 seram
1600 2998 1791 3037 sonuisse
1809 3000 1940 3037 talus.
1964 2997 2038 3039 Vi-

1181 3061 1294 3100 dtlrse
1313 3058 1490 3114 Regius,
1512 3066 1556 3100 et
1572 3074 1644 3101 sex
1658 3058 1741 3102 alii.
1759 3059 1928 3114 Scribo,
1943 3076 2035 3102 mo-

1183 3130 1290 3168 ollsse
1303 3125 1535 3182 :scriptum
1550 3126 1647 3181 suit,
1659 3128 1740 3169 Ille
1735 3127 1878 3182 seram
1886 3130 2034 3169 ovekse:

1181 3192 1340 3235 omisso
1362 3192 1497 3234 altero
1519 3208 1559 3233 m
1577 3205 1591 3241 ,·
1627 3192 1701 3248 qui
1721 3192 1926 3248 frequens
1952 3208 2034 3235 er·-

1180 3274 1256 3301 ror
1277 3258 1322 3301 in
1344 3258 1461 3301 libris
1486 3258 1689 3314 antiquis.
1713 3258 1885 3302 Ibidem
1907 3271 1917 3298 :
1940 3261 2032 3300 Ju-
2056 3259 2060 3260 ⁷

1179 3327 1366 3367 venililer
1372 3340 1514 3366 arcum
1532 3324 1719 3378 Corrt‘pz‘l.
1733 3324 1873 3367 Arcus
1884 3322 2031 3378 scripti

1179 3390 1395 3447 plerique,
1425 3406 1524 3433 cum
1543 3390 1682 3447 prima
1704 3389 1807 3434 edit.
1827 3406 1838 3433 ε
1866 3388 2027 3433 deinde

1180 3456 1365 3511 Art-thil,
1390 3466 1475 3500 tres
1496 3457 1656 3514 scripti.
1679 3458 1844 3502 HEms.
