2268 3776
543 301 930 358 AMORUM
976 304 1105 360 111.
1154 305 1400 364 ELEG.
1451 308 1610 366 V11.

1870 332 1886 365 1
1899 315 1986 388 89x

268 420 345 480 Et
372 417 613 480 medium
641 433 834 482 tenues
864 421 923 480 in
949 422 1105 503 jecur
1130 423 1245 502 egit
1270 428 1440 486 acus?
1918 448 1971 489 3.,

191 514 445 577 Carmine
471 513 596 578 laesa
625 517 792 579 Ceres
821 517 1065 581 sterilem
1094 521 1337 581 vanescit
1366 522 1425 587 in
1454 522 1712 584 herbam:

270 613 551 675 Deficiunt
579 613 716 676 laesae
747 616 983 678 carmine
1013 617 1188 679 fontis
1217 642 1403 702 aquae3

191 708 420 772 Ilicibus
450 710 708 790 glandes,
740 728 1064 799 cantataque
1093 714 1303 777 vitibus
1333 740 1435 776 uva

273 806 526 881 Decidit3
554 823 611 870 et
636 809 795 872 nullo
826 835 994 895 poma
1015 826 1268 874 movente
1298 811 1494 873 fluunt.

192 902 348 983 Quid
379 919 526 967 vetat
551 922 608 968 et
635 930 835 970 nervos
864 910 1103 990 magicas
1133 925 1353 994 torpere
1384 934 1483 994 per
1513 913 1698 972 artes?
1926 930 1981 972 35

271 1000 529 1064 Forsitan
557 1003 852 1089 impatiens
879 1008 953 1069 sit
981 1006 1128 1069 latus
1156 1006 1283 1068 inde
1312 1031 1512 1069 meum.

194 1097 321 1162 Huc
350 1099 538 1183 pudor
565 1102 793 1164 accessit
819 1127 831 1164 :
858 1103 987 1166 facti
1016 1104 1201 1188 pudor
1230 1104 1349 1189 ipse
1378 1105 1652 1168 nocebat:

274 1193 374 1257 Ille
403 1196 511 1259 fuit
538 1199 658 1259 vitii
688 1223 850 1262 causa
881 1201 1124 1263 secunda
1152 1201 1278 1263 mei.

191 1293 271 1355 At
299 1294 520 1378 qualem
548 1297 693 1372 vidi,
722 1297 940 1382 qualem
972 1299 1242 1383 tetigique
1270 1296 1515 1383 puellam
1540 1323 1553 1372 ;

280 1390 371 1453 Sic
402 1393 565 1456 etiam
596 1396 783 1458 tunica
812 1396 1060 1476 tangitur
1087 1397 1209 1481 ipsa
1238 1420 1353 1458 sua.
1936 1411 1990 1467 40

198 1485 357 1551 Illius
387 1490 456 1553 ad
486 1507 693 1555 tactum
722 1492 915 1578 Pylius
938 1494 1286 1577 juvenescere
1320 1492 1531 1577 possit,

200 1673 525 1734 interpretibus.
560 1676 797 1736 Duplicem
829 1679 1055 1725 defixionis

201 1740 380 1799 magice
408 1741 594 1787 modum
626 1760 650 1788 a
677 1744 851 1789 Nasone
873 1745 1055 1790 describi

202 1805 482 1851 observamus
497 1839 509 1863 ,
525 1823 611 1865 qua
626 1808 853 1854 absentem
869 1809 1056 1855 devove-

201 1869 310 1914 bant
341 1887 452 1929 sagae
484 1887 823 1931 quemcumque.
851 1873 1058 1918 Alterum

203 1935 335 1982 habes
364 1939 628 1999 Hypsipyles
653 1941 846 1999 Epistola
863 1955 912 1985 v1
929 1975 941 1997 ‚
971 1959 1021 2003 9¹
1042 1976 1055 1998 ,

202 2002 260 2049 de
285 2004 448 2051 Medea
471 2022 482 2052 ε
504 2008 693 2052 Devovet
713 2012 908 2053 absentes
928 2013 1058 2053 simu-

202 2071 400 2127 lacraque
414 2073 649 2131 cereafigit.
670 2072 874 2117 Alterum
895 2074 1058 2118 incan-

205 2135 390 2180 §amenti
409 2151 458 2180 ac
481 2139 712 2182 devotaban-
732 2154 869 2197 genus
883 2172 895 2195 ,
921 2156 1060 2196 quum

205 2198 372 2244 tabellis
380 2200 673 2247 inscribebant
688 2203 862 2248 illorum
873 2209 1058 2259 nomina,

208 2277 317 2320 quos
345 2263 508 2310 defixos
527 2282 577 2310 ac
597 2266 776 2312 devotos
798 2268 1058 2326 cupiebant,

209 2331 452 2390 eademque
473 2335 655 2379 nomina
677 2335 796 2393 pari,
827 2345 875 2379 ut
896 2335 1063 2380 dictum

211 2408 277 2443 est
292 2431 304 2454 ,
339 2399 475 2444 modo
499 2401 838 2457 confodiebant,
874 2412 947 2446 aut
968 2403 1063 2446 im-

212 2463 533 2520 precationibus
543 2465 764 2524 adscriptis
773 2466 1063 2521 devovebant,

214 2536 264 2571 ut
275 2543 356 2572 nos
367 2544 469 2573 mox
484 2529 739 2574 videbimus.
758 2531 955 2576 Tabellas
967 2547 1066 2575 cera

214 2596 348 2640 rubra
362 2630 373 2649 ,
396 2599 590 2642 Paem'cea
603 2630 616 2654 ,
637 2598 894 2655 plerumque
915 2597 1067 2642 oblitas

214 2662 344 2707 fuisse
372 2662 600 2719 discimus,
636 2681 688 2709 ex
715 2665 936 2709 Amorum
955 2665 1067 2710 libro

216 2728 361 2785 primo
379 2729 500 2788 Eleg.
523 2743 591 2774 xn
606 2763 618 2786 ,
648 2748 709 2774 ιι.

272 2793 339 2838 30.
356 2796 407 2838 In
414 2795 543 2850 Jecur
555 2803 673 2852 urget
688 2812 805 2840 acus.
821 2799 947 2853 Egit,
976 2814 1067 2842 me-

218 2855 348 2902 liores
367 2871 377 2899 ε
394 2859 564 2918 vulgata
582 2860 709 2905 lectio
725 2879 777 2905 ex
795 2862 931 2920 Epist.
948 2863 1068 2921 Hyp.

221 2925 497 2980 promanavit
511 2939 522 2966 ι

221 2999 371 3031 Devovet
382 2999 529 3032 absentes
541 3026 552 3041 ,
579 3001 814 3045 simulacraque
828 3014 919 3035 cerea
937 3002 1006 3044 figit
1018 3027 1029 3043 ,

266 3060 310 3091 Et
325 3060 480 3092 miserum
490 3067 602 3093 tenues
614 3063 647 3094 in
661 3063 753 3104 jecur
771 3071 867 3106 urget
878 3075 968 3095 acus.

229 3124 363 3170 Certe
395 3135 441 3170 et
460 3126 532 3170 hic
557 3127 642 3172 loci
666 3133 857 3172 miserum
877 3130 1004 3184 jecur
1026 3131 1075 3174 in

228 3191 451 3235 nonnullis
472 3191 651 3249 scriptis.
673 3194 733 3235 H.
764 3193 918 3236 Douza
936 3194 1075 3237 male-

227 3257 324 3312 bat,
342 3260 470 3308 ursit',
495 3265 543 3300 ut
557 3265 754 3314 tempora
772 3273 820 3301 ac
837 3256 958 3300 modi
975 3273 1075 3302 con·

230 3324 445 3368 venirent.

286 3392 352 3435 31.
386 3392 570 3435 SterHem
603 3394 795 3434 vanescit
822 3394 869 3432 in
898 3393 1076 3434 herbam.

242 3458 440 3500 Vanescit
468 3460 511 3499 in
543 3471 688 3498 auram
702 3488 712 3506 ‚
754 3455 782 3498 J
787 3455 877 3498 unii
914 3454 1075 3508 codex;

1138 1678 1257 1738 quod
1289 1695 1340 1723 ex
1371 1678 1569 1737 Epistola
1599 1690 1615 1719 1
1630 1709 1642 1731 ,
1682 1693 1734 1737 79
1756 1708 1768 1731 ,
1802 1689 1987 1732 proma-

1135 1747 1256 1791 navit
1275 1758 1285 1787 :
1305 1745 1466 1790 deinde
1485 1743 1696 1790 Scriverii
1714 1751 1758 1787 et
1788 1742 1990 1786 Franco-

1136 1810 1339 1854 surtensis
1355 1825 1365 1853 τ
1381 1815 1541 1853 tenuem
1556 1811 1747 1852 sanescat
1753 1810 1798 1850 in
1810 1808 1992 1849 herbam.

1139 1873 1247 1919 Mox
1269 1875 1520 1918 Puteaneus
1546 1880 1591 1916 et
1617 1870 1841 1915 Palatinus
1868 1868 1993 1926 opti-

1138 1955 1237 1983 mus
1252 1971 1265 1993 ,
1298 1941 1412 1988 lesi,
1445 1946 1495 1981 ut
1523 1935 1623 1980 Ald.
1654 1934 1823 1995 Gryph.
1857 1945 1901 1980 et
1925 1936 1993 1980 alii

1138 2005 1404 2060 ediderunt,
1435 2021 1518 2049 nec
1540 2020 1622 2047 nos
1649 2012 1820 2047 mutare
1844 2004 1994 2047 volui-—

1140 2089 1261 2128 mus,
1291 2073 1392 2130 quia
1415 2075 1525 2115 Iesae
1555 2074 1698 2115 Cereri
1714 2070 1995 2127 respondent.

1195 2138 1262 2192 34.
1277 2139 1444 2180 Ruunt.
1457 2134 1576 2179 Male
1591 2168 1603 2190 ,
1616 2137 1795 2186 cadunt,
1819 2134 1995 2191 plurimi

1142 2203 1326 2248 codices.

1197 2268 1263 2326 37.
1285 2269 1381 2310 Huc
1385 2269 1535 2323 pudor.
1552 2268 1666 2309 Huic
1673 2269 1812 2322 pudor
1818 2274 2002 2312 accessit

1130 2331 1259 2387 sacto
1274 2364 1287 2386 ,
1303 2331 1468 2374 Moreti
1485 2346 1611 2373 unus.
1628 2331 1830 2373 Accessit
1843 2365 1854 2382 ,
1871 2332 1998 2387 facto

1135 2402 1276 2454 pudor
1284 2402 1374 2454 ipse
1389 2401 1567 2441 nocebat
1579 2397 1793 2454 Neapolit.
1805 2407 1850 2442 et
1868 2398 1926 2442 ita
1939 2399 1998 2442 le-

1145 2463 1272 2520 gebat
1293 2461 1516 2506 Francius.
1534 2462 1632 2504 Huc
1637 2464 1776 2515 pudor
1790 2467 1999 2505 accessit:

1134 2529 1404 2585 factipudor
1419 2532 1510 2582 1‘p5e
1526 2529 1709 2570 nocebat
1724 2525 1894 2586 Gryph.
1912 2527 2001 2571 Mi-

1146 2592 1281 2653 cyllus
1301 2601 1345 2637 et
1363 2592 1458 2646 alii3
1482 2600 1610 2648 atque
1631 2591 1691 2635 sic
1710 2592 1877 2649 primus
1895 2592 2003 2635 Mo-

1146 2661 1257 2713 reti3
1284 2659 1401 2718 quod
1426 2675 1509 2704 nec
1532 2659 1641 2702 mihi
1661 2658 1869 2716 displicet.
1893 2659 1945 2702 Β.

1202 2728 1270 2788 39.
1293 2729 1360 2772 At
1375 2730 1538 2784 qualem
1560 2729 1671 2775 vidi,
1694 2728 1872 2781 qualem.
1902 2727 2008 2768 Vidi

1149 2801 1309 2839 tantum
1321 2829 1332 2845 ‚
1355 2796 1605 2839 Puteaneus
1623 2809 1670 2837 ac
1688 2790 1975 2836 Arundelian.
1989 2825 2001 2847 ‚

1149 2876 1252 2905 cum
1275 2860 1413 2904 tribus
1430 2858 1596 2902 Moreti
1614 2866 1658 2900 et
1678 2857 1770 2899 aliis
1787 2856 1970 2900 duobus.

1206 2927 1254 2979 41
1262 2957 1272 2966 .
1287 2927 1412 2967 Illius
1421 2925 1484 2966 ad
1487 2928 1657 2965 tactum.
1670 2921 1848 2965 Rectius
1860 2921 1907 2963 in
1917 2937 2006 2964 ma·

1151 2990 1382 3047 nuscriptis
1397 2987 1711 3044 exemplaribus
1724 2986 1883 3044 legitur
1896 3020 1907 3041 ,
1920 2989 2007 3030 At-

1154 3063 1270 3100 tactu
1283 3091 1293 3107 ,
1321 3065 1369 3099 ut
1387 3070 1527 3098 unum
1542 3054 1596 3097 sit
1613 3054 1810 3097 verbum.
1830 3056 1897 3098 At
1912 3061 2008 3097 tac-

1154 3131 1240 3168 tum
1258 3125 1510 3168 Puteaneus
1523 3155 1535 3176 ‚
1554 3131 1598 3165 et
1604 3127 1769 3177 possa,
1795 3132 1839 3166 et
1864 3125 2010 3166 Titho-

1154 3208 1308 3248 nosque
1330 3206 1410 3247 pro
1448 3191 1739 3245 Tithonusque.
1775 3191 1856 3233 Ad
1870 3197 2010 3233 tactus

1157 3257 1384 3301 Barberin.
1405 3256 1590 3312 Elegans
1614 3256 1683 3300 ille
1707 3273 1809 3299 usus
1834 3273 2006 3314 praepo-

1157 3321 1323 3365 sitionis
1334 3323 1407 3373 ad‚·
1422 3318 1466 3362 id
1478 3329 1557 3374 est,
1567 3336 1699 3376 quam
1714 3321 1905 3377 primum
1919 3327 2013 3362 tan·

1155 3395 1278 3444 geret.
1289 3389 1507 3446 —Iyliun
1519 3390 1664 3430 Pelius
1680 3388 1918 3439 Palatinus;
1930 3389 2012 3430 Pe-

1160 3456 1248 3495 leus
1258 3451 1531 3494 Francosurt.
1546 3450 1622 3494 sed
1632 3451 1868 3508 legendum
1878 3460 1983 3508 puto
1996 3484 2009 3504 ‚
