2268 3776
576 301 968 360 AMORUM
1010 302 1060 357 Ι.
1113 299 1357 357 ELEG.
1416 300 1614 357 XIII.
1920 302 1988 358 61

301 420 482 482 Unius
511 434 576 480 ut
602 420 758 480 verbi
790 417 1019 498 grandia
1047 416 1244 478 damna
1274 416 1428 478 serat.
1943 450 1996 477 ιω

219 519 333 579 Nec
364 531 424 578 tu
454 515 758 589 causidico,
790 539 892 576 nec
923 530 984 575 tu
1009 512 1254 596 jucunda
1277 512 1485 574 diserto
1512 534 1527 571 z

303 614 539 694 Cogitur
567 614 635 676 ad
663 613 788 674 lites
819 635 1042 691 surgere
1071 625 1303 694 uterque
1333 631 1522 669 novas.

219 713 333 784 Tu,
365 734 536 795 quum
565 709 808 772 soeminei
833 708 1055 794 possint
1081 729 1289 769 cessare
1317 703 1568 778 labores,

300 807 598 869 Lanificam
628 831 848 869 revocas
874 806 940 866 ad
973 830 1072 866 sua
1100 827 1274 889 pensa
1301 826 1542 863 manum.

222 904 424 966 Omnia
454 920 806 988 perpeterer:
831 902 926 964 scd
958 924 1180 980 surgere
1208 923 1366 961 mane
1395 897 1608 983 puellas
1943 917 1997 961 αἴ,

303 1000 480 1082 Quis,
511 1000 620 1061 nisi
653 1000 740 1061 cui
770 1023 885 1060 non
915 1012 998 1059 est
1023 996 1136 1058 ulla
1165 994 1380 1080 puella,
1415 994 1595 1056 serat?

223 1099 432 1183 Optavi
464 1099 717 1183 quotieS‚
750 1122 818 1159 ne
848 1120 961 1157 nox
997 1094 1100 1155 tibi
1131 1092 1320 1155 cedere
1350 1090 1540 1166 vellet;

309 1198 432 1257 Neu
461 1195 720 1275 sugerent
746 1193 933 1255 vultus
960 1192 1139 1253 sidera
1165 1204 1315 1252 mota
1346 1190 1501 1250 tuos!

221 1291 428 1376 Optavi
459 1292 703 1375 quoties,
734 1305 830 1352 aut
856 1303 1054 1351 ventus
1080 1287 1357 1367 frangeret
1386 1309 1570 1358 axem,

303 1389 421 1451 Aut
445 1389 664 1451 caderet
693 1388 870 1472 spissa
898 1386 1049 1447 nube
1078 1398 1327 1446 retentus
1355 1384 1561 1467 equus!
1947 1398 2002 1443 3ο

222 1485 443 1562 Invida,
477 1511 591 1570 quo
621 1486 930 1570 properas?
960 1483 1113 1567 quod
1143 1496 1261 1543 erat
1288 1480 1392 1540 tibi
1421 1478 1570 1540 filius
1596 1491 1742 1551 ater,
1772 1516 1775 1519 -

306 1584 548 1646 Materni
574 1583 754 1645 fuerat
777 1581 1022 1666 pectoris
1052 1578 1144 1640 ille
1177 1577 1348 1639 color.

227 1679 420 1762 Quid?
449 1680 496 1743 si
521 1704 637 1741 non
669 1677 901 1763 Cephali
932 1676 1213 1761 quondam
1235 1673 1519 1752 flagrasset
1546 1694 1728 1733 amore
1748 1717 1766 1743 ‚

224 1839 374 1869 sensus
394 1823 515 1868 enim
532 1822 724 1875 lucidus;
748 1830 793 1867 et
813 1838 864 1866 ex
881 1836 935 1865 eo
955 1818 1075 1878 quod

224 1888 423 1946 sequitur
440 1921 453 1944 ,
501 1888 633 1933 etiam
669 1887 838 1932 clarior.
880 1888 1077 1930 Grandia

226 1954 385 2011 quippe
405 1952 695 2010 damnaserai
707 1968 880 1996 necesse
896 1959 985 2006 est,
1007 1949 1076 1994 vel

224 2022 348 2062 anim
368 2021 506 2070 verbi,
537 2018 610 2075 qui
629 2033 826 2074 sponsum
846 2025 1047 2060 evocatus
1062 2048 1075 2072 ,

224 2100 317 2129 non
340 2100 527 2143 praesens
552 2083 662 2128 adsit
681 2099 968 2143 responsurus
988 2082 1076 2127 ad-

225 2149 403 2207 pellanti
423 2150 741 2208 jurisconsulto.

282 2232 347 2260 21.
370 2217 459 2260 Nec
473 2221 519 2260 tu
536 2218 743 2260 consulto.
763 2212 968 2259 offendit
984 2213 1077 2258 haee

224 2293 309 2324 vox
342 2279 576 2325 Heinsium
602 2314 614 2336 ,
655 2289 700 2324 et
719 2280 934 2338 praeeipue
958 2279 1078 2323 huuc

228 2341 406 2388 adduxit
417 2377 430 2400 ,
451 2353 501 2388 ut
513 2344 727 2402 distichon
744 2342 992 2401 praecedens
1007 2342 1079 2385 in-

228 2406 431 2462 ducet-en
451 2409 528 2457 sed
542 2410 654 2453 salva
673 2425 742 2453 res
763 2418 852 2453 est:
868 2407 1079 2452 succurrit

229 2472 363 2517 codex
373 2474 639 2518 Barberinus
650 2507 662 2529 ‚
673 2475 746 2531 qui
758 2474 917 2519 diserte
931 2474 1077 2517 habet:

228 2543 300 2575 Neo
315 2550 353 2574 tu
369 2543 553 2583 causidico,
567 2555 625 2575 nec
643 2554 677 2575 nu
694 2545 840 2586 jucunda
854 2545 987 2576 diserto.

233 2603 298 2649 Ut
327 2605 386 2649 ita
414 2605 605 2650 diversos
633 2606 759 2650 saciat
791 2608 1031 2650 causidicos
1053 2623 1078 2650 a

228 2675 434 2715 consultis
453 2705 465 2723 ‚
501 2672 695 2729 patronis
731 2681 776 2716 et
809 2674 1079 2728 oratoribus;

230 2744 274 2780 et
313 2735 471 2780 dicitur
519 2737 590 2781 hic
625 2746 808 2795 uterque
850 2741 915 2781 ad
950 2756 1082 2782 novas

226 2801 327 2844 lites
344 2817 535 2857 surgere,
574 2802 673 2859 quia
691 2801 885 2858 quotidie
908 2802 1009 2846 alias
1038 2813 1082 2847 et

230 2880 364 2910 novas
373 2866 598 2910 clientium
609 2884 756 2912 causas
767 2876 916 2926 agunt.
937 2868 1084 2911 Maxi-

230 2945 304 2974 me
331 2929 418 2975 hnc
437 2932 537 2976 sacit
558 2933 735 2977 Martia!
752 2965 765 2990 ,
802 2933 873 2978 lib.
895 2948 914 2976 1
931 2966 943 2989 ,
973 2933 1084 2990 Epi-

233 3010 370 3051 gram.
389 2997 443 3055 98
463 3008 476 3036 t

231 3071 346 3113 Quum
362 3073 502 3110 clamant
515 3083 626 3105 omnes
640 3098 651 3113 ‚
673 3074 816 3117 loqueris
840 3080 877 3105 tu
886 3098 899 3114 ,
929 3073 1083 3113 Navole,

338 3143 465 3175 semper
475 3157 487 3174 ,

272 3195 317 3227 Et
335 3202 365 3226 te
379 3201 551 3236 patronum
566 3195 834 3238 causidicumque
848 3202 964 3237 put-³3

232 3260 308 3305 ubi
335 3259 559 3318 distinguit
592 3269 829 3318 patronum
856 3269 902 3305 et
935 3260 1085 3315 causi-

235 3326 395 3371 dicum.
418 3327 580 3370 BURM.

289 3393 354 3436 23.
386 3394 449 3436 Tu
466 3409 520 3435 ne
525 3392 724 3448 feminei
728 3395 903 3447 possin!
921 3407 1087 3436 cessare

235 3460 396 3502 lacerti.
417 3458 671 3504 Puteaneus
692 3465 737 3500 et
759 3465 847 3502 tres
867 3456 938 3501 alii
959 3472 971 3499 ε

1154 1831 1250 1863 ‘runc
1265 1841 1369 1873 quun
1385 1828 1529 1861 (enimi
1547 1828 1671 1869 pos-iat
1687 1837 1812 1859 cesare
1830 1824 1971 1859 labores.

1158 1891 1243 1936 Alii
1259 1891 1420 1949 plures,
1444 1891 1507 1933 Tu
1523 1906 1645 1946 quum
1662 1901 1675 1927 .·
1695 1891 1861 1931 labores
1875 1887 2010 1931 etiam

1156 1965 1222 2001 est
1251 1957 1295 2000 in
1319 1953 1634 2000 Arundeliano.
1665 1952 1826 1996 Tibuil.
1843 1967 1907 2008 11,
1943 1951 2012 1996 ΕΙ.

1157 2036 1200 2077 ι,
1225 2022 1309 2065 63;

1157 2091 1246 2123 Hine
1254 2098 1284 2122 ει
1294 2090 1463 2122 semineus
1471 2088 1562 2121 {thor
1569 2087 1715 2129 esuhiue
1725 2088 2012 2129 pens-‚colmam

1159 2152 1256 2210 Ego
1284 2168 1459 2210 quoque
1488 2150 1628 2208 aptius
1655 2152 1843 2199 labores,
1878 2163 2012 2205 quam

1158 2222 1363 2267 lacertos,
1388 2216 1471 2260 dici
1493 2224 1612 2272 puto.
1629 2214 1792 2257 Bunm.

1215 2285 1281 2326 28.
1295 2281 1591 2336 Neusugeoent
1597 2281 1740 2321 vultus
1745 2279 1888 2321 sidem
1898 2282 2016 2320 mola

1157 2353 1265 2391 tuos.
1286 2348 1375 2390 Pro
1387 2348 1528 2388 sidem
1540 2349 1657 2386 mota
1670 2377 1681 2394 ‚
1706 2342 1885 2399 quidam
1901 2343 2015 2397 ‚jus-

1158 2431 1211 2458 sa
1230 2426 1243 2453 .·
1277 2414 1388 2456 sorte
1403 2445 1416 2466 ,
1447 2426 1527 2468 pro
1540 2413 1696 2466 pulsa,·
1733 2418 1783 2453 ut
1809 2425 1860 2452 ea
1880 2409 2015 2451 verba

1159 2479 1348 2522 vidimus
1366 2484 1612 2535 permutata
1627 2507 1640 2530 ,
1672 2474 1752 2531 Ep.
1783 2487 1851 2517 xn
1869 2507 1881 2528 ,
1911 2474 1986 2517 135
2005 2490 2016 2517 ε

1160 2543 1267 2587 alius
1281 2576 1294 2598 ,
1315 2547 1429 2585 noia.
1446 2540 1612 2584 Moreti
1627 2573 1639 2594 ,
1659 2544 1805 2582 tacta:
1823 2538 1900 2582 sed
1922 2553 2016 2580 om·

1159 2626 1238 2653 nes
1264 2609 1436 2652 frustra.
1477 2607 1626 2662 Hujus
1655 2613 1699 2648 et
1729 2603 2016 2661 praecedentis

1162 2664 1312 2718 versus
1326 2673 1447 2717 color
1462 2671 1618 2715 ductus
1630 2687 1654 2714 a
1669 2687 1716 2713 re
1732 2670 1908 2712 militari
1926 2677 2016 2723 est,

1160 2742 1208 2785 in
1230 2755 1315 2795 qua
1335 2741 1481 2782 cedem
1494 2771 1504 2787 ‚
1516 2736 1671 2792 sugere
1685 2769 1695 2786 ,
1720 2739 1877 2778 moeen'
1891 2737 1986 2776 Ioco
2004 2766 2017 2785 ,

1165 2805 1325 2850 dicitur
1349 2804 1573 2849 exercitus.
1599 2804 1765 2846 Bunm.
1787 2825 1842 2834 —
1869 2802 2018 2845 Sidera

1163 2877 1290 2915 mota.
1309 2870 1509 2914 Statione
1527 2884 1604 2911 sua
1621 2901 1632 2921 ,
1655 2867 1827 2911 scilicet.

1218 2937 1284 2979 δι.
1320 2938 1446 2990 Quod
1457 2939 1552 2977 emt
1568 2934 1770 2989 libifilius
1789 2937 1901 2981 ater,
1925 2946 2020 2973 ma·-

1165 3006 1280 3044 lemi
1294 3009 1375 3043 etc.
1410 3000 1598 3056 Nigrum
1622 2998 1869 3040 Memnona
1888 2996 2019 3039 fuisse

1163 3065 1268 3109 inde
1304 3059 1492 3121 colligit,
1529 3062 1645 3119 quod
1675 3063 1860 3104 Aurorae
1890 3052 2022 3103 matri

1158 3135 1311 3186 pectus
1332 3137 1479 3172 atrum
1503 3160 1515 3182 ,
1547 3127 1590 3170 id
1621 3135 1713 3181 est,
1746 3125 1894 3169 invido
1920 3124 2021 3167 selle

1165 3196 1400 3238 imbutum.

1221 3261 1287 3302 33.
1324 3260 1527 3314 QuidPsi
1535 3274 1618 3300 non
1639 3259 1906 3312 Cephalietc,
1922 3255 2023 3298 Nu·-

1166 3325 1279 3369 meri
1307 3323 1409 3367 huic
1442 3322 1626 3367 disticho
1657 3322 1854 3364 duriores
1886 3328 1989 3363 sunt
2006 3352 2019 3374 ,

1169 3405 1300 3447 quam
1323 3404 1432 3446 quos
1451 3404 1533 3446 pro
1553 3389 1639 3431 suis
1653 3386 1839 3431 Ovidius
1859 3385 2022 3428 admit-

1170 3463 1261 3509 ιρις
1298 3463 1342 3498 et
1377 3470 1482 3499 sane
1510 3454 1557 3496 in
1586 3453 1753 3510 optimo
1793 3453 2020 3497 Puteaneo
