2268 3776
590 319 978 376 AMORUM
1028 320 1077 374 Ι.
1133 320 1389 375 ELEG.
1441 320 1634 374 XIII.
1926 321 1999 394 ὃς)

302 437 554 523 Auspicii
580 461 842 500 numerus
868 462 987 499 non
1016 452 1131 500 erat
1155 437 1273 520 ipse
1303 437 1459 497 boni.

224 538 378 618 Quid
407 560 596 621 precer
621 536 832 598 iratus?
860 536 969 597 nisi
995 559 1094 597 vos
1124 534 1335 597 cariosa
1364 548 1616 595 senectus

301 632 519 707 Rodat,
554 646 610 693 et
636 631 925 693 immundo
951 656 1071 694 cera
1100 632 1174 694 sit
1199 630 1325 694 alba
1353 631 1497 693 situ!
1946 648 1999 691 30

758 912 1162 984 ELEGIA
1222 913 1460 984 XIII.

649 1188 711 1220 An
732 1187 967 1223 AURORAM
985 1213 998 1235 ,
1020 1193 1082 1223 ΠΕ
1103 1193 1291 1225 mutum
1316 1192 1570 1224 Pnonazr.

214 1290 271 1378 J
275 1332 370 1378 AM
399 1340 566 1401 super
596 1318 883 1382 Oceanum
907 1320 1060 1382 venit
1088 1345 1120 1382 a
1147 1321 1365 1384 seniore
1395 1321 1626 1393 marito,

296 1413 460 1476 Flava
487 1415 760 1500 pruinoso
792 1442 915 1502 quae
940 1417 1093 1479 vehit
1123 1442 1221 1479 axe
1251 1417 1413 1480 diem.

219 1510 351 1590 Quo
377 1535 671 1596 properas»,
704 1515 967 1575 Aurora?
992 1538 1153 1575 mane
1179 1539 1192 1574 z
1225 1515 1303 1575 sic
1334 1512 1659 1575 Memnonis
1686 1512 1902 1574 umbris

298 1609 503 1670 Annua
529 1608 763 1672 solemni
794 1610 937 1672 caede
967 1625 1222 1695 parentet
1243 1611 1374 1671 avis,

218 1703 381 1766 Nunc
406 1705 561 1788 juvat
586 1706 646 1766 in
676 1708 878 1769 teneris
906 1707 1142 1769 dominae
1166 1707 1401 1790 jacuisse
1431 1706 1648 1767 lacertis
1666 1753 1682 1778 ,
1978 1723 2003 1765 5

296 1800 359 1862 Si
391 1802 642 1886 quando,
671 1802 830 1865 lateri
855 1828 1004 1865 nunc
1032 1804 1177 1867 bene
1202 1805 1395 1888 juncta
1422 1828 1546 1866 meo
1579 1818 1678 1865 cst.

272 1975 288 2004 1
298 1994 308 2005 .
325 1963 429 2006 Jam
447 1979 577 2020 snper
595 1965 809 2009 Oceanum
821 1969 942 2009 venit
954 1982 984 2009 a
997 1981 1068 2010 sc-

212 2030 329 2073 m‘ooe
352 2032 516 2074 marei'o.
538 2030 727 2075 Numeri
752 2031 799 2075 in
826 2030 911 2075 hoc
938 2047 1067 2076 versu

213 2110 370 2151 parum
398 2104 502 2140 sunt
523 2096 763 2141 Nasoniani
784 2113 795 2141 :
821 2106 976 2141 metuo
1008 2113 1067 2142 ne

209 2160 366 2206 sciolus
385 2162 686 2220 interpolarit3
710 2179 845 2221 quare
869 2164 1066 2209 scriben-

214 2225 323 2273 dum
341 2243 500 2273 censeo
520 2244 531 2272 :

209 2295 285 2327 sm
300 2305 399 2339 nuper
412 2297 580 2329 Οοοιιιιιιιι
596 2298 687 2332 venit
707 2299 831 2331 seniore
843 2300 969 2333 relicto.

213 2355 288 2401 Sic
309 2356 357 2401 in
378 2357 516 2403 Fastis
535 2372 585 2403 Vl
601 2391 614 2413 ,
634 2360 715 2418 473
735 2372 746 2400 :

210 2426 285 2457 hm
295 2425 409 2469 Plu-yx
424 2438 444 2458 ι
454 2434 557 2470 nuptu
569 2429 715 2472 quereris
728 2429 871 2463 Tithono
886 2430 1043 2473 relinqui.

214 2486 276 2532 Et
295 2501 336 2543 1,
359 2487 437 2543 46ι
463 2505 473 2532 :

209 2561 363 2593 Proxima
377 2562 552 2605 prospiciet
565 2563 710 2598 Tithono
728 2571 833 2608 nupt·
847 2566 962 2599 relicto

250 2622 430 2656 thnim
444 2635 573 2657 accrum
591 2626 774 2668 pontificale
788 2628 869 2660 dea.

216 2681 276 2727 Et
295 2696 371 2741 ιν,
392 2685 474 2745 943
495 2698 506 2726 =

210 2761 295 2795 Cum
309 2760 449 2804 Phrygis
462 2761 602 2795 Anum:
605 2763 615 2794 i
631 2763 767 2797 Tithoni
758 2765 766 2772 '
769 2763 934 2796 ufir-atre
934 2763 998 2797 2011·
997 2772 1032 2797 ιο

251 2823 297 2854 Su
298 2829 352 2854 otu
353 2822 377 2854 li
379 2829 415 2854 t!
406 2823 565 2856 immenso
576 2832 609 2856 ιο
612 2826 775 2869 rjubnro
755 2826 863 2858 (nube
890 2839 959 2859 u.m

214 2881 349 2940 Apud
369 2884 609 2930 Maronem
638 2903 813 2945 quoque
845 2888 952 2932 AEn
983 2903 1034 2933 lv
1050 2921 1063 2945 ,

213 2950 387 3006 v.,585
407 2959 453 2995 et
468 2965 515 2995 1x
527 2953 678 3008 ,46ο·

209 3017 347 3051 'rithoin
334 3030 452 3053 luroce
455 3021 571 3054 ιιιιιὶἰιι
550 3023 741 3065 nuqmnsA
720 3035 816 3056 ιιοιι
829 3025 949 3056 οἰαιὼί
974 3026 1022 3057 Η.

215 3075 519 3125 Communem
539 3083 642 3127 viris
666 3084 715 3127 in
748 3094 840 3130 arte
869 3085 1066 3143 philolo-

211 3142 305 3199 gica
322 3144 392 3189 vel
407 3144 716 3205 celeberrimis,
737 3166 953 3205 errorem,
971 3167 1065 3195 non

208 3225 390 3285 possum
422 3212 528 3269 quin
560 3214 630 3260 hic
660 3216 806 3273 paucis
837 3217 1034 3261 refellam
1050 3250 1063 3273 ,

210 3274 286 3331 qui
315 3284 433 3320 totus
462 3277 508 3320 in
538 3277 622 3323 hoc
653 3289 852 3325 versatur
877 3283 1063 3339 scilicet,

211 3340 328 3397 quod
341 3343 523 3387 verbum
537 3345 672 3389 semel
685 3361 710 3388 a
721 3347 930 3404 scriptore
943 3364 1067 3392 usur—

209 3414 363 3462 patum
379 3441 391 3463 ,
412 3408 531 3452 idem
547 3426 724 3468 semper
737 3411 894 3456 debeat
913 3429 1067 3458 recur-

208 3485 303 3516 sare
318 3504 331 3528 ,
355 3473 492 3518 modo
512 3491 664 3521 sensus
682 3476 872 3534 postulet
888 3486 932 3522 et
953 3478 1063 3522 ordo

1147 1966 1391 2011 sententie.
1411 1966 1517 2024 Qua
1531 1983 1583 2011 ex
1600 1966 1719 2024 lege,
1740 1966 1773 2010 si
1789 1974 2001 2018 exstaret,

1149 2030 1339 2076 Ovidius
1352 2030 1594 2088 proesertim
1608 2038 1721 2075 esset
1732 2029 2002 2074 eximendus.

1202 2097 1242 2140 3.
1271 2100 1343 2142 sic
1361 2098 1601 2143 Memnona
1622 2099 1791 2140 umbras
1818 2103 1900 2139 etc.
1931 2094 2004 2139 Sic

1147 2162 1329 2221 quidem
1345 2164 1390 2208 in
1407 2164 1613 2209 omnihus
1626 2164 1717 2206 sere
1737 2160 2003 2205 editionibus

1145 2229 1333 2287 legitur,
1362 2245 1469 2287 quas
1487 2228 1588 2272 vidi.
1612 2229 1674 2273 At
1699 2227 1808 2271 mihi
1829 2226 2008 2270 videtur

1146 2299 1304 2340 ambul·
1322 2295 1562 2354 legendum
1577 2310 1669 2339 esse
1681 2327 1694 2349 ‚
1714 2293 1861 2337 dativo
1875 2306 1976 2337 casu
1994 2304 2005 2332 :

1147 2368 1197 2404 ut
1215 2361 1271 2405 sit
1291 2360 1431 2404 ordo:
1456 2361 1515 2406 sic
1535 2377 1679 2404 annua
1697 2363 1791 2404 aas}
1801 2365 2005 2417 patente!

1145 2429 1302 2471 umba&
1321 2427 1580 2471 Memnonis
1599 2429 1783 2470 solemni
1789 2427 1905 2470 cede
1919 2433 2001 2469 etc.

1146 2493 1264 2538 Nam
1278 2502 1324 2538 et
1338 2492 1498 2537 Cicero
1510 2492 1594 2536 hoc
1604 2492 1791 2535 verbum
1804 2507 1908 2535 cum
1922 2490 2003 2534 da-

1147 2559 1239 2604 tivo
1258 2559 1401 2616 junxit
1420 2570 1431 2599 t
1450 2567 1500 2603 ut
1519 2573 1601 2616 pro
1621 2557 1776 2602 Flacco
1792 2590 1805 2612 ‚
1829 2557 1905 2601 38:
1923 2558 2003 2600 Li-

1148 2630 1284 2668 tenus
1293 2640 1392 2680 ergo
1406 2626 1588 2668 Lentulo
1599 2656 1611 2678 ,
1631 2632 1915 2681 parentemus
1931 2625 2005 2666 Ce-

1147 2691 1283 2746 thego.
1315 2689 1376 2733 Et
1409 2690 1457 2733 in
1497 2689 1747 2732 Antonium
1782 2702 1870 2732 xm
1888 2722 1900 2743 ,
1928 2705 1974 2744 ¹7
1992 2704 2002 2731 ε

1146 2756 1382 2798 Dolabella
1400 2759 1733 2811 impetaton‘sao
1746 2753 2002 2811 parentavit.

1147 2819 1324 2863 MICYL.
1336 2843 1392 2853 —-
1408 2819 1667 2863 Memnonis
1686 2819 1877 2863 fabulam
1897 2834 2004 2861 nar-

1146 2892 1216 2927 rat
1236 2884 1425 2939 Noster,
1449 2885 1635 2928 Metam.
1655 2896 1744 2926 x111
1759 2915 1771 2937 ,
1804 2884 1897 2941 578.
1931 2882 2003 2926 Dc

1146 2950 1315 2994 ceteris
1333 2965 1431 3006 quae
1450 2949 1643 2993 fabulose
1654 2980 1667 3003 ‚
1681 2948 1748 2991 vel
1764 2949 1817 2992 ab
1828 2948 2006 2992 histori—

1146 3013 1207 3058 cis
1227 3023 1467 3058 narrantur
1482 3047 1494 3068 ,
1516 3013 1694 3056 vidend.
1715 3013 1830 3058 Plin.
1853 3029 1882 3057 x
1899 3047 1911 3069 ,
1935 3015 2002 3057 26.

1147 3081 1287 3125 Solin.
1311 3083 1379 3136 4ο.
1403 3080 1565 3123 AElian.
1591 3081 1652 3124 H.
1674 3080 1728 3124 Α.
1749 3082 1830 3125 Vl.
1858 3080 2003 3125 Strab.

1149 3161 1239 3192 xnr
1252 3181 1265 3203 ,
1287 3161 1400 3191 xvn.

1202 3216 1242 3259 6.
1261 3217 1498 3272 Siquando.
1517 3215 1565 3260 Si
1585 3215 1820 3273 aliquando
1833 3248 1845 3270 ‚
1866 3215 1901 3258 si
1917 3230 2005 3257 un-

1149 3298 1281 3339 quam
1302 3315 1314 3337 ,
1347 3282 1497 3340 supple
1516 3316 1529 3338 ‚
1566 3283 1680 3327 bene
1710 3284 1861 3340 juncta
1888 3281 1972 3324 fuit
1989 3315 2002 3334 ‚

1146 3366 1269 3393 nunc
1290 3358 1367 3393 cst.
1408 3350 1488 3394 Est
1506 3359 1655 3394 autem
1674 3348 1883 3406 loquendi
1903 3364 2004 3390 mo·—

1147 3415 1228 3458 dus
1244 3447 1256 3469 ,
1275 3430 1363 3471 quo
1374 3431 1495 3459 nunc
1509 3431 1686 3472 quoque
1701 3423 1902 3458 materna
1914 3414 2003 3457 lin-

1147 3496 1230 3537 gua
1252 3480 1480 3537 loquentes
1504 3481 1684 3524 utimur.
1707 3480 1839 3523 MAR.
