2268 3776
596 308 992 366 AMoRUM
1035 310 1121 365 11.
1180 311 1428 369 ELEG.
1485 313 1597 368 v1.
1921 340 1994 395 99

290 428 540 500 Dicitur,
572 425 847 487 obscoenae
874 448 989 509 quo
1020 424 1393 509 prohibentur
1422 450 1560 489 aves.

211 523 332 587 Illic
361 521 588 584 innocui
619 519 727 582 late
758 535 1065 604 pascuntur
1092 521 1275 584 olores
1301 547 1315 584 :

293 622 368 681 Et
394 619 550 679 vivax
579 616 846 691 Phoenix,
878 618 1041 680 unica
1068 643 1283 704 semper
1308 620 1437 680 avis.

212 713 464 800 Explicat
490 714 610 798 ipsa
636 737 762 775 suas
791 712 902 776 ales
934 715 971 775 J
975 714 1187 777 unonia
1214 737 1462 799 pennas:
1943 738 1997 781 55

292 811 500 875 Oscula
527 811 622 873 dat
651 810 857 895 cupido
888 810 1095 874 blanda
1120 811 1382 875 columba
1410 811 1564 873 mari.

209 910 484 973 Psittacus
510 909 609 972 has
640 909 808 982 inter,
837 894 1105 970 nemorali
1136 907 1262 971 sede
1291 922 1574 991 receptus,

292 1007 580 1069 Convertit
604 1005 856 1068 volucres
883 1006 941 1066 in
969 1029 1068 1067 sua
1097 1005 1266 1067 verba
1290 1005 1427 1088 pias.

211 1104 356 1166 Ossa
382 1104 520 1183 tegit
553 1102 801 1163 tumulus
823 1126 836 1174 ;
862 1100 1111 1163 tumulus
1141 1125 1246 1186 pro
1280 1125 1514 1184 corpore
1542 1125 1744 1186 parvus
1768 1151 1783 1177 ‚

290 1203 422 1283 Quo
450 1202 590 1286 lapis
621 1201 851 1279 exiguus
878 1223 981 1284 par
1011 1198 1119 1260 sibi
1142 1222 1359 1259 carmen
1387 1197 1560 1259 habet
1583 1224 1597 1259 ε
1940 1223 1996 1264 0„

209 1364 421 1411 amoeuius
436 1398 448 1421 ,
473 1380 606 1422 quam
618 1364 761 1408 brevis
771 1363 865 1408 haec
878 1362 1062 1419 descrip-

209 1430 271 1474 tio
290 1428 396 1484 loci,
432 1429 477 1472 in
499 1428 660 1485 campis
685 1427 841 1487 Elysiis
862 1427 942 1484 piis
962 1427 1062 1469 avi-

208 1485 289 1540 bus
308 1512 334 1540 a
347 1503 476 1552 poeta
495 1503 647 1538 nostro
661 1493 886 1551 adsignati.
901 1491 943 1535 It
957 1507 1063 1535 vero

211 1559 377 1604 Lesbioe
397 1574 557 1616 passer,
578 1557 755 1601 laudato
781 1555 932 1601 Carm.
953 1570 992 1601 11
1012 1572 1023 1600 :

417 1658 455 1669 ...
475 1637 537 1668 Per
550 1637 610 1667 iter
621 1635 856 1667 tenebricosum
865 1659 877 1675 ‚

253 1699 338 1732 Illuc
353 1699 436 1731 unde
451 1705 567 1740 negant
579 1698 682 1730 redire
694 1707 902 1740 quemquum-

256 1761 304 1794 Αἰ
317 1761 411 1793 vobis
422 1758 506 1791 male
521 1760 563 1791 sit
573 1782 584 1797 ,
597 1759 690 1790 mulne
704 1758 840 1790 tenebroe

255 1821 333 1854 Orci
340 1845 352 1860 ,
368 1831 440 1863 qun
452 1819 558 1852 omnin
571 1819 655 1851 bella
667 1817 841 1850 devoratis.

211 1909 267 1920 --
287 1887 420 1942 Nigm
444 1899 592 1928 nemus
621 1886 720 1926 ilice
737 1882 926 1938 fmndet.
964 1882 1061 1925 Fx-

208 1958 355 2008 cerpta
376 1948 596 2004 Poli'tiani,
614 1956 658 1992 et
679 1964 794 1992 unus
813 1947 1058 2004 Mediceus,

199 2017 434 2073 frondens,
467 2022 517 2058 ut
536 2013 590 2058 ad
618 2017 658 2060 τὲ
688 2019 796 2057 vitet
812 2014 1029 2058 reseratur
1048 2031 1063 2058 τ

209 2081 292 2125 nisi
305 2079 504 2138 sequenti
515 2094 654 2124 versu.
671 2079 810 2122 Uus‘da
823 2078 962 2134 malis,
977 2094 1059 2136 pro

214 2148 389 2204 Udaque
409 2163 423 2193 ε
441 2161 548 2190 nam
562 2160 676 2189 unus
695 2145 933 2190 Vaticanus
947 2177 962 2202 ,
991 2148 1061 2191 Vi-

211 2205 321 2258 ridass
340 2212 509 2256 Hums.

266 2279 332 2320 52.
365 2278 580 2320 Obscoenae
649 2290 764 2319 aves.
800 2274 1030 2320 Ominosae
1044 2309 1056 2332 ‚

211 2341 326 2384 mala
343 2339 657 2398 portendentes
678 2359 689 2393 ;
729 2349 779 2384 ut
807 2341 922 2398 apud
944 2342 1060 2386 Vir-

211 2405 363 2463 gilium
377 2403 574 2462 „Georg
593 2418 635 2459 1,
657 2407 739 2462 470
762 2421 772 2449 :

212 2474 430 2517 obscoeniquo
441 2484 535 2505 onnes
547 2497 558 2513 ‚
571 2474 829 2516 importunaeque
841 2475 1003 2507 uolucres.

268 2538 334 2580 55.
353 2538 563 2592 Explicat
570 2540 667 2591 ipsa
684 2552 786 2580 suas
799 2539 895 2580 ales
913 2539 1061 2580 ,Ιππο-

210 2604 286 2644 nia
295 2616 474 2656 pennas.
499 2601 642 2658 Atque
656 2616 759 2645 suas
771 2635 784 2654 ‚
820 2601 890 2645 alii
907 2601 1062 2646 multi:

211 2667 325 2711 sorte
345 2665 583 2731 legendum
603 2682 615 2711 ς

210 2736 362 2779 Explicat
375 2735 429 2767 hio
442 2735 543 2777 pictas
559 2735 626 2766 ales
645 2736 788 2768 Iunonia
802 2747 934 2778 pennas.

210 2795 296 2840 Vel
311 2827 324 2851 ,
344 2797 553 2852 Explttat
565 2801 613 2841 et
622 2812 783 2852 passas
792 2813 990 2854 pennas5
1010 2807 1061 2843 ut

211 2857 266 2903 de
279 2874 447 2916 pavone
461 2860 673 2905 Horatius
689 2894 701 2916 ,
721 2861 863 2906 Serm.
878 2876 915 2906 11
929 2895 941 2916 ,
967 2863 1057 2907 Sat.

209 2935 248 2966 11
258 2954 271 2977 ,
290 2923 344 2966 2ss
363 2939 375 2967 z
389 2926 518 2968 Picta
523 2928 696 2980 pandat
705 2930 951 2982 spectacula
962 2944 1061 2971 cau-

207 2990 290 3042 da‚·
319 2987 403 3031 tale
431 2989 536 3045 quid
567 2990 702 3035 latere
746 2992 957 3036 existimo.
997 2993 1056 3038 H.

209 3050 323 3096 Illud
343 3055 468 3109 atque
485 3068 536 3096 ex
556 3054 710 3099 ultima
728 3057 890 3115 syllaba
904 3066 971 3103 τοῦ
987 3074 1059 3101 ex-

201 3118 345 3171 plicat
360 3118 597 3174 repetitum
616 3120 698 3164 suit
720 3137 731 3164 ι
749 3122 956 3179 legerem,
972 3125 1060 3166 Ex·

200 3183 343 3235 plicat
358 3198 487 3238 usque
505 3199 621 3226 suas.
630 3184 840 3229 Francius
853 3187 1058 3244 mal-ebat,

208 3248 415 3302 Explicat
431 3264 530 3291 ecce
552 3265 667 3292 suas.
698 3250 874 3305 Spectat
895 3257 942 3294 et
958 3256 1060 3307 ‘tyna

209 3327 313 3355 suas
327 3345 338 3365 ‚
365 3312 532 3372 Micyll.
552 3322 596 3357 et
618 3314 788 3358 Bersm.
811 3314 1058 3375 ediderunt.

266 3377 331 3421 56.
354 3379 450 3421 Dat
457 3381 621 3433 cupido.
637 3374 797 3423 Os'cula
805 3383 957 3437 datque
965 3398 1055 3435 suo,

211 3442 310 3487 libri
319 3444 564 3499 sex;quod-n
571 3460 628 3488 on
637 3445 796 3508 invitus
806 3446 1057 3491 retinerem.

1202 1362 1268 1404 58.
1296 1362 1512 1404 Convertit
1524 1363 1713 1405 voluens
1726 1366 1772 1405 in
1785 1379 1865 1407 sua
1875 1367 2002 1409 verba

1138 1429 1254 1481 pt‘as.
1277 1425 1395 1468 Male
1412 1457 1424 1479 ‚
1458 1441 1514 1468 ne
1543 1425 1685 1469 dicam
1709 1427 1888 1473 ridicule
1911 1431 1998 1473 ad-

1145 1488 1360 1544 modum,
1398 1490 1471 1546 qui
1497 1493 1544 1532 in
1574 1506 1656 1534 sua
1687 1498 1799 1535 vota.
1836 1493 2000 1539 Sensus

1145 1553 1267 1596 enim
1283 1561 1348 1596 est
1374 1569 1384 1596 :
1405 1553 1644 1598 Psittacum
1668 1556 1711 1599 in
1732 1557 2000 1603 admiratio-

1145 1632 1251 1660 nem
1273 1618 1339 1662 sui
1359 1633 1458 1661 aves
1482 1651 1494 1673 ,
1520 1628 1616 1676 post
1636 1629 1826 1665 mortem
1846 1657 1857 1678 ,
1888 1641 2002 1667 con-

1145 1688 1311 1733 vertere,
1337 1691 1387 1726 ut
1403 1682 1606 1728 homines
1623 1685 1743 1730 vivus
1762 1687 1996 1742 alliciebat,

1144 1745 1386 1790 humanam
1405 1764 1557 1793 vocem
1581 1758 1668 1793 tam
1688 1751 1873 1796 solerter
1891 1754 2000 1797 imi-

1144 1810 1293 1854 tando.
1323 1810 1439 1855 Nam
1454 1846 1464 1863 ‚
1503 1820 1552 1855 ut
1572 1813 1630 1857 ait
1653 1815 1775 1874 Virg.
1798 1816 1901 1860 AEn.
1922 1832 1995 1874 vx,

1143 1875 1242 1932 655,
1257 1876 1372 1934 quod
1383 1876 1579 1921 studium
1593 1879 1660 1923 vel
1671 1896 1774 1925 cura
1784 1882 1997 1937 suitvivis,

1355 1950 1476 1981 Eadem
1491 1951 1639 1993 sequitur
1651 1951 1767 1983 tellure
1778 1962 1935 1995 repo-tos.

1198 2011 1263 2070 59.
1278 2011 1391 2053 Ossa
1399 2015 1507 2067 tegit
1513 2015 1713 2064 termulan
1724 2018 1908 2058 tumulus
1919 2026 2000 2061 etc.

1144 2074 1223 2120 Est
1236 2076 1406 2120 venusti
1427 2077 1574 2121 nescio
1595 2077 1700 2134 quid
1722 2087 1767 2122 et
1788 2096 1890 2123 vere
1909 2085 2000 2123 ele-

1137 2146 1268 2197 giaci,
1285 2157 1378 2185 non
1400 2142 1447 2185 in
1467 2143 1730 2199 repetitione
1751 2145 1887 2188 modo
1906 2163 1999 2189 ver-

1140 2205 1184 2248 bi
1199 2238 1211 2260 ,
1233 2205 1308 2249 sed
1343 2207 1443 2263 quia
1466 2207 1650 2250 verbum
1672 2208 1807 2251 verbo
1827 2243 1838 2263 ,
1876 2212 1997 2255 nullo

1141 2270 1365 2314 mediante
1381 2303 1394 2325 ‚
1414 2271 1548 2314 instat
1565 2272 1829 2328 proximum.
1843 2297 1899 2308 —
1913 2279 1998 2320 Pm

1141 2351 1310 2390 corpote
1323 2351 1493 2390 parvus.
1512 2337 1616 2379 Non
1630 2337 1665 2381 is
1686 2339 1760 2394 qui
1773 2356 1899 2383 avem
1917 2341 1997 2385 de-

1142 2408 1236 2444 ceat
1249 2433 1260 2455 ,
1281 2408 1350 2457 tot
1370 2400 1505 2445 titulis
1523 2404 1941 2450 commendandam.

1198 2465 1267 2508 60.
1295 2468 1388 2510 Par
1402 2469 1668 2511 sibicarmen
1685 2471 1825 2513 babet.
1858 2472 1995 2516 Recte

1141 2546 1331 2582 carmen,
1364 2528 1457 2574 non
1484 2549 1635 2576 nomen
1655 2551 1669 2577 .·
1699 2535 1776 2578 sed
1808 2537 1917 2581 nihil
1940 2539 1994 2582 ad

1141 2611 1239 2639 rem
1259 2597 1480 2654 Propertii
1494 2598 1638 2654 locus,
1657 2599 1727 2643 lib.
1740 2614 1795 2656 11,
1812 2602 1932 2661 Eleg.
1953 2619 1995 2660 1,

1141 2661 1194 2703 82
1214 2679 1224 2714 ς
1262 2661 1322 2705 sic
1340 2662 1462 2705 enim
1475 2663 1694 2722 legendus
1717 2682 1728 2709 :

1181 2731 1225 2762 Et
1239 2730 1336 2763 breve
1350 2731 1384 2764 in
1396 2733 1515 2774 exiguo
1529 2745 1690 2766 marmore
1705 2747 1824 2767 nornen
1845 2749 1911 2768 ero.

1139 2788 1246 2834 Non
1266 2798 1415 2834 autem
1428 2824 1441 2846 ,
1462 2800 1512 2835 ut
1528 2793 1623 2836 vult
1645 2794 1870 2850 Heinsius,
1887 2811 1995 2838 car-

1139 2871 1235 2898 men
1251 2861 1362 2909 en‘t5
1387 2857 1462 2913 qui
1480 2874 1630 2901 sensus
1652 2875 1676 2902 a
1696 2868 1848 2902 mente
1881 2876 1993 2904 auc—

1140 2922 1245 2966 toris
1278 2924 1464 2967 omnino
1502 2924 1679 2968 alienus.
1721 2918 1809 2968 Hic
1841 2936 1991 2970 autem

1140 3003 1222 3030 vox
1249 2989 1340 3045 ipsa
1364 3005 1532 3031 carmen
1563 2989 1726 3034 indicat
1747 3007 1895 3035 versus
1917 2995 1991 3049 qui

1140 3056 1312 3098 tumulo
1331 3056 1527 3112 inscripti
1544 3055 1763 3113 leguntur.
1799 3059 1994 3103 Praeive-

1140 3130 1208 3164 rat
1226 3130 1271 3164 et
1284 3119 1551 3177 Virgil.'Ecl.
1571 3135 1603 3165 v
1617 3155 1629 3174 ‚
1652 3123 1704 3176 42
1721 3139 1734 3164 .-

1140 3197 1184 3227 Et
1202 3197 1369 3228 tumulum
1389 3195 1486 3227 facite
1496 3219 1508 3235 ‚
1529 3202 1562 3226 et
1587 3198 1716 3228 tumulo
1744 3208 1843 3239 §ufer
1865 3198 1975 3230 addite

1264 3270 1400 3290 Carmen
1412 3274 1422 3290 .·

1141 3333 1163 3354 u
1177 3321 1323 3363 Daphnis
1337 3332 1394 3361 ego
1413 3321 1447 3352 in
1462 3322 1567 3365 sylvis
1576 3346 1587 3361 ,
1602 3329 1664 3353 ete.

1140 3386 1230 3426 Par
1243 3398 1348 3426 vero
1369 3399 1535 3426 carmen
1556 3393 1620 3427 est
1639 3384 1862 3441 inscriptio
1882 3385 1993 3428 bre-

1139 3448 1228 3503 vis,
1249 3452 1405 3503 exigua
1423 3457 1473 3491 ut
1494 3451 1605 3503 lapis
1625 3450 1713 3505 ipse
1736 3450 1906 3493 tumuli.
