2268 3776
269 300 383 369 414

733 302 797 352 P.
859 300 1151 356 OVIDII
1195 301 1570 359 NASONIS

346 417 511 478 Fallit
538 417 686 478 enim
714 415 922 477 multos
951 417 1129 478 forma
1163 420 1278 481 sine
1305 436 1419 482 arte
1452 421 1665 482 decens.
1965 442 2048 487 350

265 522 410 580 Tum
442 544 690 602 quoque,
719 543 890 602 quum
919 521 1121 604 positis
1152 545 1251 581 sua
1283 522 1515 585 collinet
1542 549 1640 586 ora
1668 527 1921 600 veneni5‚

344 623 435 683 Ad
463 622 700 683 dominae
731 623 944 697 vultus,
973 648 1073 684 nec
1102 624 1288 707 pudor
1316 626 1527 700 obstet,
1559 653 1665 690 eas.

266 726 544 809 Pyxidas
529 726 807 799 1nvenieS‚
837 741 892 787 et
919 751 1103 787 rerum
1131 726 1282 787 mille
1313 728 1564 803 colores3

344 831 419 888 Et
443 828 607 888 fluere
638 829 698 888 in
728 829 947 911 tepidos
983 852 1168 911 oesypa
1198 828 1354 912 lapsa
1380 830 1552 890 sinuS.

263 929 366 991 Illa
396 945 516 990 tuas
544 929 824 1003 redolent,
850 931 1094 1003 Phineu,
1124 931 1485 992 medicamina
1513 956 1727 993 mensas
1750 958 1762 993 :

1961 954 2043 996 355

344 1037 477 1095 Non
504 1033 670 1095 semel
694 1034 825 1095 hinc
858 1034 1146 1094 stomacho
1176 1058 1381 1096 nausea
1406 1036 1549 1096 facta
1576 1060 1717 1097 meo,

264 1157 441 1218 NUNC
472 1157 611 1231 tibi,
641 1182 763 1240 quae
790 1157 976 1218 medio
1002 1157 1236 1218 Veneris
1266 1172 1598 1240 praestentur
1626 1159 1685 1218 in
1713 1183 1819 1220 usu
1837 1207 1852 1233 ,

309 1282 313 1286 ⁴
342 1260 629 1344 Eloquar:
657 1285 721 1321 ex
752 1261 905 1321 omni
929 1275 1085 1343 parte
1110 1260 1389 1339 fugandus
1419 1285 1589 1321 amor.

264 1363 447 1424 Multa
475 1362 697 1446 quidem
727 1388 792 1424 ex
820 1362 931 1423 illis
959 1363 1146 1446 pudor
1175 1378 1259 1423 est
1285 1362 1422 1422 mihi
1454 1362 1658 1438 dicere3
1685 1363 1778 1424 sed
1804 1378 1866 1424 tu

343 1467 577 1545 Ingenio
606 1467 790 1528 verbis
820 1467 1048 1550 concipe
1076 1465 1239 1550 plura
1266 1466 1420 1526 meis.

1964 1487 2045 1529 360

260 1573 453 1655 Nuper
481 1571 628 1632 enim
656 1585 882 1631 nostros
914 1571 1141 1654 quidam
1165 1594 1414 1654 carpsere
1445 1567 1671 1630 libellos
1688 1616 1704 1643 ‚

342 1677 602 1755 Quorum
632 1699 861 1736 censura
888 1677 1056 1736 Musa
1081 1690 1340 1758 proterva
1370 1698 1490 1735 mea
1520 1689 1619 1735 est.

262 1778 583 1838 Dummodo
616 1779 693 1838 sic
722 1778 996 1860 placeam,
1027 1778 1158 1839 dum
1193 1792 1316 1838 toto
1345 1791 1533 1837 canter
1561 1776 1619 1836 in
1651 1777 1815 1848 orbe,

345 1879 519 1959 Quod
543 1879 692 1939 volet
719 1881 1048 1962 impugnent
1076 1904 1221 1941 unus
1251 1895 1306 1940 et
1335 1879 1472 1941 alter
1499 1902 1656 1962 opus.

261 1982 555 2060 Ingenium
586 1981 773 2060 magni
805 1981 1073 2042 detrectat
1099 1981 1243 2042 livor
1269 1981 1534 2042 Homeri:

319 2137 414 2180 350.
436 2137 588 2178 Forma
606 2139 698 2177 sine
708 2140 798 2176 arte
813 2137 975 2178 decens.
997 2135 1114 2178 Vide

267 2203 364 2246 Art.
381 2201 483 2245 Am.
494 2200 566 2244 lib.
587 2201 680 2254 III,
701 2216 809 2243 vers.
832 2201 913 2243 258
929 2233 940 2254 ,
960 2217 1010 2244 ex
1027 2217 1114 2257 quo

264 2267 361 2310 loco
391 2266 527 2308 etiam
559 2264 630 2308 hic
665 2265 875 2308 Francius
913 2265 1108 2317 volebat,

256 2339 423 2389 poiens.

319 2399 412 2442 351.
432 2398 680 2452 Compositis·
696 2412 776 2439 sua
792 2413 913 2452 quum
926 2400 1026 2440 linit
1038 2415 1113 2441 ora

263 2467 445 2507 venenis.
485 2463 731 2517 Compositis·
753 2477 875 2517 quum
895 2465 994 2504 linil
1011 2462 1113 2505 Re-

266 2530 374 2587 gius,
394 2535 597 2584 corrupte
619 2544 629 2570 z
651 2528 762 2571 sorte
778 2527 1033 2584 pro‘liverit:
1053 2529 1112 2571 ita

265 2594 388 2637 enim
399 2593 600 2635 dicebant
614 2608 788 2648 quoque
801 2601 970 2636 veteres
986 2626 998 2648 ‚
1018 2609 1112 2635 non

266 2662 410 2702 leverit
426 2656 761 2700 tantummodo:
782 2657 850 2700 vel
867 2690 878 2711 ,
901 2674 1024 2713 quum
1038 2675 1112 2712 po-

264 2730 362 2768 sitis
370 2740 450 2767 sua
460 2727 603 2768 levet-il
609 2740 684 2766 ora
698 2726 879 2766 venenis.
900 2725 1031 2777 Quum
1037 2740 1113 2778 po-

264 2797 363 2835 sitis
401 2807 480 2833 sua
509 2792 681 2833 collinet
708 2790 958 2832 Puteaneus
973 2822 984 2843 ,
1011 2805 1112 2832 cum

267 2857 460 2914 quinque
483 2854 572 2898 aliis
593 2871 603 2898 ε
625 2862 756 2897 recte.
777 2854 907 2897 Unus
922 2856 1110 2908 collige&

266 2921 384 2979 quod
405 2920 651 2978 proximum
670 2934 788 2961 vero.
803 2919 876 2962 Sic
890 2917 1004 2974 apud
1021 2919 1113 2961 Ho-

261 2986 426 3030 ratium
442 3019 454 3040 ‚
474 2985 544 3027 lib.
567 2985 614 3038 I,
638 2983 725 3028 Od.
746 2997 805 3027 xv
822 2999 832 3026 z
850 2985 993 3027 Crines
1003 2985 1112 3036 pul-

267 3069 355 3096 vere
374 3054 560 3094 collt'nes.
589 3052 840 3104 Compositis·
855 3065 977 3104 quum
993 3053 1117 3091 liniet

266 3134 342 3159 ora
355 3121 524 3159 venenis
540 3115 681 3172 prima
698 3114 800 3158 edit.
815 3147 827 3169 ,
854 3123 898 3156 et
914 3130 964 3156 ex
977 3114 1114 3170 scrip—

267 3182 319 3225 tis
342 3180 471 3223 multi
490 3193 499 3220 :
521 3196 614 3222 non
634 3180 747 3222 male
779 3196 802 3222 a
827 3182 1012 3222 liniendo
1027 3212 1038 3230 ‚
1079 3179 1114 3222 si

264 3245 334 3287 lex
352 3244 484 3287 metri
512 3243 555 3286 id
578 3245 724 3287 ferret.
750 3246 900 3286 posita
924 3257 1110 3294 venena;

269 3327 429 3368 nempe
452 3311 497 3353 in
517 3326 681 3354 mensa.
701 3310 864 3354 Luam.

323 3378 416 3420 352.
434 3378 513 3420 Ad
525 3379 700 3419 dominae
720 3380 870 3420 vultus.
906 3375 1113 3421 Heinsius

268 3443 373 3488 olim
391 3444 636 3499 conjecerat
657 3459 666 3485 ι

1961 1999 2045 2040 365

1236 2146 1293 2177 Ad
1307 2146 1472 2177 dominam
1489 2145 1613 2175 multus
1623 2168 1634 2182 ,
1646 2154 1706 2175 nec
1718 2145 1824 2185 pudor
1838 2143 1963 2182 obstet,
1981 2156 2045 2176 eaS.

1197 2206 1308 2263 Ego,
1326 2206 1361 2249 si
1376 2204 1481 2262 quid
1493 2204 1758 2247 mutandum
1774 2205 1842 2259 sit,
1858 2205 2047 2248 mallem:

1234 2275 1291 2305 Ad
1304 2274 1484 2313 dominam,
1498 2274 1618 2304 stultus
1631 2284 1690 2304 nec
1703 2273 1808 2314 pudor
1819 2273 1938 2312 obstet,
1951 2285 2018 2306 eas.

1248 2335 1342 2390 354.
1362 2334 1780 2390 Etfluere.Effluere‚
1796 2335 2049 2378 Puteaneus

1194 2419 1323 2458 unus,
1336 2411 1380 2446 et
1389 2402 1695 2456 Mazarinaem,
1707 2410 1751 2444 et
1762 2401 1851 2444 duo
1865 2402 1946 2446 alii.
1962 2404 2046 2447 De-

1182 2469 1314 2522 fluet‚
1349 2466 1524 2523 Regius.

1248 2533 1341 2590 357.
1380 2534 1524 2575 Medio
1561 2535 1982 2588 Veneritptoesic’mus
2003 2538 2047 2575 in

1193 2614 1285 2642 usu.
1316 2599 1482 2641 Medios
1501 2602 1546 2641 in
1566 2613 1668 2641 usus
1682 2631 1692 2649 ‚
1736 2599 1986 2642 Puteaneus
2003 2606 2047 2640 et

1195 2675 1383 2722 quatuor
1403 2665 1472 2708 alii
1493 2680 1504 2708 :
1515 2671 1765 2720 proestamus
1779 2665 1922 2719 idem,
1943 2680 2045 2707 cum

1194 2731 1340 2774 Jureti
1354 2731 1487 2782 libro;
1510 2729 1587 2773 sed
1603 2729 1893 2773 Farnesianus
1913 2745 2043 2781 unus,

1186 2802 1438 2851 proestentur
1453 2811 1466 2838 .·
1487 2794 1605 2851 quod
1623 2810 1794 2851 sequor.
1824 2795 1991 2837 HEINS.

1248 2861 1342 2916 364.
1379 2863 1516 2914 Quam
1534 2863 1647 2903 volet
1660 2865 1910 2916 impugnent.
1948 2862 2044 2903 Im—

1186 2931 1347 2981 pugnet
1373 2924 1568 2981 plerique
1600 2924 1760 2981 scripti.
1797 2925 1887 2967 Pro
1913 2925 2046 2978 Quam

1194 2994 1309 3034 vole!
1319 3023 1330 3045 ‚
1363 3006 1478 3034 unus
1500 3023 1512 3045 ,
1541 2992 1737 3044 Quolibet
1764 3006 1777 3033 ‚⁰
1806 3006 1920 3034 unus
1939 2990 2045 3033 item

1194 3054 1433 3109 Leidensis‚
1459 3057 1553 3110 Qua
1566 3059 1690 3099 valet.
1718 3055 1931 3112 Excerpta
1948 3056 2042 3097 Pu-

1194 3121 1338 3163 teanei
1359 3153 1370 3174 ,
1423 3122 1514 3175 Quo
1535 3122 1660 3163 volet.
1694 3120 1857 3177 Regius
1873 3152 1885 3174 ‚
1927 3120 2052 3173 Quod

1196 3189 1317 3228 volet.
1329 3185 1359 3228 J
1361 3202 1439 3228 ure
1445 3185 1474 3228 ti
1484 3194 1698 3242 excerpta,
1717 3187 1850 3239 Quum
1859 3185 2046 3228 volet.H.

1195 3251 1289 3307 Ego
1321 3267 1372 3293 ex
1390 3251 1578 3308 vestigiis
1597 3251 1693 3293 libri
1714 3250 1835 3294 istius
1854 3250 1900 3292 in
1922 3265 2008 3305 quo
2031 3281 2043 3302 ,

1194 3332 1276 3371 qua
1309 3318 1425 3357 valet
1439 3349 1449 3366 ‚
1485 3315 1677 3372 legerem
1709 3331 1791 3371 qua
1823 3320 1947 3370 patet
1958 3347 1967 3362 ‚
2001 3322 2045 3355 et

1196 3378 1249 3421 ad
1271 3379 1425 3421 orbem
1444 3380 1656 3421 referrem
1674 3397 1684 3430 3
1719 3379 1778 3421 ita
1799 3378 1919 3421 enim
1938 3393 2041 3420 sex-

1197 3444 1358 3487 centies
1378 3444 1539 3488 Noster
1558 3452 1600 3486 et
1621 3443 1689 3486 alii
1709 3452 1861 3499 poetae.
