2268 3776
274 305 383 383 394

753 312 815 364 P.
861 313 1165 369 OVIDII
1204 315 1577 373 NASONIS

348 430 432 488 Ne
455 443 666 510 pereat,
697 445 902 492 nostrae
931 434 1132 494 sentiat
1162 436 1293 496 artis
1325 461 1506 520 opem.

270 514 383 583 Cur
413 522 639 606 aliqui5‚
667 526 875 588 collum
903 527 1102 613 laqueo
1134 529 1375 591 nodatus
1398 532 1466 592 ab
1489 547 1637 606 arte,

348 621 397 678 E
427 621 582 681 trabe
611 623 840 684 sublimi
873 627 1027 687 triste
1055 627 1324 710 pependit
1354 631 1545 690 onus?

267 714 383 775 Cur
409 715 608 800 aliquis
633 720 816 798 rigido
842 722 989 782 fodit
1018 747 1115 782 sua
1142 723 1350 784 viscera
1375 723 1522 784 ferro
1548 726 1572 785 ?

344 813 615 875 Invidiam
646 818 838 892 caedis,
864 820 1014 902 pacis
1046 835 1285 893 amator,
1317 819 1508 880 habes.
2000 855 2054 883 20

266 908 413 987 Qui,
445 911 554 971 nisi
583 912 838 988 desierit,
870 917 1072 977 misero
1104 918 1388 1000 periturus
1418 941 1606 979 amore
1633 933 1749 990 est,

345 1007 614 1069 Desinat:
642 1026 698 1071 et
723 1011 865 1073 nulli
891 1013 1100 1074 funeris
1131 1029 1327 1075 auctor
1358 1015 1483 1075 eris,

262 1105 338 1163 Et
362 1128 503 1187 puer
527 1131 612 1180 es3
639 1133 741 1170 nec
772 1124 825 1171 te
858 1111 1162 1194 quidquam
1180 1157 1195 1184 ,
1225 1111 1335 1170 nisi
1363 1109 1553 1171 ludere
1571 1157 1586 1184 ,
1621 1125 1843 1194 oportet
1868 1137 1880 1170 :

345 1201 527 1276 Lude3
555 1204 751 1266 decent
779 1231 956 1268 annos
985 1206 1177 1269 mollia
1204 1231 1375 1287 regna
1407 1221 1552 1268 tuos.

264 1297 406 1357 Nam
434 1315 659 1382 poteras
690 1304 773 1364 uti
803 1305 969 1365 nudis
1000 1305 1073 1365 ad
1100 1304 1251 1365 bella
1280 1304 1532 1382 sagittis;
2005 1323 2060 1364 25

348 1397 454 1456 Sed
487 1413 582 1459 tua
611 1399 828 1461 letifero
862 1403 1135 1481 sanguine
1167 1401 1277 1463 tela
1304 1417 1509 1463 carent.

265 1493 513 1556 Vitricus
542 1511 596 1557 et
626 1497 824 1576 gladiis
855 1515 910 1561 et
939 1516 1099 1562 acuta
1129 1500 1356 1562 dimicet
1382 1500 1576 1572 hasta;

343 1593 420 1651 Et
442 1593 620 1653 victor
651 1596 828 1658 multa
852 1597 996 1659 caede
1025 1613 1287 1659 cruentus
1316 1611 1421 1659 eat.

263 1686 353 1745 Tu
381 1687 499 1748 cole
528 1705 801 1751 maternas
821 1739 836 1765 ‚
867 1708 992 1755 tuto
1023 1695 1232 1774 quibus
1261 1694 1503 1767 utimur,
1529 1706 1674 1754 artes
1697 1715 1711 1752 ε

346 1784 423 1843 Et
453 1809 686 1867 quarum
714 1787 850 1847 vitio
880 1786 1036 1848 nulla
1058 1787 1124 1848 fit
1153 1789 1295 1850 orba
1322 1812 1540 1872 parens.
2010 1809 2062 1849 30

266 1878 439 1942 Effice
468 1898 746 1944 nocturna
772 1884 1061 1963 frangatur
1084 1886 1254 1966 janua
1283 1885 1434 1959 rixa;

345 1981 421 2040 Et
448 1994 598 2058 tegat
629 1995 851 2041 ornatas
878 1980 1054 2042 multa
1083 2006 1294 2043 corona
1321 1982 1486 2043 fores.

266 2078 372 2137 Fac
402 2085 597 2137 coeant
624 2078 818 2138 furtim
843 2079 1072 2160 juvenes
1091 2127 1106 2152 ‚
1138 2080 1457 2163 timidaeque
1486 2079 1717 2163 puellae,

347 2174 642 2257 Verbaque
674 2175 806 2236 dent
836 2191 998 2237 cauto
1029 2176 1282 2260 qualibet
1311 2192 1427 2238 arte
1455 2177 1596 2237 viro,

329 2363 391 2403 17.
420 2348 506 2389 Cur
524 2350 680 2403 aliquis
703 2350 852 2404 laqueo
870 2351 1021 2392 collum
1044 2367 1132 2392 no·-

271 2415 398 2455 dalus
417 2419 594 2455 amator.
617 2414 734 2456 Collo
748 2416 936 2469 laqueum
951 2417 1135 2457 nodatus

269 2483 324 2522 ab
343 2484 452 2531 allo,
479 2481 730 2524 Puteaneus
749 2481 1129 2537 praestantissimus

268 2553 315 2587 et
329 2544 417 2587 duo
436 2545 518 2587 alii.
533 2545 693 2588 Scribit
709 2545 864 2588 Heius.
882 2579 894 2600 ,
916 2549 1063 2602 laqueo
1074 2548 1130 2588 ab

271 2616 364 2652 arlo
384 2623 396 2648 ί
414 2619 458 2653 et
472 2610 673 2666 sequenti
693 2626 821 2654 versu
835 2644 846 2665 ,
869 2613 913 2653 E
926 2615 1045 2655 trabe
1055 2627 1131 2654 su-

271 2679 400 2725 blimi,
423 2691 514 2718 non
534 2691 575 2718 a.
592 2675 708 2719 Nam
731 2682 897 2718 amator
907 2693 958 2719 ex
979 2677 1131 2720 Glossa

273 2739 474 2797 irrepsit:
491 2749 535 2783 et
551 2756 602 2783 ea
621 2756 703 2783 vox
723 2740 852 2796 paulo
868 2749 966 2796 post
981 2741 1130 2784 denuo

272 2806 484 2862 sequitur.
501 2807 687 2848 Pendere
702 2822 726 2848 e
744 2808 882 2857 trabe,
904 2807 1129 2862 quomodo

270 2873 453 2927 pendere
470 2887 494 2912 e
511 2873 641 2921 collo,
668 2879 713 2914 et
733 2869 901 2914 similia.

335 2953 351 2978 1
359 2952 397 2994 9.
389 2937 490 2978 .Cur
496 2938 651 2991 aliquis
658 2933 938 2990 rtgridofodial
946 2950 1026 2977 sua
1030 2951 1133 2990 pec-

276 3007 369 3044 tora
370 3001 503 3057 ferro
527 3004 703 3044 Viscera
714 3000 874 3044 rectius
887 3000 918 3043 J
920 3001 1034 3044 uret1
1054 3017 1130 3043 ex-

276 3076 446 3124 cerpta,
467 3084 571 3111 cum
590 3069 832 3111 Puteaneo.
856 3070 984 3111 Fodit
999 3067 1132 3111 etiam

276 3132 581 3186 scribendum,
606 3149 709 3177 cum
731 3142 920 3190 quatuor
939 3133 1105 3190 scriptis
1117 3165 1130 3188 ,

279 3198 507 3255 superiora
528 3199 752 3243 evincunt.

335 3281 399 3306 22.
415 3265 580 3307 Auctor
588 3268 681 3307 eris.
700 3264 834 3307 Forte
848 3297 860 3318 ,
875 3268 1024 3307 auctor
1037 3279 1125 3314 eas,

279 3337 329 3371 ut
350 3327 404 3370 ad
429 3326 699 3385 Cupidinem
726 3344 872 3372 sermo
895 3328 949 3372 sit
970 3341 980 3367 :
1006 3337 1050 3372 et
1074 3327 1134 3371 ita

278 3392 456 3435 mallem
478 3409 676 3451 quoque,
699 3410 801 3437 mox
815 3395 864 3452 37
884 3410 894 3436 ;
918 3399 1135 3437 contentus

281 3473 370 3502 eas.
405 3458 478 3503 Sic
496 3463 577 3514 crit
602 3474 683 3515 pro
703 3464 774 3503 eal
792 3493 804 3512 ,
837 3474 948 3503 vers.
971 3475 1021 3514 70
1045 3490 1058 3513 ,
1087 3457 1133 3499 in

1215 2351 1358 2408 Regio
1379 2350 1528 2394 codice
1549 2357 1644 2393 erat
1657 2382 1669 2403 ,
1702 2357 1749 2392 et
1768 2348 1933 2392 centies
1956 2349 2066 2392 alibi.

1271 2416 1337 2459 23.
1365 2418 1430 2459 Et
1437 2431 1547 2471 puer
1560 2431 1618 2457 es.
1641 2415 1754 2458 Nam
1766 2429 1876 2468 puer
1890 2430 1937 2456 es
1955 2430 2069 2457 unus

1214 2480 1371 2525 Heius.
1384 2482 1563 2536 Enpuer
1574 2494 1621 2522 cs
1635 2477 1854 2521 Mentelii.
1871 2479 1937 2521 At
1950 2478 2067 2521 alius.

1266 2547 1334 2601 24.
1347 2547 1516 2589 Decenl
1522 2560 1658 2587 annos
1668 2546 1815 2587 mollia
1826 2558 1954 2598 regna
1963 2549 2065 2586 tuos.

1213 2610 1287 2655 Sic
1315 2610 1576 2664 emendavi,
1599 2625 1682 2666 ope
1717 2607 1847 2651 unius
1869 2607 2068 2651 Vatican.

1213 2676 1286 2720 alii
1305 2676 1417 2720 male
1439 2676 1592 2732 legunt
1609 2707 1620 2729 ‚
1643 2677 1821 2716 animos.
1848 2671 1981 2715 Cxor.

1268 2759 1334 2799 27·
1367 2740 1587 2795 Morlffero
1608 2741 1776 2781 vulnere
1804 2739 1890 2779 tela
1912 2743 2066 2780 carent.

1213 2805 1374 2863 Scripti
1396 2820 1551 2847 omnes
1572 2801 1776 2850 meliores
1791 2833 1803 2855 ,
1829 2805 2033 2856 sanguine
2052 2818 2065 2844 .-

1213 2871 1355 2928 prima
1375 2868 1511 2913 editio
1531 2883 1634 2912 cum
1655 2882 1747 2909 uno
1766 2866 2037 2910 Farnesiano
2052 2901 2062 2917 ,

1207 2934 1375 2989 Ietifi’ro
1390 2936 1616 2988 sanguine,
1641 2940 1692 2975 ut
1716 2932 1831 2974 Fast.
1853 2945 1871 2973 1
1890 2963 1902 2984 ,
1932 2931 2011 2986 124
2032 2946 2042 2972 ι

1211 3004 1380 3046 Sanguine
1394 3003 1525 3046 lenset-0
1538 3008 1626 3033 totus
1642 3000 1834 3032 miscebitur
1846 2999 1946 3032 orbis.

1268 3081 1335 3123 29.
1365 3065 1541 3106 Urimur.
1576 3064 1718 3105 Uterrlc
1737 3060 1994 3105 Leidensis:
2023 3070 2066 3104 et

1214 3144 1317 3171 mox
1334 3162 1345 3184 ,
1361 3146 1384 3172 e
1397 3145 1568 3185 quarum
1589 3142 1602 3169 ,⁰
1615 3144 1670 3170 ex
1685 3143 1855 3184 quarum
1871 3125 2069 3170 Lincoln.

1213 3203 1258 3239 et
1272 3194 1482 3238 undecim
1497 3193 1569 3237 alii
1586 3210 1597 3246 ;
1620 3192 1698 3236 sed
1718 3192 1781 3236 nil
1798 3201 1936 3235 muta.

1269 3261 1335 3303 33.
1374 3261 1635 3314 Dim'daeque.
1677 3259 1721 3300 T
1713 3260 1940 3313 tepidaque
1968 3256 2069 3299 Pu-

1217 3333 1398 3368 teaneus
1417 3324 1572 3369 tertius
1590 3330 1635 3366 et
1654 3330 1742 3365 tres
1762 3321 1845 3364 alii.

1273 3390 1340 3444 34.
1380 3391 1594 3444 Verbaque
1613 3389 1715 3429 dent
1741 3390 1867 3428 cauto
1889 3385 2074 3440 qualibet

1215 3460 1306 3499 arla¹
1326 3458 1429 3499 viro.
1458 3454 1560 3499 Non
1586 3451 1750 3497 damno
1778 3449 1891 3493 hanc
1910 3447 2069 3493 lectio-
