2268 3776
426 475 575 560 .P.
645 364 1075 559 OVlDII
1143 468 1690 557 NASONIS

210 702 1297 815 REMEDIORUM
1375 701 1980 813 AMORIS

715 908 1037 1016 LIBE'R
1101 940 1471 1014 UNUS.*

210 1190 562 1279 LEGERAT
588 1218 756 1301 hujus
787 1218 967 1279 Amor
997 1216 1224 1279 titulum
1254 1240 1565 1303 nomenque
1595 1216 1802 1278 libeni:

279 1314 438 1377 Bella
464 1315 628 1389 mihi,
658 1315 819 1378 video
839 1364 853 1390 ‚
878 1315 1029 1377 bella
1055 1331 1350 1400 parantur,
1378 1317 1470 1378 ait.

206 1414 375 1474 Parce
406 1426 564 1474 tuum
589 1427 766 1474 vatem
797 1413 1018 1474 sceleris
1049 1413 1334 1486 damnare,
1365 1413 1621 1497 Cupido;

285 1509 516 1570 Tradita
547 1497 643 1593 {lui
674 1511 839 1572 toties
860 1559 875 1584 ,
909 1525 961 1572 te
994 1511 1131 1572 duce
1154 1558 1168 1583 ‚
1198 1511 1356 1590 signa
1386 1510 1504 1571 tuli.

210 1608 340 1667 Non
366 1629 469 1684 ego
500 1605 770 1688 Tydides,
800 1632 831 1668 a
859 1632 972 1691 quo
1006 1622 1101 1669 tua
1131 1609 1316 1669 saucia
1344 1622 1520 1668 mater

289 1704 357 1763 In
386 1701 661 1786 liquidum
689 1705 854 1765 rediit
881 1705 1083 1766 aethera
1110 1706 1316 1765 Martis
1343 1705 1517 1787 equis,

213 1801 370 1883 Saepe
400 1814 591 1883 tepent
619 1796 711 1861 alii
730 1801 956 1882 juvenes
982 1827 995 1860 :
1028 1824 1133 1878 ego
1165 1823 1383 1883 semper
1409 1800 1615 1870 amavi;

289 1898 366 1956 Et
392 1896 464 1968 si,
496 1896 631 1979 quid
660 1896 855 1957 faciam
885 1919 1034 1957 nunc
1067 1918 1320 1979 quoque,
1350 1896 1578 1979 quaeris3
1610 1918 1750 1955 amo.

211 1991 369 2071 Quin
396 1992 561 2053 etiam
591 1991 789 2064 docui,
826 2015 937 2075 qua
966 1992 1152 2075 possis
1182 2007 1296 2053 arte
1327 1992 1509 2076 parari
1536 2017 1547 2050 :

291 2091 369 2151 Et
394 2089 550 2174 quod
577 2113 726 2150 nunc
757 2090 899 2150 ratio
932 2104 1045 2162 est,
1069 2090 1313 2172 impetus
1344 2104 1469 2150 ante
1493 2088 1616 2148 fuit.
1954 2114 2003 2149 ιο

213 2187 329 2247 Nec
358 2201 410 2247 te
429 2233 444 2260 ‚
468 2185 672 2247 blande
702 2210 868 2269 puer,
898 2210 999 2248 nec
1024 2201 1246 2247 nostras
1275 2185 1569 2269 prodimus
1600 2199 1743 2245 artes
1766 2205 1779 2255 3

291 2285 410 2343 Nec
438 2307 584 2343 nova
608 2283 948 2366 praeteritum
979 2285 1147 2345 Musa
1174 2284 1375 2346 retexit
1405 2308 1566 2367 opus.

217 2379 278 2440 Si
308 2379 434 2463 quis
459 2394 604 2440 amat
623 2426 639 2453 ‚
671 2379 824 2462 quod
855 2404 1033 2442 amare
1058 2381 1243 2463 juvat,
1274 2380 1508 2442 feliciter
1536 2380 1733 2442 ardens

303 2477 555 2538 Gaudeat
573 2524 588 2551 ,
613 2492 670 2538 et
697 2492 863 2538 vento
894 2478 1115 2557 naviget
1143 2478 1235 2539 ille
1266 2502 1387 2539 suo.

218 2573 320 2648 At,
345 2573 394 2635 si
425 2572 552 2657 quis
579 2572 721 2635 male
750 2573 857 2634 fert
885 2574 1128 2654 indignae
1156 2601 1327 2656 regna
1355 2575 1580 2661 puellae,
1959 2591 2006 2633 15

271 2747 294 2772 *
321 2748 397 2794 DE
432 2748 659 2792 annmo
694 2748 883 2794 Amoms
918 2749 1068 2794 erzn

219 2817 426 2861 Pnlnus.
449 2814 601 2859 Codex
622 2816 786 2874 Regius
805 2825 850 2860 et
870 2816 939 2859 alii
960 2832 1070 2860 non-

220 2880 330 2923 nulli
348 2880 510 2924 librum
530 2898 656 2925 unum
685 2883 852 2926 faciunt
876 2898 927 2925 ex
947 2881 1070 2925 duo-

220 2945 302 2989 bus
324 2960 335 2988 :
357 2953 402 2988 et
420 2953 551 2988 recte.
572 2946 734 2992 Noster
751 2947 872 2990 enim
893 2947 983 3004 ipse
1004 2950 1070 2989 li-

222 3011 374 3052 bellum
389 3019 512 3054 vocat
524 3042 535 3064 ,
556 3010 688 3067 hujus
706 3012 917 3068 poematis
930 3012 1071 3055 initio.

277 3074 316 3117 3.
337 3074 512 3116 Sceleris
531 3077 741 3118 damnare.
760 3076 953 3120 Imitatio
965 3077 1074 3120 Vir-

225 3136 312 3198 gilii
327 3171 339 3194 ,
361 3155 412 3182 ex
435 3137 528 3183 Ciri
553 3142 625 3199 187
649 3157 660 3184 ε

376 3235 413 3244 ...
438 3214 521 3255 Quis
535 3226 601 3246 non
614 3215 717 3247 bonus
732 3217 840 3248 omnia
857 3218 950 3249 malit

224 3274 378 3314 Credere,
388 3286 489 3316 quam
499 3275 580 3307 tanti
594 3277 719 3308 sceleris
733 3278 898 3309 damnare
913 3279 1073 3319 puellam?

279 3337 318 3378 5.
331 3335 377 3378 A
388 3352 468 3390 quo
480 3341 554 3378 tua
567 3341 714 3379 saucia
730 3343 872 3380 mater.
897 3337 1075 3394 Quem-

225 3398 466 3442 admodum
500 3402 651 3446 venus
677 3417 701 3444 a
723 3401 943 3446 Diomede
969 3405 1075 3448 vul-

226 3474 379 3509 nerata
399 3466 531 3511 suerit
556 3498 567 3522 ,
599 3475 748 3511 narrat
781 3468 1006 3513 Homerus
1027 3469 1073 3513 in

1150 2751 1274 2795 Iliad.
1289 2761 1320 2796 E
1334 2784 1347 2807 ‚
1369 2752 1451 2795 330
1465 2767 1557 2808 sqq.
1570 2748 1774 2793 meminit
1791 2757 1835 2792 et
1851 2747 2003 2804 virgil.

1152 2815 1330 2859 AEneid.
1350 2816 1442 2870 XI,
1465 2816 1570 2873 276;
1593 2814 1666 2857 ubi
1682 2829 1778 2857 rem
1795 2814 1883 2869 ipse
1901 2811 2008 2854 Dio·

1153 2880 1305 2923 medes
1325 2880 1514 2937 exponit.

1206 2963 1246 3006 9.
1287 2949 1382 3001 Qua
1395 2962 1546 3002 posses
1565 2948 1827 3001 arleparart‘.
1859 2946 2009 2986 Possis

1152 3013 1314 3056 rectius
1333 3012 1513 3069 quidam
1533 3011 1679 3068 scripti
1695 3043 1707 3064 ,
1743 3019 1787 3053 et
1805 3008 2009 3066 sequenti

1156 3095 1284 3122 versu
1297 3110 1308 3132 ,
1327 3081 1441 3135 quod
1447 3094 1556 3120 nunc
1567 3082 1678 3120 ratio
1687 3083 1754 3119 es!
1766 3112 1776 3127 ‚
1800 3092 1891 3119 non
1905 3092 2009 3132 quoe.

1217 3162 1233 3187 1
1246 3162 1261 3186 1
1270 3178 1278 3185 .
1298 3146 1479 3188 Nostros
1487 3146 1716 3198 prodimus.
1734 3142 1892 3185 Malim
1905 3157 2008 3186 cum

1157 3208 1407 3266 Argentino
1418 3242 1430 3263 ,
1451 3214 1615 3251 vestras
1630 3221 1643 3247 .’
1661 3223 1765 3251 nam
1782 3207 2007 3264 sequitur,

1154 3279 1305 3315 nostre
1323 3277 1481 3315 sentiat
1496 3277 1602 3315 artis
1619 3290 1733 3328 opem
1754 3281 1823 3315 :et
1841 3272 1894 3314 ad
1915 3271 2010 3314 Cu·-

1155 3338 1352 3397 pidinem
1373 3338 1528 3381 melius
1549 3339 1752 3382 refertur.
1775 3339 1938 3382 BUAM.

1216 3422 1231 3447 1
1240 3405 1476 3446 3.Fcl1·citcr
1481 3407 1618 3459 ardet;
1635 3405 2011 3447 Gaudeal.Ardens

1157 3473 1354 3526 Naviget,
1382 3471 1567 3515 Putean.
1589 3471 1801 3527 optimus:
1819 3479 1861 3515 et
1878 3478 2009 3514 recte.
