2268 3776
306 289 410 358 184

768 293 834 346 Ρ.
888 283 1190 350 ovmn
1242 273 1623 356 NAsoNis

297 405 453 486 Quid
479 407 707 466 moror?
732 431 801 468 en
831 407 1019 487 digitis
1047 410 1311 491 designor
1339 414 1589 478 adultera
1615 416 1782 497 vulgi.

375 504 537 564 Desit
565 503 836 578 famOSUS,
865 507 962 589 qui
990 523 1149 568 notet
1175 533 1301 583 ora,
1324 512 1527 594 pudor.

294 601 610 672 Hactenus3
642 619 698 662 et
724 617 930 665 vestem
960 604 1187 665 tumidis
1212 607 1506 688 praeteudit
1537 608 1763 670 ocellis:

371 698 557 780 Atque
587 698 665 757 ita
694 721 750 759 se
779 699 839 759 in
864 700 1084 783 rapidas
1111 701 1329 784 perdita
1355 705 1509 765 misit
1535 729 1721 788 aquas.
2024 727 2080 770 80

293 794 668 876 Supposuisse
696 819 893 883 manus
921 797 991 857 ad
1019 812 1240 880 pectora
1269 796 1519 862 lubricus
1549 803 1726 863 amnis

373 891 619 962 Dicitur,
646 906 702 951 et
735 892 885 952 socii·
901 893 1025 974 jura
1055 894 1269 957 dedisse
1299 897 1427 957 tori.

291 989 369 1048 Te
399 1012 622 1071 quoque
652 989 912 1051 credibile
938 1006 1021 1051 est
1050 990 1235 1076 aliqua
1262 993 1496 1056 caluisse
1523 993 1746 1077 puella:

373 1085 483 1146 Sed
509 1110 734 1147 nemora
760 1102 815 1148 et
844 1087 991 1149 silvae
1020 1089 1249 1150 crimina
1276 1105 1456 1151 vestra
1486 1105 1698 1170 tegunt.

290 1184 441 1243 Dum
468 1183 698 1267 loquor,
729 1185 957 1246 increvit
982 1186 1149 1247 vastis
1180 1188 1459 1271 spatiosus
1486 1188 1546 1248 in
1574 1187 1741 1249 undis
1767 1210 1783 1260 ;
2025 1203 2080 1247 85

292 1345 591 1404 deturbarent,
603 1351 936 1395 utNumitorem
945 1369 1074 1396 avum
1085 1353 1143 1397 ibi

281 1424 572 1469 reponerent:
588 1416 705 1471 quod
718 1425 867 1459 tamen
879 1417 939 1461 ita
954 1418 1114 1460 evenit.

348 1497 368 1535 7
377 1496 411 1536 7.
427 1482 679 1534 Quidmoror
686 1486 710 1527 ?
719 1482 855 1527 Recte
870 1483 1040 1526 Marius
1050 1483 1144 1527 haec

289 1544 473 1589 illustrat
490 1563 540 1589 ex
560 1547 639 1590 illis
659 1547 783 1605 Virg.
802 1562 877 1602 lv,
898 1549 979 1591 325
996 1564 1006 1591 :
1032 1551 1150 1604 Quid

288 1627 424 1654 moror
434 1615 458 1656 ?
474 1628 532 1654 an
552 1629 645 1655 mea
663 1615 914 1671 Pygmalion
935 1615 1034 1657 dum
1051 1631 1146 1656 ma·-

284 1676 508 1731 niasrater
533 1681 741 1721 Destruat
753 1682 776 1724 ?
813 1701 867 1711 --
900 1681 964 1721 Et
988 1682 1147 1735 digitis.

294 1741 472 1786 Rectius
497 1743 543 1785 in
566 1743 870 1800 manuscriptis
887 1744 1148 1801 exemplari-

290 1808 370 1852 bus
383 1808 541 1865 legitur
555 1841 566 1863 ,
588 1811 656 1851 En
669 1812 844 1864 digiti&
865 1809 909 1852 id
925 1819 1012 1865 est,
1034 1826 1148 1855 ecce.

352 1874 416 1927 78.
440 1876 569 1916 Desit
571 1873 772 1928 famosus
787 1907 797 1924 ,
826 1878 904 1929 qui
915 1881 1030 1917 notet
1047 1892 1123 1917 ora
1135 1908 1148 1930 ‚

289 1939 435 1991 pudor.
449 1940 597 1989 Desit,
626 1954 803 1981 mecum
826 1947 975 1995 pereat
991 1941 1147 1993 pudor,

302 2002 375 2057 qui
393 2019 524 2059 genas
540 2009 721 2053 notaret,
755 2004 923 2060 quoties
944 2004 1056 2047 male
1076 2005 1151 2046 sa—

297 2084 418 2112 mosa
439 2068 555 2125 vulgi
577 2069 718 2126 digitis
739 2073 930 2112 adultera
950 2069 1152 2126 designa-

294 2134 394 2176 rer!
423 2156 479 2165 —-
508 2133 731 2178 Palatinus
748 2166 759 2188 ,
790 2135 990 2193 famosis.
1011 2135 1152 2178 Locus

297 2211 550 2259 corruptus3
573 2202 686 2244 sorte
707 2203 907 2255 :Desiree,·
924 2205 1152 2246 damnosus

295 2272 401 2324 quid
407 2275 528 2312 notat
535 2285 608 2311 ora
612 2271 750 2322 pudor
761 2271 785 2313 P
799 2267 934 2325 Epist.
947 2282 1005 2311 xx
1017 2284 1027 2311 z
1042 2270 1159 2323 Quid

290 2339 429 2390 pudor
438 2354 512 2380 ora
523 2339 667 2382 subit?
677 2335 761 2379 Vel
772 2352 782 2379 ε
797 2338 858 2380 Ne
870 2340 932 2379 sit
931 2336 1144 2392 famosus,

262 2409 276 2424 ⁸
296 2407 373 2458 qui
391 2409 506 2446 notet
525 2420 618 2454 ora,
640 2405 786 2457 pudor.
812 2403 981 2447 HEINS.
1011 2402 1151 2461 Lege-

298 2482 395 2509 rem
411 2499 422 2520 ,
445 2469 573 2510 Desit
585 2468 774 2522 famosis
788 2501 798 2518 ,
826 2472 904 2523 qui
915 2473 1031 2510 notet
1043 2484 1119 2510 ora
1133 2501 1144 2519 ‚

289 2535 447 2586 pudor;
474 2531 679 2575 adulteris
698 2531 840 2586 notis,
865 2541 910 2575 et
939 2532 1030 2587 jam
1056 2533 1152 2576 cri-

298 2595 489 2639 minibus
517 2613 561 2639 se
589 2595 783 2652 polluere
812 2596 1022 2650 adsuetis,
1043 2596 1153 2640 desit

300 2663 464 2722 pudor;
485 2663 561 2706 sed
578 2662 712 2717 mihi,
733 2663 898 2705 Vestali
910 2662 1090 2718 virgini,
1109 2671 1153 2706 et

300 2730 495 2782 intactae,
531 2726 694 2784 pudor,
725 2725 841 2783 quod
862 2728 1008 2780 digitis
1027 2728 1151 2768 desi-

296 2810 417 2848 gner,
443 2792 579 2846 subit,
596 2801 640 2835 et
656 2790 857 2848 prohibet
868 2789 992 2846 plura
1007 2789 1151 2845 loqui:

302 2872 347 2907 et
366 2861 466 2904 ideo
485 2869 652 2903 vestem
669 2893 680 2914 ,
712 2857 878 2915 pudore
899 2857 1112 2901 subeunte
1136 2888 1149 2910 ,

303 2930 436 2973 oculis
456 2927 699 2985 praetendit.
721 2928 884 2970 Bunm.

356 3014 419 3056 79.
447 2998 490 3038 T
484 2998 648 3038 umidis.
658 2993 864 3050 Turgidis
880 3000 1059 3049 propter
1073 2989 1149 3033 fle-

302 3072 398 3105 tum
416 3080 426 3114 ;
450 3071 499 3105 ut
517 3061 632 3119 apud
663 3060 822 3104 Catull.
847 3073 857 3100 ε
878 3061 985 3102 Mea.-
995 3060 1151 3113 puello.-

287 3131 435 3185 flendo
458 3131 663 3183 turgiduli
689 3131 835 3171 rubent
865 3129 998 3170 ocelli.
1020 3125 1151 3168 ΜΔΕ.

301 3196 435 3238 Recte
453 3196 622 3236 tumidzs
640 3194 890 3237 Puteaneus
905 3202 948 3235 et
965 3199 1151 3247 quatuor

296 3259 390 3313 alii,
415 3275 466 3302 ex
478 3257 586 3301 fletu
601 3267 820 3324 tumentes
834 3257 1049 3314 intelligit.
1064 3255 1146 3298 Ti-

297 3324 464 3379 bullus,
487 3325 559 3368 lib.
580 3338 624 3377 1,
653 3323 1023 3381 Eleg.VI11,(i7:

297 3405 362 3433 Des
365 3401 441 3433 isast
456 3403 504 3432 lac
508 3402 588 3432 riam
590 3413 623 3431 re
635 3399 931 3489 ,puer!nonasrm1
935 3399 1003 3439 glut
1005 3398 1092 3429 rial!

336 3440 451 3490 Enna
433 3457 629 3500 ajamfleut
644 3458 747 3489 luinm
750 3455 843 3487 3ε5Γ·
899 3462 1021 3487 ιιήειιῑ.

1227 1378 1283 1386 -
1317 1357 1480 1398 Vestem
1500 1355 1674 1398 tumidis·
1684 1354 1910 1410 pretendit
1922 1354 2084 1399 ocellis.

1225 1418 1437 1462 Vidimus
1455 1419 1549 1475 jam
1565 1452 1579 1475 ,
1763 1413 1765 1415 ¹

1227 1493 1296 1523 Ter
1308 1491 1422 1521 molita
1436 1489 1548 1531 fugam
1561 1513 1572 1529 ,
1585 1497 1640 1522 ter
1649 1488 1691 1521 ad
1707 1488 1788 1520 altas
1801 1486 1921 1519 restitit
1936 1485 2039 1518 undas
2052 1496 2063 1525 ;

1224 1551 1299 1594 ubi
1332 1550 1568 1595 haesitantis
1592 1550 1746 1608 puellae
1761 1582 1773 1604 ,
1797 1557 1839 1592 et
1861 1546 2084 1605 praesentis

1227 1616 1303 1660 leti
1328 1625 1453 1660 metu
1482 1614 1821 1660 inhorrescentis
1845 1628 1994 1657 sensus
2027 1609 2084 1655 ad

1229 1683 1378 1726 vivum
1405 1683 1661 1740 exprimitur
1679 1700 1692 1735 ;
1728 1680 1804 1725 sed
1838 1695 1927 1738 quo
1958 1694 2082 1722 ama-

1230 1750 1322 1793 rior
1349 1750 1510 1794 sensim
1530 1748 1793 1794 recrudescit
1819 1747 1984 1791 amissa:
2003 1761 2085 1802 pu-

1232 1815 1387 1860 dicitiae
1415 1816 1541 1860 dolor
1556 1849 1568 1870 ,
1603 1832 1657 1860 eo
1690 1813 1910 1858 invalescit
1946 1811 2084 1868 magis

1230 1880 1511 1938 projiciendae
1523 1881 1621 1924 vitae
1628 1878 1895 1923 desiderium
1907 1894 1917 1930 3
1934 1885 1979 1920 et
1989 1891 2083 1918 ves-

1230 1951 1310 1989 tem
1326 1946 1458 1990 oculis
1472 1945 1573 1989 ideo
1580 1947 1808 2001 pra-tendit
1819 1978 1828 1994 ‚
1852 1959 1909 1986 ne
1926 1975 1937 1996 ,
1958 1957 2084 1985 cons-

1230 2021 1357 2068 pecto
1382 2011 1549 2069 gurgite
1568 2044 1579 2066 ,
1615 2027 1640 2054 3
1671 2008 1892 2067 proposito
1919 2007 2082 2050 iterum

1230 2075 1450 2120 deflectat.

1286 2142 1440 2184 81-82.
1457 2142 1729 2196 Supposuisse
1742 2153 1891 2181 manus
1900 2145 1981 2181 etc.
1998 2138 2084 2179 Lu—

1231 2208 1371 2249 bricus
1389 2210 1551 2253 amuis,
1581 2203 1739 2258 labilis,
1767 2203 1928 2260 quique
1949 2201 2035 2245 cito
2059 2217 2084 2244 e

1231 2273 1432 2317 manibus
1451 2272 1618 2327 effluit,
1653 2271 1688 2316 si
1710 2279 1853 2315 tentes
1874 2284 2084 2326 compre-

1231 2338 1440 2382 hendere.
1465 2360 1522 2371 —
1540 2338 1658 2380 Socii
1664 2337 1772 2390 jura
1798 2338 1964 2378 dedisse
1990 2336 2081 2377 tori.

1231 2406 1412 2463 Sepulta
1431 2405 1590 2449 dicitur
1609 2403 1688 2447 Ilia
1710 2402 1765 2446 ad
1786 2400 1991 2461 Tybridis
2010 2399 2083 2442 ri-

1230 2488 1305 2529 pas
1321 2504 1332 2525 ,
1360 2469 1479 2514 unde
1496 2485 1599 2514 cum
1617 2468 1710 2525 ipso
1730 2467 1866 2511 fluvio
1885 2466 2081 2523 nupsisse

1231 2546 1370 2594 poetae
1386 2535 1662 2579 tradiderunt
1674 2551 1685 2586 ;
1698 2542 1743 2577 et
1755 2531 1927 2590 egregie
1943 2531 2082 2574 dictus

1231 2601 1284 2644 ab
1299 2600 1410 2644 Hor.
1422 2600 1460 2654 I,
1477 2598 1566 2643 Od.
1579 2612 1633 2652 11,
1652 2613 1728 2640 20:
1741 2598 2081 2640 Uxoriusamnzs.

1285 2666 1351 2707 83.
1378 2667 1580 2708 Caluisse.
1602 2664 1838 2705 Incaluzkse
1859 2660 1969 2703 alter
1992 2660 2082 2701 Pu-

1230 2737 1411 2771 teaneus
1431 2736 1477 2771 et
1494 2735 1693 2783 excerpta
1714 2726 1838 2768 Voss.
1862 2725 1929 2767 Ita
1944 2723 2080 2780 Epist.

1230 2810 1280 2838 X1
1298 2798 1349 2838 25
1368 2811 1378 2838 :
1395 2796 1498 2849 Ipsa
1513 2807 1670 2849 quoque
1682 2794 1870 2834 incaluit
1892 2799 1936 2834 et
1951 2807 2082 2847 supra

1228 2876 1338 2903 vers.
1357 2860 1409 2902 26
1428 2875 1439 2901 :
1458 2861 1637 2913 tepuisse
1651 2856 1924 2900 Francosurt.
1941 2862 2083 2899 tenera

1227 2928 1409 2968 caluisse
1441 2922 1624 2966 Palatin.
1646 2922 1754 2965 Mox
1771 2954 1783 2976 ,
1801 2924 1883 2964 sed
1905 2937 2048 2965 nemus
2061 2954 2072 2972 ‚

1230 2988 1508 3031 Francofurt.

1283 3054 1350 3096 85.
1371 3056 1517 3096 Vastis
1527 3055 1742 3107 spatiosus
1750 3054 1795 3094 in
1806 3053 1943 3094 undts.
1957 3052 2083 3094 Lutis

1227 3122 1438 3174 spatiosus
1458 3122 1501 3161 in
1523 3119 1671 3167 undis,
1709 3116 1860 3159 nostri.
1894 3116 2082 3173 Nauge—

1225 3185 1315 3228 rius
1347 3201 1398 3227 ex
1427 3183 1513 3227 suis
1541 3182 1663 3225 malit
1689 3197 1699 3225 :
1723 3185 1826 3224 latis
1851 3185 2079 3235 spatiosius

1226 3253 1351 3293 undis
1370 3267 1382 3292 :
1415 3247 1534 3305 quod
1555 3256 1599 3291 et
1619 3246 1815 3290 Grutero
1836 3245 2076 3299 arridebat,

1227 3325 1271 3359 et
1290 3316 1381 3371 jam
1400 3313 1612 3357 editiones
1631 3311 1865 3354 nonnullas
1883 3325 2077 3366 occupa-

1226 3382 1301 3425 vit.
1333 3382 1393 3424 H.
1434 3380 1550 3423 Mihi
1581 3379 1721 3436 placet
1749 3378 1848 3422 satis
1875 3377 2066 3434 vulgata,

1229 3451 1364 3492 vastis
1379 3450 1592 3502 spatiosus
1609 3448 1654 3488 in
1673 3446 1810 3488 uudaes.
