2268 3776
312 294 407 348 138

771 296 835 347 P.
883 295 1175 352 OVIDII
1219 298 1605 356 NASONIS

298 412 484 474 Verba
512 411 845 495 puellarum,
875 413 1026 475 foliis
1050 414 1258 477 leviora
1288 417 1534 491 caduci5‚
2022 444 2075 499 45

377 508 565 580 Irrita,
602 533 712 591 quo
742 509 919 569 visum
953 526 1066 583 est,
1098 528 1296 572 ventus
1328 529 1383 574 et
1409 516 1559 576 unda
1588 516 1788 577 ferunt.

296 605 356 664 Si
386 629 494 686 qua
521 605 629 665 mei
655 620 835 666 tamen
865 623 949 667 est
979 608 1038 666 in
1075 623 1126 667 te
1156 609 1251 690 pia
1282 633 1412 669 cura
1440 609 1648 684 relicti;

378 700 566 783 Incipe
594 700 860 783 pollicitis
890 703 1086 763 addere
1114 702 1256 763 facta
1289 706 1401 764 tuis
1428 730 1441 778 ;

295 798 578 879 Parvaque
610 799 1016 881 quamprimum
1045 799 1402 882 rapientibus
1433 802 1622 862 esseda
1648 805 1863 865 mannis
1881 851 1895 877 ‚

374 897 504 976 Ipsa
530 919 630 977 per
661 895 924 957 admissas
952 912 1184 958 concute
1214 896 1335 957 lora
1361 899 1541 979 jubas.
2023 920 2076 961 ξω

294 991 373 1068 At
399 1014 523 1062 VOS,
559 1016 668 1074 qua
691 994 899 1067 veniet,
931 994 1131 1054 tumidi
1160 994 1432 1055 subsidite
1463 1005 1680 1056 montes
1706 1020 1719 1069 ;

374 1090 451 1147 Et
476 1088 662 1151 faciles
695 1092 873 1152 curvis
901 1092 1138 1154 vallibus
1169 1108 1281 1154 este
1310 1094 1442 1154 viae!

292 1274 396 1311 z‘uos.
413 1269 657 1327 Legebatur
669 1271 774 1313 olim
788 1305 800 1327 ,
809 1288 961 1328 perque
980 1275 1137 1325 oculos,

291 1340 367 1391 qui
378 1351 563 1390 rapuere,
582 1342 695 1388 tuos,
714 1338 1016 1381 subintellecto
1037 1355 1144 1395 pro-

291 1416 413 1442 nom.
431 1417 518 1454 me,·
534 1401 651 1456 quod
667 1410 716 1444 ut
734 1401 1034 1445 duriusculum
1048 1421 1142 1447 res-

290 1482 430 1522 puens
454 1466 648 1521 Marius,
672 1483 696 1509 e
720 1469 999 1510 vetustissimi
1018 1469 1142 1512 codi-

290 1532 348 1575 cis
380 1531 634 1574 auctoritate
652 1565 663 1586 ‚
695 1533 770 1588 qui
798 1549 919 1576 nunc
950 1533 1109 1591 legitur
1125 1567 1137 1589 ,

290 1613 466 1640 versum
489 1597 689 1641 restituit.

348 1662 414 1715 46.
428 1665 554 1706 Irrita
564 1679 643 1718 quo
654 1667 801 1706 w'sum.
819 1665 916 1718 Qua
929 1669 1062 1707 visum
1076 1671 1144 1707 est

292 1727 542 1770 Puteaneus
570 1743 580 1769 ε
604 1737 723 1770 recte
747 1746 757 1780 ;
790 1729 874 1771 nisi
908 1729 1026 1784 quod
1059 1747 1139 1785 quo

292 1791 443 1834 malim
458 1808 468 1836 2
481 1809 597 1848 supr.
611 1792 732 1849 Eleg.
746 1808 794 1835 v:
810 1795 901 1846 Quo
919 1809 1029 1836 nunc
1046 1810 1139 1835 mea

287 1859 449 1910 gaudia
468 1858 641 1912 defers?
668 1858 835 1901 HEINs.
869 1860 974 1912 Qua·
996 1864 1046 1900 ut
1061 1863 1138 1900 vi-

289 1940 394 1975 sum,
407 1923 542 1968 codex
556 1925 790 1969 Douzae.—
799 1926 956 1969 Ventus
963 1933 1006 1969 et
1012 1929 1137 1968 uada.

292 1991 379 2034 Hic
394 1991 509 2034 Naso
525 1990 819 2035 Catullianam
835 1992 954 2036 illam
966 2001 1138 2035 senten-

290 2055 397 2098 tiam
418 2056 620 2112 exprimit
635 2089 646 2111 ,
667 2056 814 2100 Carm.
836 2072 946 2112 Lxx,
968 2058 993 2100 3
1010 2073 1020 2100 ε

433 2131 497 2162 Sed
508 2132 625 2162 mulier
641 2132 761 2172 cupido
774 2132 863 2174 quod
879 2132 959 2163 dicit
970 2131 1091 2163 amanti
1104 2156 1117 2171 ,

327 2194 369 2223 In
385 2199 482 2223 vento
496 2199 527 2223 et
543 2193 652 2234 rapida
670 2193 811 2223 scribere
825 2200 952 2234 oportet
966 2205 1065 2235 aqua.

287 2278 341 2285 —
360 2254 484 2297 Junii
506 2262 551 2297 et
581 2253 794 2298 tredecim
822 2254 918 2309 alii,
939 2262 983 2298 et
1005 2271 1135 2297 aura:

288 2331 333 2364 et
355 2321 414 2364 ita
441 2321 678 2375 ediderunt
702 2321 871 2382 Gryph.
901 2331 945 2365 et
965 2321 1135 2365 Bersm.

288 2386 444 2429 Amor.
464 2401 483 2429 1
497 2421 509 2442 ,
533 2388 655 2445 Eleg.
673 2402 787 2443 v111,
816 2388 921 2431 106:

327 2456 399 2488 Nec
411 2457 546 2488 tulerint
555 2469 650 2489 voees
663 2465 780 2489 ventus
795 2464 827 2488 et
840 2469 919 2488 aura
936 2469 1033 2489 meas.
1052 2460 1092 2490 B.

342 2520 408 2577 49.
428 2519 643 2574 Parvaque
661 2524 958 2575 quamprimum
975 2525 1134 2575 rapien-

287 2585 400 2625 tibus
427 2586 578 2626 esseda
605 2588 784 2626 mannes.
815 2585 919 2628 Fuit
946 2588 1133 2628 essedum

289 2647 515 2704 quoddam
552 2648 739 2692 vehiculi
778 2665 913 2706 genus
959 2650 1099 2692 bellici
1118 2682 1130 2704 ,

287 2713 406 2770 quod
426 2729 451 2756 a
470 2714 614 2770 Belgis
633 2714 828 2771 primum
843 2747 855 2768 ,
875 2722 924 2756 ut
942 2713 1131 2768 videtur,

284 2781 531 2823 inventum.
546 2781 692 2823 Usum
708 2779 901 2823 Romani
916 2796 939 2821 a
953 2778 1134 2821 Britan-

287 2846 355 2888 nis
377 2845 628 2902 petierunt}
653 2853 787 2888 exstat
811 2854 960 2888 tamen
991 2842 1132 2886 Cicer.

287 2910 342 2953 ad
365 2911 496 2955 Attic.
512 2910 706 2967 Epistola
727 2912 816 2966 (vt,
840 2910 880 2963 1)
903 2909 950 2951 in
973 2924 1058 2964 qua
1077 2907 1130 2950 de

284 2977 445 3017 essedis
454 2976 622 3018 mentio
638 2975 688 3018 fit
704 2992 713 3018 :
731 2993 752 3012 «ε
769 2975 856 3018 Hic
871 2973 1038 3016 Vedius
1053 2989 1132 3015 ve-

287 3041 355 3084 nit
383 3041 492 3084 mihi
518 3042 692 3085 obviam
721 3058 823 3085 cum
854 3040 1024 3082 duobus
1052 3055 1130 3080 es-

286 3108 412 3150 sedis.
423 3125 445 3146 >›
478 3107 594 3164 Quae
619 3107 798 3165 quidem
821 3106 955 3164 Epist.
974 3104 1131 3161 scripta

1222 1273 1305 1315 suit
1327 1281 1429 1315 ante
1446 1271 1628 1316 Caesaris
1642 1273 1688 1315 in
1705 1273 1982 1317 Britanniam
2002 1291 2077 1318 ex-

1224 1337 1495 1394 peditionem
1518 1354 1528 1380 :
1549 1337 1625 1381 sed
1657 1338 1711 1381 de
1741 1339 1791 1382 iis
1817 1340 2075 1397 intelligen-

1223 1403 1330 1445 dum
1350 1436 1362 1458 ‚
1395 1403 1551 1459 quibus
1584 1403 1637 1446 ad
1670 1404 1755 1446 iter
1787 1404 2038 1447 faciendum
2058 1439 2071 1460 ,

1221 1468 1290 1510 vel
1309 1484 1444 1510 onera
1464 1467 1736 1524 deportanda
1752 1469 1990 1512 utebantur
2002 1503 2014 1524 ,
2030 1480 2075 1513 et

1222 1535 1425 1577 nondum
1448 1534 1512 1577 rei
1540 1534 1702 1577 hellieae
1725 1535 2075 1579 accommodatis.

1221 1601 1452 1642 —fflannis
1467 1616 1479 1642 .·
1493 1617 1515 1636 «
1528 1599 1725 1642 Mannus
1740 1609 1804 1643 est
1820 1617 1957 1656 equus
1972 1602 2075 1643 bre-

1222 1665 1317 1706 vior
1333 1698 1344 1719 ,
1380 1680 1513 1720 quem
1549 1664 1679 1721 vulgo
1714 1667 1943 1708 Buricbum
1962 1700 1973 1717 ,
2006 1666 2075 1708 vel

1219 1734 1468 1773 Buricbium
1481 1740 1651 1774 vocant.
1669 1731 1852 1774 Isid.x11
1866 1765 1877 1786 ,
1901 1750 1933 1774 1.
1955 1731 2075 1774 Grae-

1220 1796 1278 1838 cis
1315 1805 1378 1844 est
1405 1802 1597 1858 Βουρίχος.
1633 1797 1708 1838 Du
1734 1799 1900 1852 Gange,
1935 1795 2072 1839 Gloss.

1220 1861 1510 1905 Ducebantur
1531 1879 1706 1919 quoque
1728 1880 1751 1906 a
1772 1864 1972 1906 mulabus
1993 1880 2072 1905 es—

1219 1931 1347 1979 seda,
1372 1937 1422 1971 ut
1450 1928 1578 1971 docet
1602 1927 1756 1970 Claud.
1778 1928 2002 1985 Epigram.
2021 1930 2074 1970 de

1222 1994 1423 2039 ffIulabus
1439 1996 1638 2044 Gallicis,
1656 1992 1806 2036 Carm.
1818 2007 1862 2035 LI
1868 2027 1879 2047 ,
1892 1993 2016 2050 Epig.
2031 2011 2045 2034 1
2061 2011 2070 2036 :

1218 2061 1363 2102 Adspice
1380 2063 1553 2103 morigeras
1569 2061 1721 2093 Rhodani
1743 2063 1894 2093 torrentis
1911 2063 2071 2092 alumnas.

1274 2125 1342 2166 50,
1361 2125 1464 2178 Ipsa
1474 2140 1554 2178 per
1566 2126 1781 2166 admissas
1799 2132 1879 2166 etc.
1895 2124 2071 2166 Admis-

1213 2203 1294 2234 ,sas
1305 2188 1466 2243 jubas,
1493 2204 1581 2244 quo
1607 2204 1739 2231 sensu
1768 2187 1955 2230 vidimus
1982 2190 2072 2229 ad·—

1218 2257 1371 2297 missos
1390 2270 1516 2310 equos
1533 2287 1543 2305 ,
1566 2253 1613 2296 in
1638 2254 1775 2310 Epist.
1795 2267 1813 2295 1
1831 2286 1843 2308 ,
1866 2253 1933 2295 36.

1274 2321 1341 2361 51.
1370 2320 1436 2361 At
1466 2334 1545 2361 vos
1566 2352 1579 2370 ‚
1610 2335 1694 2375 qua
1726 2322 1865 2360 veniet
1880 2350 1891 2371 ‚
1924 2319 2079 2360 tumidi

1214 2386 1417 2426 subsidite
1430 2389 1602 2426 montes.
1620 2383 1932 2440 Prosopopoeia
1951 2381 2066 2425 :des-

1218 2450 1346 2493 cribit
1360 2458 1510 2493 autem
1526 2449 1691 2506 optime
1708 2448 1997 2506 Pelignorum
2012 2447 2071 2490 si-

1217 2525 1314 2559 tum
1329 2549 1340 2570 ,
1375 2516 1428 2559 ad
1464 2531 1572 2572 quos
1604 2532 1655 2558 ex
1693 2515 1801 2558 urbe
1838 2511 2068 2557 disceden—

1217 2582 1333 2625 tibus
1344 2615 1356 2636 ,
1372 2583 1458 2625 nisi
1470 2582 1717 2635 montibus,
1737 2597 1784 2623 ac
1799 2580 1977 2622 vallibus
1988 2594 2067 2634 pe-

1216 2647 1420 2704 ragratis,
1444 2646 1648 2690 accedere
1675 2661 1768 2687 non
1796 2643 1908 2686 licet.
1934 2642 2064 2684 CIOF.

1214 2734 1269 2746 —·
1277 2715 1370 2765 Qua
1377 2716 1525 2755 veniet.
1538 2711 1719 2767 Legitur
1729 2710 1860 2752 etiam
1869 2709 1914 2751 in
1925 2723 2065 2750 exem·

1216 2777 1404 2834 plaribus
1414 2793 1535 2832 quum
1544 2792 1559 2830 ‚·
1569 2784 1807 2831 utrumque
1821 2783 1952 2817 recte.
1972 2774 2066 2826 Qua

1216 2841 1472 2885 adverbium
1481 2849 1546 2884 est
1557 2840 1802 2898 significans
1815 2839 2062 2896 perlocum;

1214 2924 1334 2964 quum
1345 2941 1355 2957 ‚
1371 2906 1627 2949 adverbium
1639 2906 1848 2962 temporis
1860 2913 1939 2947 est:
1950 2911 2065 2946 utra-

1215 2989 1299 3028 que
1320 2972 1447 3015 lectio
1469 2972 1671 3028 congruit
1691 2970 1848 3015 sensui.
1865 2970 2064 3012 ΜΔΕ.-

1214 3039 1281 3081 At
1299 3053 1396 3088 vos⁷
1429 3045 1507 3080 etc.
1532 3036 1811 3094 Apostrophe
1832 3033 1991 3078 amoris
2021 3041 2064 3074 et

1215 3102 1468 3146 deliciarum
1489 3102 1616 3160 plena
1637 3103 1646 3145 Ξ

974 3275 1370 3296 η-ὴΦ-ῇ-
