2268 3776
214 254 324 323 438
689 258 753 312 Ρ.
798 258 1100 313 OVIDII
1149 261 1532 318 NASONIS

213 371 512 449 Argolides
543 389 810 455 cuperent
833 374 1042 452 fugisse
1074 376 1358 459 Capharea
1386 402 1640 462 puppes;
1926 404 2006 460 735

293 471 511 552 Teque,
541 495 736 542 senex,
769 470 954 534 luctus
982 474 1210 553 ignibus
1239 473 1356 536 ulte
1385 491 1531 538 tuos.

212 566 496 626 Praeterita
526 582 720 628 cautus
750 569 978 632 Nise'ide
1009 572 1194 632 navita
1225 571 1431 650 gaudet
1455 597 1468 632 ε

295 666 381 723 Tu
414 663 562 735 loca,
592 690 713 748 quae
737 667 973 729 nimium
1001 683 1155 748 grata
1187 668 1368 742 fuere,
1395 693 1537 731 cave.

210 762 343 821 Haec
376 762 478 822 tibi
510 763 622 823 sint
651 766 867 847 Syrtes3
892 767 1006 828 haec
1030 768 1440 828 Acroceraunia
1465 769 1609 830 vita:

295 860 403 919 Hic
434 861 606 920 vomit
637 876 691 921 et
722 877 884 946 potat
912 864 1030 925 dira
1057 863 1372 948 Charybdis
1401 888 1590 947 aquas,
1925 887 2007 944 74⁰

211 955 387 1029 Sunt,
419 981 541 1040 quae
569 982 685 1018 non
714 961 935 1043 possint
961 961 1151 1044 aliquo
1184 977 1416 1040 cogente
1442 962 1629 1044 juberi
1653 987 1667 1035 3

292 1060 449 1143 Saepe
481 1075 661 1123 tamen
692 1087 822 1125 casu
848 1063 989 1126 facta
1016 1065 1206 1146 juvare
1236 1065 1434 1127 solent.

210 1162 412 1223 Perdat
443 1188 576 1248 opes
606 1166 866 1239 Phaedre;
892 1192 1113 1251 parces,
1141 1171 1404 1253 Neptune
1423 1217 1437 1243 ,
1455 1170 1667 1253 ‚nepoti
1690 1195 1703 1230 :

223 1321 225 1323 .
291 1267 406 1326 Nec
435 1267 599 1328 faciet
626 1271 858 1352 pavidos
887 1287 1078 1333 taurus
1109 1273 1289 1334 avitus
1320 1297 1512 1356 equos.

215 1367 466 1430 Gnosida
493 1371 716 1434 fecisses
746 1374 1007 1458 inopem3
1035 1375 1314 1459 sapienter
1340 1391 1593 1437 amasset.
1927 1393 2009 1451 745

293 1474 520 1536 Divitiis
547 1475 714 1538 alitur
743 1477 1067 1541 luxuriosus
1099 1504 1270 1541 amor.

212 1660 256 1694 et
278 1651 439 1694 multos
461 1652 578 1696 alios.
601 1653 653 1697 In
675 1670 769 1697 uno
791 1655 987 1710 Heinsii,
1004 1672 1073 1699 re-

212 1721 456 1761 crudescet:
479 1720 613 1762 etiam
633 1736 727 1763 non
748 1722 877 1764 male.

269 1785 361 1841 735.
379 1785 424 1826 A
423 1789 604 1840 rgoll'des
615 1795 810 1842 cuperent
808 1788 982 1843 fugisse
992 1790 1072 1832 Ca-

204 1851 369 1903 pharea
378 1867 551 1906 puppes.
586 1851 731 1895 Docet
750 1868 775 1894 a
793 1852 923 1895 simili
943 1885 955 1906 ,
978 1853 1073 1896 loca

213 1931 311 1971 quae
332 1926 493 1959 nocent
523 1917 719 1973 amanti,
755 1917 934 1960 vitanda
966 1934 1071 1961 esse..

213 1979 426 2036 Nauplius
444 1998 577 2024 senex
594 2014 605 2036 ‚
645 1981 891 2025 Palamedis
911 1990 1035 2039 pater
1057 2015 1069 2037 ,

211 2053 263 2087 ut
280 2044 356 2088 filii
373 2045 535 2102 judicio
550 2046 704 2102 iniquo
718 2048 979 2091 Graecorum
1000 2063 1073 2091 oc-

212 2111 287 2154 cisi
311 2128 468 2155 necem
491 2113 775 2157 ulcisceretur
794 2147 806 2169 ,
851 2130 991 2170 quum
1012 2114 1073 2157 illi

157 2198 165 2202 ·
215 2177 354 2234 Troja
374 2177 611 2222 redeuntes
641 2180 871 2236 naufragio
891 2179 1073 2223 labora-

213 2252 315 2286 rent
335 2277 346 2297 ,
391 2260 442 2286 ex
478 2242 710 2302 Caphareo
753 2245 928 2289 Eubaeae
967 2261 1074 2302 pro-

213 2310 441 2352 montorio
460 2310 660 2354 accendit
679 2312 792 2354 faces
806 2344 818 2365 ,
838 2321 883 2355 et
896 2312 1073 2369 signum

214 2375 337 2418 dedit
353 2409 364 2429 ‚
389 2375 510 2432 quasi
531 2384 683 2432 portus
702 2376 787 2419 illic
800 2377 950 2421 suisset
966 2396 976 2429 ;
998 2379 1074 2434 qui

212 2442 443 2486 credentes
475 2442 576 2487 illuc
596 2444 860 2501 navigarunt
882 2453 926 2488 et
956 2444 1074 2489 inter

216 2508 479 2564 asperrimos
511 2508 710 2566 scopulos
743 2509 868 2553 fracti
907 2517 951 2552 et
985 2509 1074 2552 de-

214 2588 348 2615 mers¹
369 2573 609 2629 perierunt.

286 2637 376 2694 737.
422 2639 607 2686 Nllrei'de.
650 2638 893 2695 Perperarn
928 2639 1073 2695 major

215 2705 481 2760 scriptorum
503 2719 624 2760 pars,
649 2705 888 2759 Bepheide:
912 2703 998 2749 dixi
1017 2704 1072 2747 ad

216 2769 353 2825 Epist.
377 2784 410 2822 1,
430 2769 597 2823 Sabini,
613 2769 680 2812 33.
695 2769 838 2828 Scylla
857 2769 951 2813 Nisi
966 2769 1070 2822 filia,

212 2836 260 2879 in
276 2836 504 2893 scopulum
519 2835 620 2878 freti
634 2834 769 2878 Siculi
783 2844 951 2878 mutata
966 2853 975 2887 ;
994 2834 1071 2878 sed

215 2917 318 2945 cum
339 2900 502 2944 Phorci
524 2909 626 2944 nata
643 2899 757 2943 hanc
772 2909 901 2957 poeta
921 2908 1073 2944 noster

216 2966 441 3018 confudit;
466 2976 515 3010 ut
534 2965 688 3022 saepius
710 2965 823 3009 alibi.
988 2969 990 2971 ’

271 3034 363 3093 739.
382 3034 709 3078 Acroceraunia.
731 3033 845 3076 Atra
866 3034 1073 3076 Ceraunia

216 3098 387 3150 SarraV.
404 3100 515 3149 Hor.
530 3099 714 3154 infames
723 3101 920 3155 scopulos
934 3107 1072 3145 vocat.

274 3169 367 3222 740.
396 3168 483 3210 Hic
499 3171 631 3209 voml'l
646 3173 806 3222 epotas.
828 3166 952 3210 Malo
964 3199 975 3220 ‚
995 3183 1074 3210 vo·-

216 3237 334 3275 mal:
358 3241 537 3287 putetur
557 3248 752 3275 vomere.
776 3232 943 3275 HEINS.
971 3232 1073 3275 Pu-

215 3295 336 3339 teani
357 3311 513 3340 omues
542 3306 587 3340 ct
608 3295 862 3353 quindecim
884 3295 954 3339 alii
972 3329 983 3350 ,
1005 3299 1074 3339 hic

215 3366 349 3405 vomit
358 3368 402 3404 el
405 3368 541 3417 polal.
557 3362 782 3406 Leidensis
796 3395 807 3417 ,
821 3365 891 3405 hic
907 3367 1070 3412 vomat,

214 3429 285 3471 hic
306 3433 435 3484 pola!
447 3442 464 3483 ;
490 3436 535 3475 et
566 3436 684 3473 certe
715 3433 861 3484 epotas
880 3427 1074 3472 nimium

1153 1655 1293 1700 videri
1313 1665 1457 1713 potest
1474 1673 1484 1700 :
1503 1671 1596 1699 nou
1619 1655 1741 1699 enim
1762 1671 1919 1700 omnes
1933 1671 2010 1699 un-

1155 1721 1230 1766 das
1252 1731 1414 1780 epotat.
1439 1723 1604 1766 BURM.

1211 1790 1304 1845 741.
1334 1789 1493 1845 Aliquo
1525 1793 1712 1844 cogente.
1742 1787 1875 1831 Unus
1902 1787 2012 1830 Lei-

1154 1853 1315 1908 densis,
1333 1858 1475 1911 aliquo
1496 1857 1711 1905 Calcanlc,
1730 1854 1850 1897 unde
1864 1854 2012 1897 Hein-

1152 1919 1240 1962 sius
1254 1920 1383 1975 olim,
1397 1924 1537 1976 aliquo
1550 1923 1791 1963 inculcanle
1806 1919 2009 1962 faciebat:

1153 1985 1229 2028 sed
1251 1986 1385 2029 latere
1407 1986 1478 2029 hic
1499 2002 1672 2028 nornen
1687 1985 1916 2043 proprium
1931 2001 2012 2041 pu—

1154 2060 1212 2095 to.
1237 2052 1291 2095 In
1325 2053 1522 2110 quinque
1553 2061 1766 2110 praeterea
1786 2085 1798 2107 ,
1820 2056 2008 2104 moneri;

1155 2119 1202 2162 in
1223 2120 1363 2163 tribus
1382 2124 1546 2164 moveri.
1570 2121 1704 2164 Forte
1725 2136 1736 2164 ι

1155 2189 1238 2220 Sunt
1254 2200 1326 2230 quae
1343 2200 1407 2219 non
1426 2189 1530 2230 possis
1553 2189 1665 2230 aliquo
1682 2188 1857 2233 Calchante
1875 2189 2012 2220 moneri.

1155 2250 1274 2293 Sunt
1295 2250 1498 2306 quaedam
1517 2265 1615 2307 quae
1635 2249 1783 2292 nullus
1801 2258 1941 2303 vates,
1965 2258 2015 2292 ut

1160 2313 1345 2359 Calchas
1374 2324 1469 2359 erat
1487 2348 1500 2370 ,
1521 2331 1708 2358 monere
1743 2323 1887 2370 posset
1904 2347 1916 2369 ‚
1937 2314 2014 2357 sed

1158 2396 1255 2437 quae
1275 2397 1397 2424 casus
1422 2380 1498 2424 dat
1519 2398 1531 2425 t
1553 2389 1603 2424 ut
1624 2397 1747 2424 casus
1765 2389 2017 2438 opponatur

1157 2446 1287 2490 certis
1306 2446 1487 2490 monitis
1508 2446 1688 2502 alicujus
1708 2446 1829 2490 vatis.

1214 2512 1306 2569 743.
1326 2513 1488 2554 Perdat
1497 2527 1597 2566 opes
1612 2513 1797 2555 Phaedre.
1815 2510 1863 2554 Si
1880 2510 2012 2555 Phae-

1157 2575 1235 2620 dra
1263 2576 1319 2620 sit
1350 2577 1444 2620 sine
1474 2576 1659 2631 divitiis,
1692 2592 1786 2620 non
1816 2576 2012 2633 capietur

1156 2642 1346 2700 privigni
1358 2642 1588 2701 Hippolyti
1599 2657 1765 2692 amore;
1781 2650 1826 2685 et
1840 2642 2012 2698 Neptu-

1154 2723 1239 2750 nus
1257 2723 1349 2750 non
1361 2706 1573 2750 emisisset
1587 2723 1611 2750 e
1622 2706 1735 2750 mari
1746 2715 1924 2749 taurum
1939 2705 2011 2747 su-

1154 2781 1350 2827 rentem,
1368 2773 1421 2815 ad
1434 2774 1646 2828 juvenem
1658 2769 2012 2828 discerpendum.

1213 2840 1304 2895 744.
1320 2840 1410 2881 Nec
1416 2836 1744 2891 sacti-{pavidos
1762 2841 1909 2880 taurus
1919 2839 2011 2879 avi-

1153 2909 1223 2946 tus
1234 2919 1372 2958 equos.
1382 2903 1584 2945 Taurum
1597 2902 1764 2945 avitum
1776 2901 1880 2945 dicit
1895 2935 1907 2956 ‚
1918 2917 2011 2944 non

1155 2967 1208 3011 ab
1235 2983 1315 3009 avo
1337 2967 1523 3022 Thesei,
1547 2965 1624 3010 sed
1645 2966 1698 3009 ab
1721 2982 1801 3009 avo
1826 2966 2009 3023 Hippo-

1153 3033 1233 3092 lyti
1249 3034 1472 3090 Neptuno.
1489 3034 1607 3078 Nam
1620 3042 1665 3076 et
1682 3032 1880 3076 Theseus
1898 3033 2012 3090 Nep-

1155 3098 1253 3141 tuni
1269 3098 1383 3142 filius
1402 3099 1506 3154 suit,
1527 3098 1735 3161 idemque
1755 3106 1881 3155 pater
1895 3097 2014 3154 Hip-

1155 3165 1306 3224 polyti.
1340 3166 1484 3209 Vocat
1517 3174 1667 3209 autem
1702 3173 1747 3208 et
1780 3163 2013 3220 Euripides

1154 3237 1288 3292 ταῦρον
1311 3233 1464 3292 ἄγριον,
1487 3247 1513 3274 a
1540 3246 1628 3287 quo
1652 3230 1755 3287 equi
1781 3229 2012 3287 Hippolyti

1155 3296 1457 3352 perterrefacti
1470 3304 1574 3340 sunt
1592 3312 1601 3339 :
1620 3311 1812 3351 eumque
1826 3327 1838 3349 ,
1856 3295 1911 3337 ob
1928 3294 2013 3336 im-

1154 3361 1428 3419 precationes
1457 3378 1507 3405 ac
1535 3361 1651 3404 diras
1680 3360 1842 3404 Thesei
1869 3359 1917 3402 in
1946 3358 2010 3401 fi·-

1155 3427 1265 3471 lium
1286 3459 1300 3482 ,
1316 3427 1435 3471 -mari
1459 3427 1668 3472 emissum
1696 3425 1812 3470 dicit.
1835 3425 2009 3469 Mlcn.
