2268 3776
272 288 379 340 218

746 289 811 342 P.
860 286 1154 347 OVIDII
1197 292 1578 352 NASONIS

350 402 561 464 Moenia
589 404 922 483 contigimus
950 408 1118 482 victa,
1146 409 1374 469 Camille
1397 456 1416 482 ,
1441 411 1562 471 tibi.

273 500 436 561 Casta
460 501 768 562 sacerdotes
797 504 1007 564 Junoni
1035 506 1174 565 festa
1200 507 1474 587 parabant

349 598 457 656 Per
483 597 725 660 celebres
754 598 947 673 ludos,
971 602 1397 685 indigenamque
1427 604 1644 664 bovem.

275 693 494 756 Grande
524 719 690 757 morae
718 699 986 781 pretium,
1013 700 1153 760 ritus
1182 723 1542 779 cognoscere,
1571 701 1816 785 quamvis
2029 720 2053 761 5

351 791 608 854 Difficilis
638 794 791 855 clivis
821 797 929 857 huc
956 797 1043 857 via
1070 798 1281 879 praebet
1309 798 1429 858 iter.

269 889 392 951 Stat
420 907 604 966 vetu5‚
633 909 690 955 et
719 895 888 958 densa
915 896 1256 980 praenubilus
1287 897 1485 959 arbore
1514 897 1690 960 lucus.

349 992 624 1076 Adspice;
654 998 925 1058 concedas
953 1022 1161 1058 numen
1189 998 1367 1059 inesse
1398 997 1542 1059 loco.

271 1093 493 1178 Accipit
523 1122 614 1158 ara
640 1123 856 1182 preces,
884 1101 1174 1184 votivaque
1206 1108 1328 1162 tura
1360 1101 1581 1184 piorum
1605 1125 1618 1174 ;

351 1200 466 1260 Ara
492 1224 591 1283 per
619 1203 873 1286 antiquas
903 1204 1046 1265 facta
1074 1205 1192 1266 sine
1222 1220 1336 1266 arte
1366 1228 1579 1266 manus»
2012 1236 2058 1263 ιω

273 1301 419 1362 Hinc
448 1304 549 1363 ubi
580 1307 886 1387 praesonuit
915 1306 1154 1367 sollenni
1181 1307 1320 1367 tibia
1348 1321 1543 1379 cantu,

353 1406 406 1465 It
432 1418 533 1487 per
560 1406 764 1467 velatas
795 1432 977 1468 annua
1004 1432 1212 1492 pompa
1240 1409 1374 1469 vias.

274 1507 572 1568 Ducuntur
596 1509 790 1582 niveae,
818 1511 1032 1594 populo
1064 1511 1363 1594 plaudente
1383 1558 1397 1582 ‚
1423 1512 1667 1592 juvencae
1684 1556 1698 1581 ‚

355 1611 512 1689 Quas
543 1610 681 1671 aluit
710 1614 917 1696 campis
944 1614 1118 1675 herba
1143 1613 1355 1675 Falisca
1383 1613 1530 1674 suis:

276 1812 326 1839 ex
342 1813 430 1840 una
449 1798 691 1855 eademque
713 1800 819 1844 duas
833 1801 990 1845 effecit.
1010 1803 1125 1847 Nar-

277 1873 346 1907 rat
366 1874 513 1908 autem
538 1864 651 1908 Cato
673 1866 786 1923 apud
811 1867 924 1910 Plin.
947 1882 1004 1910 111
1022 1901 1034 1923 ‚
1069 1872 1092 1911 5
1110 1903 1122 1921 ,

275 1931 498 1974 conditam
518 1931 674 1974 urbem
696 1933 915 1976 Falerium
939 1942 1014 1976 aut
1035 1935 1126 1977 Fa-

275 1994 429 2038 liscum
446 2030 458 2052 ,
500 1997 552 2039 ab
585 1997 748 2041 Haleso
766 2031 777 2053 ,
807 1999 875 2041 vel
914 1999 1091 2042 Halisco
1107 2033 1118 2054 ,

277 2059 625 2117 Agamemnonis
641 2063 822 2117 comite,
846 2063 946 2120 qui,
966 2063 1125 2106 adven-

276 2136 397 2170 tante
419 2128 465 2170 in
488 2127 657 2172 Italiam
674 2130 817 2173 AEnea
834 2164 845 2185 ,
868 2146 948 2186 pro
969 2131 1126 2173 Turno

275 2203 428 2237 contra
457 2195 675 2251 Troianos
699 2197 818 2240 stetit
840 2229 851 2250 ‚
892 2197 995 2240 AEn.
1022 2211 1091 2239 vu
1111 2230 1123 2252 ‚

280 2260 357 2314 723
371 2278 380 2311 ;
400 2268 442 2302 et
453 2277 475 2302 a
491 2260 686 2304 Pallante
701 2261 862 2309 occisus
872 2271 951 2316 est,
964 2261 1127 2304 ibidem

277 2339 305 2366 x
322 2358 334 2378 ‚
371 2326 464 2369 352.
505 2326 692 2385 Pelasgis
715 2327 901 2372 Faliscos
925 2327 1127 2372 adscribit

277 2390 412 2433 Dion.
435 2392 575 2436 Halic.
594 2407 611 2435 1
627 2425 639 2448 ,
663 2411 729 2436 21.

330 2477 367 2501 2.
391 2460 549 2502 Maenia
552 2493 627 2504 ......
644 2464 760 2504 victa
776 2493 787 2512 ,
815 2462 989 2503 Camille
1001 2494 1012 2513 ,
1036 2464 1127 2504 tibi.

279 2523 383 2566 Vid.
404 2523 491 2566 Tit.
511 2524 601 2566 Liv.
619 2539 675 2578 v,
705 2542 754 2583 ¹9
769 2556 780 2578 ,
806 2525 858 2566 26
874 2557 886 2579 ,
909 2542 974 2580 27.

333 2589 371 2631 3.
395 2590 566 2632 Junom'.
591 2587 739 2631 Editio
762 2589 903 2645 prima
918 2622 930 2644 ,
962 2599 1006 2633 et
1025 2597 1125 2633 ter-

278 2653 364 2698 tius
384 2652 562 2696 Moreti.
584 2654 782 2695 Junom’a.

330 2720 369 2772 4.
391 2721 475 2761 Per
488 2721 664 2760 celebres
679 2720 800 2760 ludos
815 2721 1129 2773 indigenamque

278 2789 431 2829 bovem.
455 2785 528 2829 Sic
551 2783 796 2828 Columella
815 2798 865 2829 VI
888 2816 899 2838 ,
935 2802 956 2826 2
976 2800 986 2826 ε
1011 2787 1126 2826 Indi-

272 2869 381 2907 gena
395 2856 469 2895 bos
480 2855 624 2895 melior
634 2886 644 2901 ‚
658 2868 781 2907 quam
788 2854 1037 2906 peregrinus.
1056 2853 1128 2892 ln-

264 2921 468 2974 ,digenam
493 2922 714 2973 polionem.
749 2918 930 2970 Florus1,
958 2916 1030 2958 lib.
1060 2929 1097 2957 11
1114 2948 1125 2970 ,

279 2983 396 3027 dixit.
419 2986 627 3038 Jndzgrenae
645 2985 750 3034 Dei,
778 2983 895 3028 Naso
914 2994 962 3025 v1
982 3014 993 3035 ,
1015 2980 1127 3022 Me—

281 3047 581 3104 Metamorph.
608 3047 702 3089 330.

336 3117 372 3156 5.
400 3116 569 3155 Grande
583 3115 897 3166 moroeprelium.
919 3113 964 3153 V
955 3126 1029 3153 oco
1042 3125 1131 3152 me-

276 3181 400 3220 ritum
413 3194 484 3221 sex
496 3177 676 3220 codices.
688 3178 819 3220 Forte
833 3210 844 3231 ‚
861 3177 1129 3219 Grandeloco

281 3247 479 3286 meritum.
495 3243 627 3285 Mart.
639 3243 709 3285 lib.
725 3256 814 3285 VIII
826 3275 837 3296 ,
856 3241 980 3298 Epig.
998 3253 1103 3283 LXIV
1119 3255 1130 3282 t

281 3316 409 3346 Grande
423 3317 484 3347 loci
496 3316 646 3346 meritum
658 3322 816 3345 testantur
825 3322 856 3345 et
867 3316 966 3345 altera
976 3314 1070 3345 dona.
1084 3315 1126 3343 H.

333 3379 371 3420 6.
399 3380 597 3432 Quamvis
610 3378 818 3434 Difficilir
833 3379 954 3418 clivis·
965 3379 1046 3418 buc
1060 3378 1132 3417 via

275 3445 431 3496 proebel
446 3446 534 3486 iter.
557 3443 610 3486 In
631 3458 722 3485 uno
742 3441 945 3486 Mediceo
966 3449 1010 3484 et
1034 3441 1130 3484 Po-

1206 1802 1346 1846 litiani
1380 1811 1475 1845 erat
1510 1801 1694 1845 minime
1731 1797 2061 1844 contemnenda

1206 1869 1337 1912 lectio
1355 1884 1365 1910 :

1207 1945 1335 1976 Grande
1352 1955 1448 1975 morae
1461 1943 1616 1984 pretium,
1632 1943 1714 1973 ritus
1725 1939 1913 1983 cognoscere
1926 1942 2031 1982 grajos
2049 1965 2059 1979 ,

1247 2006 1396 2038 Difficilis
1411 2005 1563 2047 quamvis
1574 2003 1639 2035 huc
1651 2004 1705 2035 via
1718 2003 1837 2044 praebet
1853 2004 1926 2034 iter.

1209 2067 1338 2111 Sacra
1358 2066 1479 2110 enim
1493 2065 1584 2110 haec
1604 2064 1803 2108 Junonia
1823 2081 1874 2107 ex
1891 2063 2059 2107 Graecia

1207 2132 1412 2175 translata
1438 2130 1621 2173 minime
1644 2128 1841 2172 dubium.

1266 2213 1327 2239 12.
1352 2196 1510 2240 Annua
1526 2211 1692 2250 pompa.
1716 2194 1861 2237 Aurea
1890 2192 2061 2236 Palati-

1208 2281 1291 2308 nus
1306 2280 1420 2307 unus
1435 2296 1446 2317 ‚
1467 2261 1583 2320 quod
1605 2261 1843 2318 repetitum
1862 2276 1912 2304 ex
1927 2277 1967 2302 V.
1982 2278 2035 2319 29
2048 2293 2059 2314 ,

1208 2341 1253 2374 et
1265 2349 1381 2389 supr.
1398 2330 1520 2386 Eleg.
1543 2343 1580 2371 11
1598 2361 1609 2383 ,
1632 2330 1710 2383 44,
1729 2337 1847 2385 puto.
1873 2329 2064 2369 Candida

1199 2414 1356 2453 pompa
1385 2395 1549 2438 Moreti
1586 2394 1753 2451 primus
1785 2402 1828 2436 et
1860 2391 2062 2435 Francos.

1208 2478 1231 2504 a
1255 2477 1390 2504 manu
1413 2458 1619 2504 secunda.
1653 2461 1738 2502 Per
1759 2461 1944 2500 vallatas
1967 2458 2064 2498 vias

1207 2526 1326 2569 idem
1350 2526 1631 2578 Francolurt,
1654 2532 1698 2566 et
1720 2522 1944 2566 Palatinus
1968 2519 2060 2578 pri-

1206 2607 1318 2635 mus.
1338 2592 1554 2645 ‘Vulgatas
1572 2588 1886 2632 Scriverianus.

1266 2657 1327 2709 14.
1363 2658 1480 2708 Quas
1511 2657 1622 2696 aluit
1641 2655 1799 2705 campis
1821 2652 1949 2692 herba
1976 2650 2056 2689 Fa-

1206 2722 1315 2762 lisca
1336 2722 1438 2761 suis.
1464 2717 1631 2761 Plinius
1650 2730 1687 2758 11
1708 2747 1720 2769 ,
1757 2715 1834 2757 103
1854 2727 1866 2752 :
1890 2715 1941 2755 In
1962 2715 2058 2755 Fa—

1206 2790 1311 2828 lisco
1325 2819 1334 2836 ,
1357 2785 1498 2841 inquit
1509 2817 1520 2838 ,
1548 2785 1752 2826 Clitumni
1764 2784 1901 2823 amnis
1910 2784 2062 2834 potata

1207 2866 1319 2906 aqua
1349 2852 1552 2892 candidos
1576 2852 1697 2891 boves
1720 2847 1852 2903 facil.
1903 2845 2061 2900 Quum

1208 2915 1341 2971 igitur
1362 2914 1534 2956 dixisset
1556 2922 1684 2969 poeta
1705 2925 1716 2951 :

1208 2985 1383 3014 Ducuntur
1397 2983 1499 3012 niveoe
1508 3005 1518 3020 ‚
1538 2981 1659 3022 populo
1673 2980 1866 3022 plaudente,
1881 2980 2028 3020 juvencae
2040 2987 2050 3016 3

1209 3044 1355 3086 statim
1377 3042 1601 3099 subjungit
1622 3058 1632 3084 :

1251 3115 1341 3153 Quas
1355 3113 1438 3143 aluit
1451 3111 1575 3153 campis
1590 3110 1690 3141 herba
1703 3109 1830 3141 Falisca
1845 3107 1924 3138 suis.

1211 3173 1403 3219 Perinde
1435 3190 1483 3216 ac
1505 3173 1540 3215 si
1560 3171 1674 3214 dicat
1696 3182 1706 3210 t
1734 3168 1901 3225 Quales
1923 3183 2058 3225 pecu-

1210 3241 1375 3284 liariter
1408 3240 1455 3282 in
1483 3254 1586 3295 agro
1614 3237 1780 3280 Falisco
1810 3235 2062 3288 hahentur,

1211 3315 1390 3363 propter
1409 3319 1587 3346 amnem
1606 3301 1886 3344 Clitumnum
1902 3331 1912 3353 ,
1938 3298 2060 3352 cujus

1214 3373 1334 3428 aquis
1363 3372 1502 3413 inesse
1540 3370 1603 3412 vis
1638 3367 1897 3411 credebatur
1913 3396 1924 3418 ,
1963 3378 2059 3418 quae

1213 3437 1484 3482 candidiores
1510 3435 1718 3479 efficeret.
1738 3433 1807 3475 De
1833 3429 2056 3495 Clitumno
