2268 3776
190 279 298 347 2530

647 281 709 332 P.
757 280 1057 337 OVIDII
1101 280 1474 337 NASONIS

188 392 399 455 Perfide
423 394 828 477 Demophoon,
855 397 1050 456 surdas
1080 396 1353 458 clamabat
1377 398 1447 458 ad
1475 398 1651 460 undas
1675 422 1687 474 3

233 481 243 511 s
268 494 569 576 Ruptaque
598 493 848 572 singultu
878 495 1044 555 verba
1075 494 1316 555 dolentis
1348 509 1519 556 erant.

187 591 369 652 Limes
398 606 512 652 erat
538 592 718 653 tenuis
739 640 752 663 ‚
781 591 945 671 longa
974 591 1315 653 subnubilus
1342 595 1541 654 umbra
1559 642 1573 667 ,

269 690 401 769 Quo
435 689 564 749 tulit
586 689 680 750 illa
713 714 846 750 suos
874 691 943 750 ad
972 714 1119 750 mare
1151 713 1293 773 saepe
1324 691 1509 774 pedes.

1891 713 1975 754 60⁶»

184 787 348 867 Nona
374 786 653 846 terebatur
681 786 890 847 miserae
920 787 1006 845 via
1032 811 1043 845 ε
1068 785 1298 858 videris,
1332 786 1519 869 inquit
1544 812 1556 846 z

263 886 339 943 Et
369 893 580 966 spectat
609 908 803 944 zonam
835 883 1040 966 pallida
1070 883 1216 943 facta
1241 908 1413 944 suam.

184 980 440 1063 Adspicit
470 997 525 1042 et
552 1006 735 1042 ramos
763 1006 774 1041 :
802 981 1053 1053 dubitat,
1082 979 1399 1062 refugitque
1431 980 1586 1063 quod
1615 980 1809 1052 audet;

265 1080 340 1137 Et
368 1078 553 1150 timet,
580 1093 633 1138 et
659 1079 864 1158 digitos
896 1077 966 1138 ad
1000 1101 1098 1137 sua
1127 1077 1270 1138 colla
1300 1077 1483 1138 refert.

185 1174 411 1234 Sithoni
430 1222 443 1247 ,
472 1189 604 1234 tunc
636 1190 778 1235 certe
808 1174 1005 1236 vellem
1034 1198 1151 1234 non
1182 1173 1302 1235 sola
1327 1175 1565 1246 fuisses;

1895 1192 1978 1235 605

263 1273 393 1332 Non
424 1271 581 1332 fleres
610 1273 809 1354 positis
841 1270 1128 1355 Phyllida,
1158 1270 1322 1344 silva,
1351 1271 1522 1331 comis
1547 1274 1560 1331 l

185 1368 458 1452 Phyllidis
491 1368 740 1451 exemplo
770 1369 1004 1428 nimium
1031 1367 1240 1430 secreta
1270 1369 1459 1430 timete
1477 1415 1492 1443 ,

265 1468 416 1527 Laese
445 1467 530 1525 vir
555 1491 583 1526 a
615 1466 866 1539 domina,
893 1466 1020 1527 laesa
1049 1465 1235 1549 puella
1263 1466 1398 1526 viro.

185 1586 618 1645 PRAESTITERAT
643 1584 891 1665 juveniS,
921 1584 1198 1667 quidquid
1229 1608 1349 1645 mea
1379 1585 1548 1662 Musa
1574 1584 1846 1667 jubebat3

265 1690 443 1771 Inque
475 1711 586 1748 suae
613 1702 785 1770 portu
814 1711 977 1771 poene
1007 1687 1201 1748 salutis
1233 1683 1392 1748 erat(

1899 1706 1980 1748 610

184 1792 465 1863 Reccidit,
492 1806 556 1850 ut
586 1791 821 1873 cupidos
849 1792 994 1851 inter
1025 1791 1247 1852 devenit
1277 1806 1522 1852 amantes
1547 1816 1560 1864 ;

265 1897 366 1966 Et,
396 1917 516 1976 quae
543 1892 893 1966 condiderat,
924 1893 1031 1954 tela
1060 1895 1322 1954 resumsit
1352 1896 1543 1955 Amor.

183 1995 245 2055 Si
277 1995 401 2078 quis
433 2018 581 2055 amas
600 2041 614 2066 ,
641 2018 743 2054 nec
773 1994 856 2054 vis
877 2041 892 2066 ,
918 1994 1084 2054 facito
1119 1995 1374 2073 contagia
1405 1995 1569 2055 vites:

264 2100 397 2158 Haec
428 2098 592 2158 etiam
622 2097 813 2180 pecori
845 2117 988 2180 saepe
1016 2121 1216 2158 nocere
1248 2097 1447 2158 solent.

239 2255 333 2314 598.
363 2256 585 2310 Ruptaque
603 2256 792 2308 singultu
818 2255 945 2294 verba
967 2255 1043 2294 lo—

181 2324 357 2377 quentis.
378 2322 603 2375 Raptaque
624 2319 789 2375 Regius
810 2327 854 2361 et
876 2319 1044 2361 Putea-

183 2401 316 2429 neus:
332 2401 423 2427 non
441 2385 594 2441 probo.
614 2383 743 2426 Idem
759 2383 945 2439 Regius,
965 2385 1045 2426 do—

181 2454 406 2508 lent125‚pro
416 2448 781 2492 diversalectione
794 2465 804 2491 z
818 2447 1042 2504 quomodo

182 2525 353 2573 septem
364 2515 444 2558 alii.
455 2514 610 2566 Recte;
626 2513 702 2557 sed
715 2518 924 2569 querentis
935 2521 1043 2570 puto

183 2579 467 2625 scribendum
479 2612 491 2633 ,
508 2595 596 2635 quo
614 2579 750 2621 verbo
772 2576 936 2622 Noster
956 2578 1043 2621 im·-

184 2662 318 2703 pense
341 2644 515 2703 gaudet.
536 2644 609 2688 Sic
626 2644 741 2687 infra
758 2645 866 2699 644:

215 2719 331 2759 Deque
343 2723 399 2746 tua
412 2715 543 2747 domina
556 2714 661 2744 multa
677 2714 849 2755 querenda
862 2712 974 2743 refers.
993 2712 1040 2743 H.

238 2778 336 2821 601.
361 2779 541 2827 Viderit,
564 2779 710 2832 inquit.
729 2773 938 2831 Optimus
955 2775 1045 2817 Pa-

185 2843 357 2886 tavinus
376 2875 388 2897 ,
407 2843 563 2884 videris
575 2874 586 2891 ,
616 2847 666 2882 ut
685 2855 731 2882 se
750 2839 889 2896 ipsam
911 2838 1044 2882 adlo-

186 2916 348 2966 quatur
368 2924 379 2950 z
403 2905 630 2963 quomodo
651 2921 764 2962 saepe
786 2905 899 2948 alias.

239 2973 335 3016 603.
363 2973 568 3028 Adspicit
589 2978 633 3014 et
659 2987 799 3015 ramos
818 2986 830 3013 :
851 2973 1040 3021 dubitat,

183 3037 412 3094 affigitque
446 3040 560 3094 quod
583 3039 713 3079 audet
746 3045 826 3079 etc.
865 3035 1046 3079 Rectius

189 3113 297 3162 puto
318 3104 602 3147 scribendum
619 3119 629 3146 :

186 3179 342 3220 Adspicit
350 3186 382 3209 et
396 3190 502 3210 ramos
517 3178 670 3210 dubitans
678 3177 874 3220 fugiensque
880 3177 968 3220 quod
974 3176 1085 3215 audet,

226 3244 268 3274 Et
282 3242 396 3274 timide
409 3242 527 3283 digitos
545 3242 587 3273 ad
602 3252 659 3272 sua
676 3242 760 3273 cona
776 3240 886 3272 refert.

196 3306 360 3347 Timide
374 3338 384 3355 ,
405 3312 455 3346 ut
476 3304 591 3346 infra
619 3321 695 3360 722
714 3318 723 3346 :
979 3348 982 3351 ,

228 3373 283 3403 Tu
297 3373 410 3403 timide
424 3371 560 3403 ssammae
576 3372 696 3414 perfida
710 3371 809 3403 verba
823 3371 940 3402 dabis?
952 3373 999 3402 H.

241 3433 338 3476 606.
360 3436 454 3479 Non
462 3436 602 3489 fleres.
626 3435 792 3476 Messes
806 3434 835 3476 J
840 3434 954 3477 ureti
966 3450 1043 3477 co-

1128 2251 1211 2295 dex
1227 2259 1271 2295 et
1286 2259 1454 2309 septem
1471 2248 1539 2294 alii
1556 2265 1658 2294 cum
1672 2249 1811 2294 altero
1821 2249 1982 2307 Regio:

1127 2317 1216 2360 duo
1228 2317 1317 2361 mei
1339 2325 1383 2361 et
1398 2316 1488 2359 duo
1509 2315 1577 2359 alii
1591 2318 1769 2372 ,βσνωι
1790 2325 1840 2358 ut
1862 2319 1904 2360 τὸ
1917 2317 1983 2357 Si-

1122 2386 1248 2428 thoni
1257 2383 1304 2425 in
1325 2381 1542 2440 superiori
1559 2397 1687 2426 versu
1701 2415 1712 2437 ,
1736 2395 1840 2424 cum
1862 2384 1983 2438 sylva

1125 2458 1417 2492 construatur.
1447 2449 1544 2491 Non
1574 2449 1669 2489 sola
1693 2446 1740 2488 iu
1769 2445 1985 2503 superiori

1125 2531 1255 2558 versu
1276 2513 1436 2572 Scripti
1454 2547 1466 2569 ,
1489 2529 1571 2571 pro
1591 2529 1653 2556 ne.
1676 2511 1816 2555 IDEM.

1180 2581 1276 2639 607.
1306 2581 1495 2623 Nimium
1527 2583 1690 2621 secreta
1721 2582 1875 2619 cavete.
1908 2578 1986 2620 Tl-

1126 2652 1230 2688 mete
1247 2645 1395 2701 scripti
1416 2652 1460 2687 et
1478 2643 1621 2701 prima
1641 2641 1790 2686 editio.

1180 2710 1230 2752 61
1242 2728 1276 2752 1.
1306 2711 1495 2753 Decfflic
1514 2709 1619 2751 Duo
1636 2741 1648 2763 ,
1671 2709 1858 2751 Accua.
1879 2706 1982 2749 Re-

1127 2776 1220 2833 gius
1237 2809 1248 2830 ‚
1264 2778 1464 2819 Reccidit
1477 2809 1487 2825 ‚
1506 2783 1588 2832 pr'o
1608 2776 1796 2823 Recidit,
1822 2781 1872 2815 ut
1890 2773 1983 2815 sere

1126 2848 1301 2897 semper
1320 2839 1524 2883 scribitur
1543 2838 1592 2881 in
1611 2837 1910 2882 vetustissimis
1930 2838 1986 2880 li·-

1125 2907 1214 2950 bris
1231 2939 1242 2961 ,
1263 2906 1441 2963 quando
1461 2905 1605 2963 prima
1625 2904 1788 2964 syllaba
1808 2903 1984 2962 produ-

1127 2972 1262 3015 citur:
1275 2980 1407 3015 recte.
1421 2974 1596 3015 Recidit
1613 2971 1747 3014 etiam
1766 2979 1830 3014 est
1846 2970 1893 3013 in
1908 2986 1985 3013 ex·-

1127 3037 1285 3094 cerptis
1307 3036 1526 3094 Scaligeri.
1548 3037 1716 3079 Hmss.

1180 3104 1275 3147 612.
1306 3106 1370 3147 Et
1383 3119 1473 3160 qua·
1493 3106 1739 3147 deciderant
1754 3105 1851 3146 tela.
1875 3103 1983 3144 Con-

1127 3174 1321 3214 ciderant
1331 3170 1526 3227 plerique
1548 3179 1718 3214 veteres
1734 3185 1744 3212 z
1758 3184 1872 3211 unus
1884 3200 1895 3222 ,
1912 3183 1985 3210 ce-

1127 3239 1318 3280 ciderant
1328 3254 1340 3279 :
1362 3237 1468 3279 alius
1480 3269 1491 3291 ,
1507 3239 1765 3287 reciderant;
1786 3232 1861 3277 sed
1876 3233 1983 3276 Sar-

1127 3303 1329 3346 ravianus
1342 3335 1354 3357 ,
1373 3302 1482 3345 alter
1494 3301 1658 3358 Regius
1671 3334 1683 3355 ,
1700 3308 1744 3343 et
1761 3315 1876 3342 unus
1891 3300 1982 3340 Va-

1127 3367 1292 3411 ticanus
1309 3401 1320 3422 ,
1344 3370 1612 3410 condiderat:
1627 3366 1762 3423 probe
1780 3384 1790 3419 ;
1813 3365 1860 3408 in
1878 3363 1980 3421 pha-

1125 3441 1242 3475 retra
1265 3432 1478 3475 videlicet.
1512 3432 1649 3474 IDEM.
