2268 3776
554 280 826 337 ARTIS
871 278 1345 335 AMATORIAE
1389 283 1549 337 LIB.
1594 284 1681 336 11.
1906 283 2013 337 315

313 399 572 471 Felicem,
605 397 672 459 de
700 420 812 481 quo
844 395 969 457 laesa
996 394 1180 479 puella
1211 395 1398 458 dolet!

233 498 404 577 Quae,
429 494 591 557 simul
622 495 819 557 invitas
846 493 1051 555 crimen
1081 495 1333 578 pervenit
1361 494 1430 556 ad
1462 518 1647 567 aure3‚

312 594 559 667 Excidit,
590 608 644 654 et
670 593 880 655 miserae
908 616 1127 676 voxque
1157 591 1423 676 colorque
1450 592 1611 671 sugit.

1932 608 2017 665 450

231 691 331 753 Ille
358 717 459 771 ego
490 691 593 754 sim
610 739 625 765 ‚
651 691 808 774 cujus
837 690 1005 752 laniet
1028 690 1237 753 furiosa
1266 689 1497 775 capillos
1520 715 1533 751 ε

312 789 412 850 Ille
441 814 544 869 ego
578 790 712 863 sim,
743 804 955 850 teneras
983 789 1072 850 cui
1102 803 1255 873 petat
1283 812 1469 867 ungue
1500 809 1700 867 genas:

231 887 415 967 Quom
441 886 621 947 videat
647 886 966 948 lacrimans:
994 909 1158 970 quem
1186 885 1356 947 torvis
1384 898 1597 968 spectet
1625 879 1846 942 ocellis:

313 984 445 1064 Quo
477 985 594 1046 sine
623 1009 736 1045 non
766 985 950 1070 possit
974 985 1152 1045 vivere
1173 1008 1186 1057 3
1206 1006 1373 1068 posse
1403 980 1568 1043 velit!

229 1081 291 1142 Si
318 1082 557 1166 spatium
589 1107 828 1167 quaeras3
857 1083 1024 1144 breve
1054 1082 1157 1155 sit,
1187 1106 1300 1167 quo
1328 1079 1454 1143 laesa
1485 1093 1783 1165 queratur:
1935 1094 2020 1151 455

307 1181 393 1240 Ne
423 1179 570 1241 lenta
598 1181 739 1242 vires
769 1179 997 1261 colligat
1026 1181 1107 1243 ira
1133 1205 1309 1241 mora.

230 1278 477 1339 Candida
498 1278 822 1360 jamdudum
853 1279 1147 1359 cingantur
1173 1278 1317 1339 colla
1344 1275 1562 1337 lacertis
1582 1322 1599 1349 ,

308 1378 485 1459 Inque
517 1391 645 1437 tuos
674 1376 811 1438 flens
843 1391 926 1438 est
953 1376 1270 1460 accipienda
1302 1374 1474 1435 sinus.

233 1470 440 1539 Oscula
473 1478 541 1539 da
567 1479 721 1540 flenti
747 1504 759 1539 :
783 1480 1019 1540 Veneris
1051 1479 1120 1539 da
1145 1477 1343 1558 gaudia
1369 1476 1541 1537 flenti.

312 1583 427 1643 Pax
457 1584 561 1643 erit
584 1609 596 1643 :
622 1584 730 1644 hoc
761 1609 877 1645 uno
911 1583 1148 1644 solvitur
1178 1584 1259 1643 ira
1283 1581 1473 1642 modo,

1940 1593 2025 1648 460

233 1684 425 1764 Quum
453 1685 597 1747 bene
627 1687 883 1759 saevierit,
910 1710 1083 1770 quum
1110 1699 1257 1746 certa
1282 1683 1567 1745 videbitur
1595 1680 1810 1760 hostis,

311 1790 456 1848 Tum
485 1803 611 1872 pete
640 1790 974 1850 concubitus
1004 1789 1209 1850 foedera
1235 1814 1247 1848 ε
1278 1787 1431 1848 mitis
1463 1785 1582 1848 erit.

228 1890 350 1951 Illic
380 1891 650 1975 depositis
676 1893 893 1953 habitat
923 1892 1239 1953 Concordia
1268 1890 1427 1951 telis:

307 1994 415 2056 Illo
432 2043 446 2070 ‚
475 1997 634 2057 crede
661 1997 830 2071 mihi,
865 1998 1056 2059 Gratia
1082 2012 1211 2058 nata
1238 1996 1367 2057 loco
1398 2008 1499 2055 est.

284 2177 378 2233 448.
405 2179 586 2221 Felicem
599 2211 610 2229 ‚
633 2179 686 2222 de
703 2195 783 2235 quo
810 2181 914 2221 laesa
934 2181 1084 2236 puella

229 2242 370 2286 dolet!
395 2241 541 2286 Tibul.
562 2243 606 2295 I,
629 2242 752 2300 Eleg.
776 2257 824 2285 xl
841 2275 853 2298 ‚
877 2243 955 2297 54:

694 2319 820 2358 Quater
833 2318 889 2348 ille
902 2317 1016 2348 beatus
1030 2340 1042 2356 ,

271 2377 348 2418 Quo
365 2383 475 2409 tenera
485 2377 568 2409 irato
579 2377 655 2410 flere
668 2378 776 2419 puella
791 2385 895 2420 potest
910 2379 918 2410 l

286 2438 382 2492 450.
419 2440 589 2495 Vosque
607 2442 811 2495 colorque.
832 2439 1022 2484 Sarravii
1038 2448 1083 2483 et

229 2509 320 2546 tres
353 2502 448 2557 alii,
478 2520 672 2560 mensque
697 2507 889 2562 colorque
910 2521 924 2548 .·
951 2514 1002 2550 ut
1025 2519 1084 2548 111

232 2569 420 2612 Metam.
437 2585 492 2629 99
511 2585 522 2612 ε

228 2643 290 2674 Ille
307 2644 367 2675 diu
381 2645 520 2686 pavidus
534 2668 546 2683 ,
572 2645 695 2686 pariter
717 2656 757 2677 cu

228 2705 418 2737 Perdiderat
433 2718 443 2747 ;

230 2766 307 2810 ubi
327 2767 462 2811 etiam
479 2783 574 2811 cum
596 2784 697 2812 voce
717 2768 802 2811 alii.
819 2768 986 2812 BURM.

760 2656 794 2676 m
814 2653 924 2677 mente
941 2645 1085 2678 colorem

286 2832 381 2885 451.
391 2834 558 2877 Lam'et.
569 2836 736 2890 Rapiat
741 2834 829 2877 duo
840 2835 950 2886 libri,
963 2834 1083 2892 quod

231 2895 405 2940 furiosae
439 2913 534 2941 non
567 2900 682 2942 male
718 2900 937 2944 convenit.
974 2901 1084 2944 Mox

235 2960 474 3014 Vossianus
494 2971 539 3006 et
558 2963 894 3020 Argentinensis
908 2998 920 3021 ,
933 2971 1008 3010 cui
1016 2982 1085 3010 se-

233 3031 303 3069 cet
318 3042 454 3080 ungue
467 3043 612 3081 genas.
634 3028 736 3071 Vid.
753 3029 889 3085 Epist.
906 3044 955 3083 v,
981 3049 1045 3087 72.

289 3091 384 3145 453.
397 3092 526 3145 Quem
533 3096 670 3135 torvis.
687 3095 816 3146 Quem
825 3100 964 3137 torvus
970 3111 1084 3150 spec-

234 3163 295 3201 tet
305 3160 464 3201 ocellus
473 3191 483 3209 ‚
509 3158 672 3215 Regius
686 3168 730 3203 et
744 3160 929 3204 Palatin.
948 3166 1085 3206 oculis

233 3239 351 3280 quem
370 3228 529 3278 spectet
551 3228 708 3268 amaris
731 3224 946 3269 Beruens.
965 3231 1086 3270 exci—

225 3290 386 3342 pienda
403 3286 492 3329 duo
510 3287 621 3330 libri.

290 3354 384 3408 460.
404 3355 586 3396 Solvitur
596 3358 674 3398 ira.
695 3355 781 3399 Vel
799 3359 980 3408 tollitur,
999 3358 1084 3401 Re·

240 3418 357 3475 gius:
377 3417 495 3474 quod
518 3427 562 3461 et
582 3419 628 3462 in
652 3420 742 3463 aliis
760 3421 982 3466 nonnullis
1010 3437 1088 3466 oo—

1163 2179 1314 2224 currit.
1337 2178 1508 2221 Hssms.
1533 2175 1593 2218 Et
1620 2172 1822 2217 dolorem
1846 2171 1908 2216 ita
1928 2173 2029 2214 tolli

1167 2244 1297 2288 docet
1317 2243 1427 2287 Stat.
1450 2241 1593 2284 Theb.
1615 2254 1651 2282 11
1667 2272 1681 2293 ,
1704 2237 1811 2281 353:

1507 2345 1546 2365 ν.
1570 2323 1803 2362 Teucrumque
1815 2318 1962 2350 dolorem

1167 2386 1324 2427 Coniugis
1337 2384 1491 2426 amplexu
1505 2383 1629 2415 sol-tur
1638 2405 1648 2420 ,
1663 2388 1697 2412 et
1711 2380 1823 2412 οκιὼ
1837 2378 1962 2411 moestis

1165 2447 1375 2490 Tempestiva
1389 2446 1479 2487 genis
1493 2444 1618 2487 posuit,
1627 2443 1843 2483 lacrimasque
1859 2441 2026 2482 repressit.

1222 2508 1318 2563 463.
1325 2509 1560 2563 Depositis.
1571 2506 1828 2559 Compositis
1838 2501 1891 2545 M
1893 2501 2004 2544 oreti
2013 2535 2024 2555 ,

1168 2573 1392 2630 eleganter
1411 2588 1422 2615 :
1444 2572 1491 2614 in
1513 2569 1719 2627 pharetra
1737 2568 1900 2612 scilicet
1916 2599 1929 2621 ,
1957 2566 2025 2609 vel

1168 2640 1252 2683 alio
1268 2638 1529 2696 repositorio
1544 2670 1556 2692 ,
1578 2653 1667 2694 quo
1688 2645 1888 2693 tempore
1909 2634 2026 2691 pacis

1167 2706 1412 2763 quiescunt.
1434 2706 1686 2760 Componere
1702 2703 1825 2747 enim
1844 2709 1909 2744 est
1928 2715 2027 2743 rem

1164 2787 1246 2814 suo
1263 2771 1359 2816 loco
1380 2778 1479 2828 apte
1497 2785 1664 2827 ponere
1680 2787 1690 2820 ;
1706 2769 1768 2812 sic
1784 2781 2027 2821 componete

1162 2839 1296 2882 libros
1310 2837 1357 2880 in
1369 2835 1633 2884 bibliotheca
1648 2867 1660 2888 ‚
1683 2833 1755 2876 lib.
1776 2833 1814 2886 Ι,
1829 2833 1963 2876 Pont.
1979 2846 1997 2874 1
2010 2864 2022 2884 ,

1172 2919 1217 2945 ιι
1239 2917 1250 2945 :
1269 2900 1388 2958 quod
1409 2899 1643 2956 Propertio
1671 2897 1865 2942 reddidit
1883 2896 1955 2940 lib.
1974 2897 1997 2938 I
2010 2931 2021 2946 ‚

1167 2966 1292 3024 Eleg.
1307 2981 1355 3010 lx
1371 2999 1383 3020 ,
1411 2966 1459 3008 13
1474 2998 1485 3019 ,
1502 2963 1805 3008 Broukhusius
1820 2995 1832 3017 ,
1853 2977 1935 3019 pro
1949 2963 2027 3004 de·-

1156 3048 1314 3088 ponere
1324 3066 1338 3084 ‚
1354 3030 1429 3074 ubi
1441 3029 1615 3087 egregia
1625 3028 1823 3086 exempla
1835 3026 1991 3071 adduci
1997 3035 2025 3069 t.

1222 3098 1316 3152 464.
1346 3099 1450 3147 Illo,
1463 3098 1588 3142 crede
1605 3098 1727 3146 mibi,
1753 3096 1909 3137 Gratia
1920 3098 2028 3136 nala

1165 3167 1261 3207 loco
1289 3169 1366 3206 est.
1385 3164 1548 3205 Juncla
1573 3170 1663 3205 tres
1687 3160 1836 3217 scripti
1863 3176 1874 3203 ε
1903 3175 2025 3216 quo—

1166 3227 1303 3271 modo
1313 3236 1357 3270 et
1368 3226 1791 3270 Arundelianus.Un
1797 3225 1850 3268 de
1863 3226 2026 3268 Petrus

1168 3291 1410 3336 Seriverius
1423 3323 1435 3345 ,
1452 3290 1721 3348 adprobante
1735 3291 1783 3333 in
1798 3288 2027 3333 Observa-

1167 3357 1359 3402 tionibus
1377 3357 1607 3401 Gronovio
1620 3356 1692 3399 lib.
1707 3369 1765 3398 111
1777 3388 1789 3410 ,
1806 3371 1898 3412 cap.
1914 3372 1961 3397 21
1983 3372 1994 3397 ι

1208 3426 1282 3457 Illic
1298 3449 1308 3464 ,
1325 3425 1420 3457 enede
1433 3425 1514 3457 mihi
1525 3449 1538 3467 ,
1561 3426 1674 3458 Gnatia
1687 3427 1803 3467 juncta
1814 3425 1886 3456 loco
1899 3431 1961 3455 est.
