2268 3776
587 372 985 432 AMORUM
1047 375 1097 428 ι.
1144 373 1391 429 ELEG.
1435 337 1614 433 xlv.
1921 378 1994 456 67

296 496 500 561 Erudit
525 493 771 557 admotas
801 493 921 576 ipse
950 488 1183 575 capillus
1214 514 1361 552 acus,
1942 517 1998 558 30

214 598 491 659 Formosae
514 591 724 677 periere
754 612 950 664 comae‚
984 612 1121 673 quas
1148 586 1312 650 vellet
1340 585 1579 672 Apollo,

299 693 454 773 Quas
487 688 652 752 vellet
680 688 848 772 capiti
873 686 1126 749 Bacchus
1155 685 1334 747 inesse
1366 709 1484 747 suo.

215 789 336 854 Illis
366 786 721 859 contulerim,
756 809 892 870 quas
925 784 1208 869 quondam
1237 782 1388 845 nuda
1418 783 1601 845 Dione

295 886 558 965 Pingitur
584 883 840 946 humenti
869 882 1201 950 sustinuisse
1229 905 1414 943 manu.

214 983 373 1065 Quid
402 981 541 1044 male
569 981 916 1065 compositos
943 980 1191 1064 quereris
1217 979 1448 1063 periisse
1480 978 1751 1063 capillos?
1951 1000 2008 1044 35

297 1081 455 1162 Quid
484 1078 772 1164 speculum
803 1092 998 1139 moesta
1025 1077 1192 1161 ponis
1223 1076 1412 1160 inepta
1440 1101 1608 1138 manu
1633 1078 1660 1138 Ξ)

213 1178 345 1241 Νοιι
371 1177 514 1240 bene
545 1175 826 1238 consuetis
857 1199 888 1235 a
917 1188 970 1235 te
1001 1173 1270 1258 spectaris
1296 1172 1517 1235 ocellis:

295 1277 376 1337 Ut
405 1274 649 1360 placem,
683 1272 854 1335 debes
883 1271 1176 1333 immemor
1202 1294 1322 1332 esse
1354 1271 1454 1332 tui.

213 1373 346 1436 Non
375 1386 428 1434 te
457 1386 687 1434 cantatae
715 1369 977 1432 laeserunt
1005 1368 1222 1453 pellicis
1247 1368 1469 1442 herbae;

295 1470 428 1532 Non
459 1493 598 1532 anus
629 1467 922 1529 Haemonia
950 1466 1163 1551 perfida
1190 1465 1325 1527 lavit
1353 1490 1512 1550 aqua.
1956 1485 2013 1541 40

215 1569 332 1631 Nec
366 1567 472 1628 tibi
501 1567 586 1628 vis
610 1565 796 1627 morbi
823 1564 1052 1638 nocuit;
1084 1562 1284 1648 procul
1314 1588 1480 1625 omen
1509 1563 1731 1636 abest0‚

296 1665 415 1726 Nec
443 1664 648 1726 minuit
678 1664 875 1725 densas
906 1661 1094 1723 invida
1121 1661 1313 1742 lingua
1343 1684 1545 1722 comas,

216 1761 383 1823 Facta
410 1785 578 1846 manu
609 1760 883 1845 culpaque
916 1774 1013 1821 tua
1046 1759 1340 1844 dispendia
1370 1758 1581 1820 sentis:

297 1861 430 1943 Ipsa
454 1859 627 1921 dabas
657 1858 825 1943 capiti
853 1858 1027 1919 mixta
1055 1881 1265 1919 venena
1295 1871 1411 1918 tuo.

269 2017 340 2060 30.
361 2017 521 2061 Emda
542 2018 740 2061 admotas
764 2019 857 2074 ψει
888 2018 1074 2073 capillus

214 2097 333 2126 acus.
367 2081 496 2127 Adeo
530 2082 759 2138 flexibilis,
803 2092 854 2128 ut
894 2081 1073 2128 admota

213 2155 390 2191 tantum
407 2163 516 2203 acu,
537 2148 585 2192 in
601 2148 757 2192 orbem
775 2165 821 2193 se
839 2147 1020 2192 docilis'
1006 2164 1073 2193 m-

215 2210 443 2266 flecterem
466 2212 587 2257 unde
607 2212 717 2257 nihil
739 2214 859 2257 ferro
879 2213 980 2257 vel'
968 2229 1070 2271 igne

1158 2019 1244 2062 To'no
1265 2017 1526 2073 ἄναὼομὲναν
1555 2015 1628 2059 ἆτό
1648 2015 1808 2079 portien
1835 2018 1924 2080 ἔφη
1944 2024 2017 2062 90:-

1268 2084 1409 2131 λέπας

1208 2150 1384 2210 Rus-pne,
1416 2151 1618 2193 Aaesntiou
1649 2149 1794 2202 μ’χθαν
1826 2148 1892 2208 ἔρα
1919 2166 2016 2209 71⁵²*

1267 2218 1398 2272 αἶθος,

215 2291 326 2334 opus
358 2286 481 2333 erat,
521 2277 598 2335 qui
633 2277 863 2322 erudirent
882 2311 895 2333 ,
931 2293 1072 2336 quum
1150 2285 1213 2327 Ως
1241 2284 1330 2341 χερὶ
1355 2279 1630 2340 συμμάρψασα
1665 2276 1875 2339 διάβροχον
1900 2279 1998 2321 ὑδατ
1978 2296 2018 2320 ἐ

215 2340 338 2398 ipse,
368 2351 419 2386 ut
437 2343 497 2386 ita
517 2342 688 2398 dicam,
709 2346 906 2387 erudit-el.

273 2408 341 2452 31.
368 2411 579 2453 Formosa
591 2414 755 2466 periere
773 2424 931 2462 come,
969 2425 1078 2467 quas

217 2475 350 2515 velle!
365 2474 523 2529 Apollo
541 2483 628 2520 etc.
653 2477 772 2530 Quas
784 2479 930 2531 portet
942 2509 953 2526 ‚
984 2491 1076 2533 op·-

217 2536 352 2581 timus
374 2538 612 2583 Palatinus.
643 2539 764 2597 Lego
783 2573 794 2595 ,
823 2556 927 2596 quas
946 2545 1076 2596 optet.

274 2602 341 2645 33.
383 2605 650 2648 Contulen'm.
681 2602 1075 2662 comparaverim3

219 2674 270 2711 ut
290 2667 407 2724 apud
426 2668 716 2725 Juvenalem,
747 2669 838 2714 Sat.
859 2683 902 2726 1,
938 2673 1016 2714 105
1037 2686 1048 2715 :

583 2766 621 2776 ...
639 2745 700 2777 Sed
716 2745 862 2788 quinque
873 2746 1015 2778 taberna

219 2801 460 2845 Qudringintn
480 2811 595 2848 purant
612 2817 622 2838 ι
640 2806 723 2849 quid
749 2807 879 2852 consere
898 2813 1045 2851 purpura

327 2866 435 2908 major

221 2925 438 2968 Opundum?
452 2928 481 2958 οἰ
496 2933 560 2960 etc.

220 3012 278 3023 —
301 2991 422 3045 Quas
437 2994 646 3048 quondam
666 2995 781 3037 nuda
800 2995 944 3038 Dione
963 2987 1085 3051 pin--x

217 3059 338 3114 gitur
359 3062 440 3099 etc.
462 3055 689 3115 Insignem
711 3059 901 3103 Veneris
917 3077 942 3104 e
964 3061 1078 3104 mari

222 3120 489 3178 emergentis
508 3122 702 3166 tabulam
728 3125 782 3168 ab
805 3125 958 3182 Apelle
986 3126 1076 3171 de—

223 3186 386 3244 pictam
406 3185 568 3230 indicat
582 3219 594 3242 ,
618 3187 673 3231 de
695 3205 781 3246 qua
794 3189 909 3234 Plin.
929 3205 1075 3248 xxxv,

228 3265 291 3294 ιο.
315 3249 499 3294 Exstant
515 3266 566 3294 ea
580 3250 634 3295 de
647 3254 758 3297 rein
778 3253 957 3299 Anthol.
972 3256 1078 3299 Pla-

223 3316 331 3360 nud.
371 3331 421 3360 ιν
437 3350 451 3373 ,
493 3334 585 3375 cap.
621 3332 716 3373 ΧΠ,
748 3319 1078 3378 Epigrammata

225 3383 420 3441 quinque
439 3417 453 3440 ‚
491 3401 684 3442 quorum
721 3387 1036 3445 lepidissimum
1061 3423 1075 3446 ,

226 3448 345 3505 quod
382 3458 448 3493 est
478 3450 701 3509 Antipatri
733 3453 933 3509 Sidonii,
958 3455 1077 3502 ultro

224 3512 296 3558 hic
314 3530 406 3560 sese
423 3515 553 3559 offert
574 3529 585 3557 z

1270 2350 1412 2401 χαίταν
1426 2378 1439 2400 ,

1209 2415 1386 2455 Εκθλίὲει
1395 2428 1557 2492 ἱνεντείκυν
1578 2409 1694 2471 cipp&
1714 2410 1787 2453 ἄπο
1803 2412 2017 2467 πλοκάμων.

1157 2478 1283 2523 ,AS-eh
1304 2483 1368 2519 νῦν
1390 2477 1551 2538 ἐρέουσιν
1565 2480 1737 2526 Δθηναιή
1755 2497 1795 2521 τε
1807 2483 1874 2521 καὶ
1892 2484 1995 2540 Ηρῆ,

1212 2542 1333 2584 0231*
1314 2559 1371 2583 ere
1386 2558 1446 2584 σοι
1465 2546 1616 2602 μορφᾶς
1632 2544 1685 2588 εις
1697 2544 1773 2603 ἶριν
1788 2542 1927 2604 ε’ρχομε
1913 2550 1988 2586 εθα.

1211 2603 1280 2647 35.
1323 2605 1441 2659 Quid
1466 2607 1579 2648 male
1605 2611 1870 2662 compositos.
1909 2608 2013 2652 Non

1157 2667 1323 2712 damno
1337 2669 1452 2714 hanc
1466 2669 1733 2715 lectionem:
1722 2671 1846 2716 ·libri
1862 2681 2014 2716 tamen

1157 2733 1361 2778 meliores
1380 2750 1484 2778 cum
1506 2735 1735 2779 Puteaneo
1750 2769 1763 2791 ,
1785 2739 2016 2793 dirpositos

1155 2802 1350 2856 capillos.
1372 2801 1503 2844 Pont.
1526 2814 1584 2844 111
1600 2834 1612 2856 ,
1637 2800 1758 2859 Eleg.
1786 2816 1867 2857 111,
1896 2802 1947 2845 16
1968 2815 1980 2842 ε

1187 2870 1259 2902 Nec
1272 2870 1354 2902 bene
1366 2871 1538 2913 dispositas
1552 2878 1680 2903 contus
1692 2895 1703 2910 ,
1727 2878 1764 2903 ut
1780 2879 1855 2903 ante
1864 2897 1876 2914 ‚
1894 2883 2013 2904 coms.

1158 2929 1304 2974 Tibul.
1327 2945 1372 2987 1,
1396 2931 1519 2989 Eleg.
1541 2947 1597 2987 x,
1625 2947 1675 2975 ιο
1696 2945 1706 2972 :

1198 3003 1354 3043 Sepeque
1369 3009 1509 3034 mutatas
1524 3003 1667 3046 disposui
1667 3014 1848 3037 eeeeeeee

1133 3061 1218 3105 -Et
1241 3062 1363 3121 Eleg.
1383 3077 1458 3119 1x,
1481 3064 1533 3120 67
1557 3079 1569 3108 :

1157 3131 1253 3163 Tune
1267 3139 1364 3174 putas
1376 3133 1468 3162 inam
1483 3143 1543 3174 pro
1553 3139 1585 3164 te
1597 3133 1770 3178 disponer-e
1783 3135 1889 3166 crines
1901 3135 1920 3167 ⁰?
1941 3136 1992 3168 H.

1212 3193 1279 3236 36.
1299 3195 1635 3250 Quidspeculum
1646 3201 1799 3240 mesta
1814 3206 1894 3240 etc.
1909 3198 2014 3242 Non

1157 3259 1320 3317 frangit
1328 3275 1500 3304 morosa
1509 3261 1735 3318 speculum
1746 3295 1758 3317 ‚
1773 3262 1849 3306 sed
1858 3273 2015 3307 moesta

1159 3325 1285 3383 ponit
1303 3344 1315 3379 ;
1343 3341 1423 3369 nec
1440 3331 1547 3382 apta
1564 3326 1737 3384 longius
1756 3345 1848 3372 sese
1869 3329 1916 3371 in
1938 3329 2012 3372 illo

1158 3390 1370 3448 inspicere
1387 3423 1401 3445 ‚
1422 3400 1472 3435 ut
1492 3408 1589 3448 quae
1609 3392 1825 3436 damnum
1844 3394 2009 3438 crede-

1157 3464 1227 3500 ret
1252 3455 1542 3513 irreparabile.

1214 3525 1281 3576 4ο.
1298 3525 1397 3570 Non
1413 3540 1522 3568 anus
1532 3527 1755 3571 Hemonia
1762 3529 1926 3584 pefida
1944 3529 2014 3569 la-
