2268 3776
206 299 316 368 448

663 304 728 356 Ρ.
790 302 1086 360 OVIDII
1140 305 1520 366 NASONIS
1580 307 1582 309 ’

198 419 302 491 Et,
334 440 456 500 quae
481 416 661 500 prima
691 419 897 480 cadunt
924 421 1097 483 vivaci
1129 446 1338 485 cornua
1366 447 1528 486 cervo
1546 442 1569 501 ,‘

285 520 526 581 Contere
553 545 564 581 ε
591 520 651 580 in
672 520 789 582 haec
819 523 986 604 solidi
1017 539 1169 584 sexta
1195 525 1311 587 face
1342 528 1480 588 assis
1510 544 1612 590 eat.
1943 553 1998 594 60

198 623 435 706 Jamque
462 623 563 683 ubi
589 622 860 706 pulvereae
889 627 1098 687 fuerint
1127 626 1360 688 confusa
1389 629 1604 705 farinae,

282 726 550 786 Protinus
577 727 636 786 in
666 729 865 789 cribris
897 731 1082 790 omnia
1113 755 1273 792 cerne
1305 733 1468 792 cavis,

199 828 393 911 Adjice
423 830 667 890 Narcissi
697 831 785 891 bis
818 855 913 892 sex
942 833 1060 893 sine
1093 834 1296 895 cortice
1327 832 1567 909 bulbos,

284 932 521 994 Strenua
551 957 696 1016 quos
725 958 870 1016 puro
898 959 1170 996 marmore
1205 937 1394 998 dextra
1426 951 1597 1011 terat;

202 1035 631 1119 Sextantemque
661 1036 843 1096 trahat
875 1038 1084 1115 gummi
1114 1062 1239 1098 cum
1269 1041 1478 1101 semine
1505 1040 1751 1101 Thusco,
1940 1061 1997 1103 65

284 1140 411 1199 Huc
434 1139 628 1199 novies
657 1153 814 1200 tanto
841 1139 970 1223 plus
1003 1141 1109 1202 tibi
1139 1141 1320 1203 mellis
1351 1159 1454 1203 eat.

203 1242 585 1326 Quaecumque
613 1241 830 1303 adficiet
858 1242 955 1303 tali
982 1244 1345 1307 medicamine
1376 1246 1592 1308 vultum
1610 1293 1626 1319 ‚

203 1425 275 1469 lib.
299 1426 416 1480 XII,
437 1427 502 1481 14,
524 1426 576 1469 ab
599 1425 691 1469 ervi
709 1425 860 1484 figura.
880 1426 1062 1472 Salmas.

206 1492 359 1535 Exere.
381 1490 494 1535 Plin.
516 1508 611 1548 pag.
630 1492 706 1534 361
730 1508 740 1544 ;
763 1492 946 1550 etidem
968 1493 1063 1536 Pli-

203 1557 304 1600 nius
318 1560 503 1600 orobzlten
520 1555 856 1616 Chrysocollam
870 1592 881 1612 ,
899 1559 951 1601 ab
970 1559 1063 1602 ervi

204 1639 379 1680 quoque
399 1622 684 1667 similitudine
701 1656 713 1678 ,
738 1622 808 1666 lib.
829 1624 1033 1668 XXXIII
1046 1657 1059 1680 ,

206 1692 254 1745 5,
278 1689 440 1732 dictam
462 1689 532 1731 ait.
557 1689 696 1731 IDEM.

260 1754 329 1797 60.
358 1755 410 1796 Iu
427 1755 515 1796 boec
532 1755 667 1795 solidi
678 1758 804 1796 sexta
821 1752 931 1808 face
948 1758 1063 1798 assis

204 1826 287 1863 eal.
304 1820 436 1862 Sexta
453 1817 726 1874 subintellige
743 1834 853 1874 pars.
875 1819 947 1862 Sic,
963 1836 1064 1862 sex-

206 1888 311 1935 tula,
331 1892 447 1927 sexta
459 1899 558 1941 pars
577 1881 734 1936 unciae,
759 1883 872 1939 apud
891 1884 1064 1927 Rhem-

207 1950 337 1993 nium
357 1949 412 1992 de
433 1947 713 2006 ponderibus.
739 1949 907 1992 Solt'dus
925 1966 977 1992 as
995 1950 1064 1994 vel

206 2020 324 2058 assis
338 2049 348 2066 ,
372 2014 494 2058 idem
514 2014 589 2070 qui
609 2022 654 2056 et
671 2017 814 2056 solida
843 2018 954 2059 libra
972 2032 1063 2059 an—

208 2080 353 2137 tiquis.
435 2080 438 2082 ’

272 2147 341 2190 51.
377 2148 569 2203 Namque
596 2149 681 2188 ubi.
711 2147 892 2201 Jamque
923 2145 1065 2200 prima

211 2211 346 2256 editio
369 2219 414 2255 et
444 2211 592 2268 scripti
615 2228 624 2254 :
648 2210 874 2268 quomodo
896 2211 1066 2255 Marius

212 2293 386 2335 quoque
407 2277 545 2333 Niger
559 2286 603 2320 et
622 2277 867 2334 Naugerius
879 2309 891 2331 ‚
908 2293 959 2320 ex
978 2276 1066 2321 suis

213 2351 495 2386 annotarunt.
520 2343 688 2386 Hiems.

266 2409 333 2452 62.
363 2410 414 2451 Iu
440 2412 622 2451 numeris
649 2412 792 2450 omnia
818 2423 940 2451 cerne
962 2411 1066 2450 suis.

213 2474 286 2518 Sic
305 2473 465 2531 legitur
484 2474 531 2516 in
551 2473 755 2516 omnibus
777 2474 940 2517 excusis
961 2490 971 2517 ε
990 2473 1067 2517 de-

211 2548 401 2598 pravate.
422 2539 475 2582 In
496 2539 663 2596 scriptis
682 2548 831 2582 autem
847 2571 859 2593 ,
877 2543 1067 2581 innume—

211 2609 270 2647 ris
302 2607 444 2646 omnia
475 2620 594 2646 cerne
618 2607 746 2646 cavis.
767 2605 886 2647 Vere
908 2620 919 2646 :
939 2613 989 2647 ut
1013 2604 1068 2647 sit

210 2668 370 2712 setacei
391 2668 521 2711 cribri
543 2666 803 2724 periphrasis
821 2701 832 2721 ,
856 2667 976 2723 quod
996 2668 1069 2711 in-

213 2733 502 2778 numerabilia
541 2732 673 2775 habet
706 2732 936 2775 foramina.
974 2733 1067 2776 Aut

212 2800 306 2858 lege
329 2798 586 2843 auctoritate
610 2797 795 2840 aliorum
815 2805 900 2840 vet.
923 2813 1069 2841 exem-

214 2866 402 2923 plarium
415 2898 426 2919 ,
444 2864 600 2920 quibus
618 2880 663 2907 se
685 2879 814 2906 usum
836 2879 926 2907 esse
946 2862 1069 2906 affir-

215 2940 308 2975 mat
318 2930 578 2973 Dominicus
590 2930 759 2973 Marius
770 2930 921 2986 Niger,
931 2929 1068 2972 homo

215 2998 486 3042 doctissimus
502 3014 512 3040 t
528 2999 729 3039 Protinus
742 3001 785 3040 in
803 2999 969 3039 mundis
982 3013 1070 3039 am-

215 3068 289 3107 aia
309 3079 428 3106 cerne
458 3066 586 3105 cavis.
611 3061 663 3104 Id
685 3070 749 3104 est
769 3095 780 3116 ,
806 3071 855 3104 ut
883 3062 972 3118 ipse
994 3062 1070 3104 lo-

218 3130 368 3186 quitur
380 3161 391 3181 ‚
411 3126 638 3184 purganda
658 3126 750 3170 haec
768 3128 844 3170 tibi
862 3136 965 3170 sunt
983 3127 1072 3171 cri-

214 3193 316 3236 bris.
346 3191 517 3235 Ciosan.
541 3197 587 3234 in
617 3192 960 3249 crz'brtslegebat
980 3225 994 3250 ².
1027 3200 1072 3235 et

216 3260 360 3315 legere
393 3258 496 3301 alios
533 3258 671 3301 voluit
706 3258 916 3302 Heinsius
941 3276 950 3302 :
973 3275 1071 3316 quae

218 3326 346 3369 lectio
367 3324 510 3375 adhuc
530 3326 730 3369 obtinuit.

271 3390 338 3443 64.
369 3392 480 3431 Puro
496 3405 708 3431 marmore.
726 3390 858 3433 Forte
872 3423 883 3445 ‚
902 3387 1043 3433 Pario.

273 3453 340 3495 65.
368 3455 533 3497 Trabat.
556 3456 683 3498 Perat
696 3455 840 3512 scripti
859 3456 1071 3513 plerique.

1146 1429 1461 1486 Neapolitanus
1478 1462 1490 1484 ,
1514 1434 1810 1485 sextante-sque
1833 1431 1978 1472 trabat
1989 1446 2000 1472 ,¹

1147 1494 1218 1537 alii
1249 1493 1338 1537 duo
1354 1527 1366 1549 ,
1388 1501 1624 1537 sextantem
1653 1497 1824 1537 trabere.
1857 1494 1928 1538 Sic
1957 1503 2002 1537 et

1146 1576 1249 1603 mox
1276 1577 1386 1604 vers.
1409 1562 1488 1605 80:
1509 1560 1606 1618 lego
1622 1593 1634 1614 ,
1657 1562 1832 1603 trabant
1848 1576 1860 1602 .’
1880 1559 2002 1602 bulbi

1145 1642 1320 1682 nempe.
1333 1649 1389 1658 —
1406 1627 1587 1669 Gummi.
1605 1624 1744 1668 Casus
1761 1633 1826 1669 est
1842 1633 1998 1668 rectus.

1145 1691 1276 1736 Ordo
1297 1691 1418 1734 enim
1433 1700 1498 1735 est
1518 1707 1528 1735 :
1553 1693 1831 1735 Gummt'cum
1845 1694 2001 1733 semine

1152 1758 1196 1799 Τ
1189 1760 1320 1800 busco
1333 1759 1479 1800 trahat
1495 1763 1742 1801 sextantem.
1763 1756 1850 1799 Hic
1864 1764 1927 1799 est
1938 1756 1983 1797 in
1992 1780 2002 1787 ·

1148 1822 1404 1867 declinabile
1421 1856 1433 1878 ‚
1454 1831 1499 1866 et
1523 1822 1695 1880 generis
1720 1822 1867 1865 neutri
1880 1838 2003 1877 gum-

1146 1893 1216 1931 mi.
1234 1887 1482 1931 Columella
1494 1897 1646 1931 tamen
1666 1887 1737 1931 lib.
1758 1887 1830 1930 13:
1850 1888 2003 1942 Qualis

1144 1959 1212 1996 est
1222 1958 1423 2008 gummis,
1438 1953 1596 2010 inquit.
1617 1953 1696 1996 Est
1707 1961 1856 1995 autem
1872 1968 2004 2009 gum-
2029 2002 2033 2009 ἡ

1145 2017 2000 2078 mislachrymaarborumconglutinata,

1146 2094 1195 2128 ut
1207 2085 1360 2142 persici
1373 2117 1385 2139 ‚
1399 2084 1536 2128 cerasi
1551 2118 1562 2139 ‚
1580 2093 1624 2127 et
1635 2084 1858 2127 similium.
1869 2084 2000 2126 MAR.

1146 2150 1388 2193 —Semme.
1409 2149 1577 2192 Semen
1598 2149 1668 2192 hic
1688 2149 1916 2205 proprium
1939 2157 2003 2190 est

1145 2214 1360 2258 frumenti
1374 2229 1512 2271 genus
1523 2247 1535 2268 ,
1545 2229 1639 2256 non
1653 2213 1857 2256 dissimile
1872 2213 1976 2255 sarri
1991 2229 2002 2256 :

1148 2279 1266 2337 quod
1282 2288 1327 2323 et
1336 2280 1473 2322 Zeam
1488 2279 1722 2336 appellant,
1734 2295 1785 2321 ex
1799 2294 1886 2334 quo
1898 2278 2004 2321 alica

1148 2344 1282 2388 fiebat
1293 2377 1304 2399 ,
1320 2353 1370 2387 ut
1383 2343 1512 2387 docet
1526 2344 1639 2387 Plin.
1652 2343 1722 2386 lib.
1742 2344 1860 2386 18.-
1870 2345 2005 2385 Thus-

1147 2426 1211 2453 co.
1225 2408 1346 2465 Quia
1358 2409 1404 2451 in
1414 2409 1605 2452 Thuscia
1615 2409 1835 2465 optimum
1847 2424 2004 2450 nasce-

1147 2475 1291 2518 batur.
1319 2475 1435 2518 Mihi
1456 2483 1604 2518 tamen
1627 2475 1763 2532 magis
1783 2474 1974 2531 placeret
1989 2505 2000 2527 ‚

1147 2540 1183 2583 si
1210 2541 1456 2598 legeretur,
1487 2546 1603 2592 tuso,
1641 2540 1684 2583 id
1707 2549 1799 2591 est,
1830 2540 1934 2583 trito
1954 2539 2003 2581 in

1149 2607 1389 2648 mortario:
1411 2605 1485 2649 sed
1508 2606 1680 2648 nullum
1699 2606 1840 2648 habeo
1856 2620 2004 2648 exem-

1151 2671 1244 2728 plar
1257 2704 1269 2726 ‚
1291 2672 1418 2728 cujus
1435 2672 1668 2715 autoritate
1690 2673 1817 2714 nitar.
1836 2672 1975 2714 IDEM.

1205 2736 1286 2785 66.
1303 2740 1366 2779 Et
1382 2741 1535 2780 novies.
1562 2737 1824 2793 Legendum
1844 2745 1908 2779 est
1922 2770 1933 2791 ,
1954 2746 2003 2780 ut

1150 2802 1196 2844 in
1220 2803 1527 2859 manuscriptis
1551 2803 1867 2859 exemplaribus
1885 2803 2003 2860 legi—

1152 2876 1225 2910 tur
1237 2901 1248 2922 ,
1263 2871 1361 2912 Huc
1377 2868 1448 2911 :id
1467 2876 1531 2911 est
1544 2901 1556 2923 ,
1570 2869 1615 2910 in
1632 2868 1724 2911 haec
1742 2869 1892 2911 omnia
1906 2884 2004 2925 quae

1150 2949 1281 2990 supra
1312 2934 1669 2976 commemoravi.
1703 2937 1856 2977 Novz'es
1887 2940 2006 2977 lanto

1144 3002 1272 3055 plus:
1290 2998 1374 3042 hoc
1392 3008 1456 3042 est
1471 3032 1482 3053 ‚
1506 3015 1594 3042 una
1614 2999 1721 3042 libra
1742 3016 1843 3043 cum
1864 2999 2006 3042 dimi-

1153 3065 1251 3108 dia:
1276 3065 1392 3121 quod
1417 3065 1550 3108 efficit
1571 3081 1732 3108 novem
1761 3074 2004 3120 sextantes,

1153 3130 1197 3173 id
1211 3139 1299 3185 est,
1317 3130 1465 3174 uncias
1487 3130 1640 3174 decem
1654 3140 1698 3174 et
1717 3140 1830 3174 octo.
1853 3134 2003 3182 Tanto,

1154 3196 1313 3240 scilicet
1330 3205 1538 3243 sextante.
1557 3197 1674 3240 Nam
1697 3196 1862 3240 dixerat
1876 3197 2005 3254 paulo

1156 3269 1256 3303 ante
1276 3294 1287 3315 ,
1309 3262 1627 3317 Sextantemque
1646 3264 1801 3304 trabat.

1210 3327 1276 3383 67.
1325 3331 1596 3383 Quoecumque
1629 3329 1810 3384 adficiet.
1847 3326 2005 3369 Malim

1154 3395 1320 3449 inficiet.
1342 3392 1506 3436 HfflNs.
1527 3391 1643 3434 Vide
1666 3392 1808 3436 locum
1837 3392 2004 3436 Petro-

1157 3456 1218 3499 nii
1240 3472 1330 3512 cap.
1355 3469 1421 3500 cu
1441 3473 1450 3499 :
1472 3457 1515 3499 in
1537 3457 1663 3500 initio
1684 3456 1935 3500 adductum.
