2268 3776
555 286 817 346 ARTIS
859 284 1336 342 AMATORIAE
1379 285 1541 341 LIB.
1579 287 1663 340 ΙΙ.

310 411 433 470 Jam
456 407 637 469 veniet
666 405 832 466 tacito
861 427 1026 464 curva
1054 417 1272 464 senecta
1303 403 1458 486 pede.

1886 288 1995 360 329

1915 420 1999 474 (570

231 507 348 566 Aut
373 527 517 565 mare
548 501 816 581 remigiiS‚
847 514 942 562 aut
969 522 1185 561 vomere
1213 498 1406 561 findite
1438 514 1642 569 terras;

307 600 564 671 Auttsera
591 597 883 678 belligeras
914 597 1098 659 addite
1127 597 1186 657 in
1215 620 1362 658 arma
1391 618 1621 656 manus:

233 699 347 757 Aut
373 695 516 758 latus
539 710 595 758 et
622 697 764 758 vires
781 744 796 770 ,
824 719 1157 780 operamque
1186 693 1393 756 adferte
1422 690 1640 776 puellis.

311 794 436 854 Hoc
468 817 690 877 quoque
719 793 927 854 militiae
957 807 1042 855 est
1069 818 1083 854 τ
1108 792 1218 854 hoc
1248 815 1473 876 quoque
1506 789 1701 873 quaerit
1728 809 1879 871 opes.

231 888 413 963 Adde,
445 891 597 974 quod
623 906 707 953 est
734 890 844 953 illis
874 914 1104 976 operum
1133 888 1425 974 prudentia
1451 887 1658 968 major:
1919 899 2002 955 6727

313 984 475 1046 Solus
503 1001 587 1060 et,
617 986 849 1049 artifices
879 988 975 1071 qui
1005 987 1160 1060 facit,
1184 1010 1320 1048 usus
1351 985 1520 1047 adest.

229 1080 342 1143 Illae
366 1082 652 1144 munditiis
681 1108 952 1145 annorum
982 1084 1179 1145 damna
1207 1082 1554 1168 rependunt3

309 1180 385 1238 Et
411 1177 621 1239 faciunt
650 1204 804 1259 cura,
840 1205 910 1242 ne
939 1179 1230 1242 videantur
1259 1201 1397 1239 anus
1422 1202 1434 1237 τ

236 1276 424 1359 thue
454 1275 613 1350 velis,
640 1279 909 1339 Venerem
934 1277 1180 1360 jungunt
1207 1299 1311 1359 per
1338 1273 1488 1335 mille
1518 1272 1722 1352 figuras
1752 1296 1764 1330 z

311 1373 562 1434 Inveniat
590 1373 776 1457 plures
802 1373 958 1436 nulla
988 1373 1191 1435 tabella
1218 1372 1435 1433 modos,
1923 1383 2006 1423 680

235 1467 353 1530 Illis
383 1470 620 1532 sentitur
644 1495 760 1532 non
780 1472 992 1532 irritata
1013 1470 1304 1555 voluptas:

318 1566 487 1646 Quod
507 1569 659 1650 juvet
676 1616 690 1643 ,
717 1594 782 1631 ex
807 1594 966 1653 aequo
994 1568 1198 1630 femina
1223 1567 1413 1648 virque
1443 1564 1637 1624 serant..

167 1738 171 1742 ⁶
237 1662 351 1722 Odi
384 1666 741 1739 concubitus,
768 1667 865 1750 qui
891 1690 1009 1726 non
1039 1679 1337 1748 utrumque
1366 1660 1686 1723 resolvunt:

235 1849 361 1903 legit
388 1849 527 1906 prima
558 1850 692 1894 editio
721 1867 823 1895 cum
855 1850 1001 1895 Jureti
1035 1866 1082 1894 ac

238 1912 442 1970 scaligeri
452 1915 661 1972 excerptis
671 1923 715 1959 et
725 1916 814 1959 aliis
824 1915 1083 1972 quibusdam

234 1977 412 2035 scriptis.
434 1978 495 2023 At
507 1979 689 2038 Regius,
703 1997 803 2025 cum
820 1981 1079 2039 potioribus,

233 2044 368 2098 Iege&
392 2052 523 2089 recte.
547 2045 661 2101 Alii,
680 2049 796 2102 legal
807 2081 817 2098 ,
839 2047 931 2103 vel,
952 2049 1056 2103 lige!
1070 2063 1083 2089 .·

234 2112 355 2166 legit,
383 2110 626 2156 evellendas
653 2112 824 2157 scilicet.

289 2173 385 2231 672.
405 2175 575 2219 Addite.
601 2179 756 2221 Verlite
774 2177 908 2221 codex
922 2178 1084 2236 Regius

237 2246 283 2282 et
305 2238 394 2282 duo
411 2239 482 2283 alii
501 2255 512 2283 :
534 2256 777 2298 perperam.
801 2242 903 2285 vid.
926 2243 981 2286 ad
1013 2243 1083 2287 lib.

239 2302 338 2358 111,
361 2303 516 2348 Amor.
535 2317 625 2348 vm
642 2338 655 2360 ‚
676 2307 742 2361 48.

291 2366 386 2424 674.
402 2371 497 2412 Hoc
515 2386 671 2426 quoque
677 2370 793 2426 fecit
812 2387 923 2427 opes.
942 2370 1084 2415 Iidem

238 2431 335 2476 libri
354 2438 505 2488 quatit
511 2451 610 2491 opes
620 2451 632 2477 :
643 2436 816 2492 proprie
824 2470 833 2479 .
844 2436 917 2480 Sic
931 2437 1084 2480 Amor.

239 2494 311 2539 lib.
331 2497 396 2550 ΙΙ,
414 2497 535 2557 Eleg.
549 2514 578 2542 x
589 2532 601 2555 ,
623 2501 955 2554 Quoerataoarus
972 2517 1086 2557 ορατ

241 2569 286 2604 et
303 2561 374 2606 lib.
394 2563 463 2607 ΙΙΙ
478 2597 491 2620 ,
513 2564 634 2623 Eleg.
648 2579 761 2610 vm:

280 2636 364 2668 Tum
376 2638 460 2669 male
477 2641 630 2690 quaesitas
648 2640 785 2682 pulvere
798 2648 902 2673 mutet
918 2652 1006 2684 opes.

245 2697 305 2741 Et
320 2698 450 2755 paulo
470 2708 570 2744 ante
592 2716 604 2744 ε

284 2758 466 2815 Qnoesitum
476 2782 525 2807 est
540 2775 589 2807 ini
602 2777 756 2818 sanguine
767 2800 779 2817 ,
793 2778 954 2819 quicquid
969 2777 1075 2809 habet.

244 2833 335 2876 Pro
357 2835 632 2892 adquisitum.
650 2838 764 2882 Fast.
785 2839 830 2882 II
842 2872 854 2895 ,
873 2840 953 2899 96:

285 2902 398 2945 Atque
412 2904 458 2936 ita
470 2908 622 2947 quoesitas
633 2914 701 2939 arte
714 2907 836 2940 serebat
855 2920 943 2951 opes.

246 2963 395 3008 Scribe
419 2975 655 3024 praeterea,
684 2974 844 3014 me'lilioe
873 2978 960 3022 est,
987 2988 1090 3016 cum

200 3063 202 3067 ,
246 3028 392 3072 Jureti
413 3032 632 3087 excerptis.
652 3034 819 3078 Hmus.
840 3035 929 3078 Sed
941 3035 1092 3090 facere

246 3094 416 3136 diuitem
445 3105 588 3150 posset
618 3096 701 3141 dici
717 3131 730 3153 ‚
762 3107 813 3141 ut
837 3115 920 3142 rem
941 3101 1094 3155 facere

247 3157 363 3214 apud
372 3158 552 3202 Terent.
574 3160 699 3204 Adel.
719 3162 781 3217 ll,
798 3180 821 3205 2
840 3179 851 3206 :
859 3164 1008 3219 facere
1016 3181 1091 3220 pe-

246 3227 422 3275 cunias5
444 3231 489 3267 et
506 3223 661 3267 similia
681 3227 793 3283 apud
814 3228 929 3272 alios.

301 3287 396 3344 675.
430 3289 604 3342 Operum
615 3294 847 3343 prudentia.
870 3292 972 3336 Scio
989 3309 1094 3348 opus

247 3351 319 3396 hic
330 3353 411 3397 dici
434 3355 644 3412 praecipue
660 3355 714 3400 de
726 3358 904 3402 Venere
921 3359 1019 3412 ;sed
1036 3376 1093 3403 an

248 3434 369 3474 opera
383 3419 533 3476 plurali
546 3437 734 3466 numero
742 3432 859 3468 recte
873 3423 1092 3482 dicantur,

1166 1847 1347 1892 dubito:
1368 1846 1447 1890 etsi
1481 1843 1757 1889 tralationem
1786 1858 1810 1886 a
1836 1858 1883 1885 re
1912 1857 2003 1885 cas-

1165 1912 1301 1957 trensi
1314 1927 1404 1955 esse
1422 1909 1523 1954 velit
1538 1907 1782 1953 Broukhus.
1801 1905 1853 1950 ad
1869 1903 2013 1949 Tibul.

1166 1980 1188 2023 I
1205 2013 1217 2035 ,
1242 1994 1270 2023 x
1284 2012 1296 2033 ‚
1320 1979 1389 2034 64.
1406 1977 1502 2036 Ego
1523 1986 1640 2022 certe
1660 1975 1862 2028 mallem,
1885 1990 2015 2017 rtrum

1156 2046 1382 2101 prudentia
1393 2044 1557 2098 major:
1578 2042 1636 2085 ita
1655 2041 1813 2099 passim
1831 2047 2011 2083 veteres.

1166 2111 1320 2169 virgil.
1346 2111 1388 2161 l,
1416 2109 1577 2167 Georg.
1599 2109 1681 2164 416
1702 2124 1714 2151 :

1265 2181 1338 2212 Aut
1354 2191 1461 2212 rerum
1479 2180 1547 2212 sato
1556 2179 1740 2222 prudentia
1754 2181 1872 2220 major.
1890 2178 2013 2208 Bona.

1221 2242 1273 2298 67
1281 2259 1316 2300 7.
1331 2243 1423 2284 lllae
1434 2242 1664 2283 munditiis.
1675 2237 1861 2296 Egregie
1871 2246 1916 2280 et
1928 2253 2018 2294 gr&

1165 2306 1279 2350 viter
1303 2306 1600 2350 Tertullianus
1635 2303 1705 2348 lib.
1730 2304 1802 2359 11,
1824 2303 1878 2347 de
1899 2303 2016 2347 cultu

1169 2370 1458 2415 Feminarum
1490 2388 1517 2431 9
1542 2386 1551 2413 :
1575 2389 1596 2407 κ
1613 2368 1783 2413 Contra
1811 2368 1846 2413 si
1877 2369 2017 2411 sonna

1169 2437 1348 2489 defecit,
1379 2437 1696 2481 adminiculum
1724 2436 1879 2480 nitoris
1900 2436 2018 2492 quasi

1167 2503 1222 2547 de
1248 2518 1327 2546 suo
1348 2503 1530 2561 gratiam
1550 2502 1734 2560 supplet.
1751 2501 1923 2544 AEtates
1936 2499 2012 2543 de-

1167 2570 1302 2627 nique
1329 2571 1547 2627 requietas
1566 2570 1655 2626 jam
1672 2601 1685 2623 ,
1709 2577 1754 2612 et
1774 2569 1819 2611 in
1841 2576 2017 2626 portum

1173 2637 1398 2682 modestiae
1418 2637 1651 2681 subductas
1666 2635 1873 2694 splendor
1890 2643 1934 2679 et
1952 2633 2022 2677 di-

1173 2704 1313 2761 gnitas
1324 2703 1466 2748 cultus
1476 2712 1659 2747 avocant
1669 2736 1680 2757 ,
1688 2712 1734 2746 et
1743 2702 2020 2746 severitatem

1170 2767 1508 2825 appetitionibus
1520 2767 1769 2823 inquietant
1785 2783 1795 2816 ;
1817 2780 2022 2822 compen·

1169 2835 1367 2879 santibus
1387 2834 1547 2878 scilicet
1567 2833 1739 2876 habitus
1759 2832 2021 2875 irritamen—

1170 2910 1268 2945 tum
1295 2917 1376 2958 pro
1402 2901 1564 2958 frigore
1585 2899 1765 2943 aetatis.»
1790 2899 1881 2942 Ubi
1901 2898 2020 2941 mal—

1170 2968 1258 3012 lem
1275 3001 1286 3022 ,
1300 2969 1662 3022 compensantibus
1673 2969 1839 3009 scilicet
1853 2968 2023 3008 habitus

1169 3041 1424 3080 irritante-nlo
1431 3034 1600 3090 frigora
1611 3039 1764 3077 oetatels.
1783 3057 1840 3066 —-
1860 3035 1950 3078 Pro
1961 3050 2022 3077 re-

1165 3107 1354 3159 pendunt
1370 3103 1440 3146 hic
1468 3101 1728 3146 Gebhardus
1748 3135 1761 3156 ,
1801 3101 1849 3144 in
1873 3100 2021 3156 Antiq.

1172 3169 1291 3212 Lect.
1310 3168 1368 3217 II,
1387 3184 1414 3226 9
1425 3200 1437 3221 ‚
1461 3183 1513 3210 ex
1528 3167 1664 3210 MSS.
1676 3170 1901 3222 sequuntur
1912 3180 2023 3221 pro-

1172 3237 1258 3279 fert
1278 3253 1289 3287 ;
1322 3233 1481 3277 deinde
1502 3243 1650 3277 tamen
1667 3267 1679 3288 ‚
1703 3251 1754 3277 ex
1773 3231 2019 3277 Commeli—

1172 3299 1307 3342 niano
1322 3297 1470 3341 codice
1493 3331 1504 3352 ,
1522 3299 1697 3355 praesert
1715 3300 1928 3353 repellunt.

1226 3362 1322 3404 681.
1351 3364 1450 3404 Illis
1470 3366 1647 3404 sentitur
1660 3378 1743 3404 non
1762 3365 1929 3403 ι’ννίΙαΙα
1948 3378 2023 3402 vo-

1171 3427 1325 3481 luptas.
1342 3425 1395 3469 In
1407 3425 1576 3469 duobus
1589 3425 1761 3470 Heinsii
1776 3434 1891 3477 erat,
1907 3429 2022 3467 laclu
