2268 3776
205 267 312 335 432

680 271 743 322 Ρ.
796 271 1095 338 0V1D11
1135 271 1518 332 NASONIS

205 402 359 460 HAEC
389 399 491 459 ubi
517 401 867 483 pl‘aestiteriS‚
896 418 961 464 ut
989 405 1213 465 tandem
1244 407 1411 468 litora
1434 424 1658 487 tangaS‚

1907 428 1990 472 635

282 499 414 557 Non
441 499 573 558 satis
605 515 688 559 est
720 500 897 582 ipsam
928 501 1234 563 deseruisse
1266 504 1387 564 tibi.

202 598 277 655 Et
304 619 491 667 soror,
527 610 581 654 et
603 611 779 657 mater
805 597 1048 671 valeant,
1081 614 1136 659 et
1168 601 1389 660 conseia
1415 603 1637 675 nutriX,

279 696 357 754 Et
387 693 664 776 quidquid
696 694 930 756 dominae
958 720 1086 778 pars
1117 697 1223 755 erit
1252 695 1364 756 ulla
1396 711 1518 758 tuae.

198 794 315 852 Nec
344 791 527 851 veniat
554 815 742 852 servus
770 817 782 852 ε
814 818 915 853 nec
939 793 1074 852 flens
1107 792 1367 853 ancillula
1394 793 1583 854 fictum
1604 843 1617 867 ‚

284 887 624 972 Suppliciter
652 889 886 950 dominae
915 890 1138 949 nomine
1170 889 1345 961 dicat,
1374 890 1490 950 Ave
1519 892 1531 949 ἒ

1908 911 1961 967 6ιῖ
1968 924 1992 949 0

199 988 344 1058 Nee,
371 985 418 1045 si
449 986 586 1047 scire
615 986 767 1048 voles
787 1035 802 1060 ‚
836 987 972 1070 quid
1002 1002 1129 1066 agat
1161 1002 1343 1047 tamen
1373 986 1468 1047 illa
1488 1034 1502 1060 ,
1529 987 1770 1065 rogabis.

280 1083 479 1144 Profer
505 1108 517 1143 ε
550 1085 656 1144 erit
684 1084 840 1147 lucro
869 1084 1061 1163 lingua
1086 1099 1450 1150 retentassuo.

198 1182 286 1240 Tu
320 1205 572 1264 quoque,
605 1183 701 1265 qui
732 1208 950 1243 causam
974 1183 1119 1242 finiti
1144 1182 1331 1243 reddis
1362 1183 1598 1255 amoriS‚

278 1284 476 1367 Deque
506 1299 600 1346 tua
630 1284 855 1345 domina
886 1284 1058 1345 multa
1093 1286 1371 1368 querenda
1400 1286 1570 1346 refers
1594 1311 1606 1359 ;

197 1389 366 1448 Parce
396 1389 553 1471 queri
579 1414 591 1448 :
618 1389 815 1450 melius
844 1389 921 1449 sic
951 1388 1216 1449 ulciscere
1246 1390 1478 1450 tacendo
1499 1437 1514 1462 ,

278 1493 431 1551 Dum
462 1491 750 1552 desideriis
783 1491 971 1553 effluat
1000 1491 1096 1552 illa
1128 1493 1256 1553 tuis.

199 1596 275 1654 Et
303 1594 491 1655 malim
520 1610 697 1656 taceas
715 1643 728 1669 ‚
761 1621 924 1679 quam
954 1611 1007 1656 te
1038 1595 1244 1657 desisse
1273 1595 1540 1680 loquaris.

284 1697 403 1776 Qui
431 1698 665 1758 nimium
693 1697 885 1758 multis
903 1746 917 1772 ,
945 1701 1075 1759 Non
1105 1724 1228 1759 amo
1248 1747 1262 1773 ‚
1292 1699 1458 1771 dicit,
1490 1714 1650 1760 amat.

201 1799 311 1860 Sed
339 1798 568 1859 meliore
597 1800 705 1860 fide
733 1800 1001 1883 paulatim
1031 1803 1376 1881 extinguitur
1401 1803 1547 1881 ignis
1564 1850 1579 1876 ‚

281 1902 467 1981 Quam
498 1903 688 1963 subito
713 1902 899 1963 :lente
932 1904 1149 1977 desine;
1178 1920 1334 1965 tutus
1367 1906 1489 1966 eris.

1911 1923 1996 1963 650

200 2005 453 2065 Flumine
480 2018 751 2087 perpetuo
782 2021 1001 2067 torrens
1032 2006 1174 2067 solet
1202 2008 1381 2067 aerius
1411 2008 1524 2079 ire3

202 2186 295 2211 sam
304 2171 657 2224 adhz‘rtnitequam
669 2184 681 2210 .’
693 2167 918 2224 quomodo
932 2167 1062 2211 Plau-

202 2245 316 2288 tum,
338 2233 487 2277 Cistel.
506 2234 589 2288 IV,
608 2234 737 2277 Scen.
757 2251 779 2275 2
794 2252 804 2286 ;
822 2242 865 2276 et
885 2234 988 2277 alios
1001 2234 1060 2276 lo-

202 2311 325 2346 cutos
339 2301 466 2344 docet
479 2300 710 2343 Barth.lih.
720 2300 787 2342 XI
799 2298 981 2343 Advers.
999 2318 1013 2342 1
1023 2302 1061 2342 5.

213 2369 318 2409 Visa
342 2381 448 2422 equa
469 2364 684 2408 editiones
704 2364 855 2421 priscae
875 2372 919 2407 et
944 2380 1062 2420 qua-

203 2440 307 2474 tuor
327 2429 487 2486 scripti.
509 2429 673 2472 BURM.

259 2496 356 2539 636.
370 2497 633 2539 Deseruzzcse.
654 2496 912 2537 Desmmkse
924 2493 1062 2536 Hein-

205 2561 257 2604 sii
291 2577 418 2603 unus.
445 2562 542 2604 Non
571 2564 681 2602 satis
710 2566 778 2603 est
802 2563 920 2602 illam
947 2576 1063 2604 unus

207 2628 475 2670 Puteaneus.

258 2693 354 2748 640.
374 2694 636 2748 Suppliciter.
655 2692 818 2734 Pictum
839 2699 884 2733 et
904 2694 1065 2746 suppli-

205 2765 316 2803 ciler
329 2759 419 2802 duo
432 2758 637 2801 adverbia
653 2756 762 2800 dure
780 2765 1064 2800 concurrunt.

206 2827 326 2869 Puto
351 2823 591 2882 legendum
610 2839 620 2866 t

496 2900 566 2933 Nec
584 2898 663 2930 ssens
679 2899 832 2930 ancillula
851 2924 860 2938 ,
876 2899 987 2930 fictum

247 2964 432 3004 Supplicet‚
451 2968 483 2993 et
495 2962 633 2992 dominae
645 2961 776 2992 nomine
789 2961 889 2999 dicat,
900 2963 976 2992 ave!
994 2960 1044 2991 Η.

207 3050 261 3059 -
279 3025 411 3070 Nulla
432 3040 541 3081 opus
563 3022 872 3067 emendatione
892 3019 1060 3079 :ficlum

203 3091 572 3149 conjungendum
592 3100 657 3134 est
672 3090 738 3133 vel
759 3092 990 3145 cumflem,
1012 3097 1064 3131 ut

205 3162 327 3201 dulce
346 3161 477 3200 ridere
489 3165 534 3200 et
548 3155 703 3199 similia
715 3173 725 3207 3
740 3155 823 3206 vel⁷
841 3171 943 3197 cum
955 3154 1060 3203 Ave,

207 3232 258 3266 ut
275 3222 466 3266 Martial.
480 3237 496 3264 1
512 3255 523 3277 ‚
546 3222 599 3265 56
616 3238 625 3265 :
641 3225 888 3263 matutinum
902 3236 993 3262 ave.
1009 3219 1062 3262 In

205 3306 300 3333 uno
321 3297 414 3333 erat
423 3288 608 3344 furtim:
630 3288 764 3332 etiam
786 3302 878 3329 non
900 3285 1028 3328 male.

262 3357 356 3410 642.
372 3355 526 3410 Perfer.
538 3353 689 3397 Prima
701 3352 851 3407 editio,
864 3368 965 3395 cum
980 3352 1064 3394 Pu-

203 3430 362 3464 teaneo
384 3430 427 3465 et
458 3421 595 3465 tribus
633 3421 746 3477 aliis,
769 3420 945 3477 Profi‘r:
964 3419 1064 3464 ele-

1144 2176 1302 2226 ganter
1316 2168 1476 2211 denuo.
1497 2168 1589 2211 Pro
1602 2169 1716 2209 lucro
1731 2171 1799 2208 tuo
1808 2200 1819 2219 ‚
1834 2166 1998 2223 Regius

1145 2234 1278 2276 etiam
1299 2234 1412 2276 bene
1431 2266 1443 2288 ,
1463 2248 1553 2275 suo,

1199 2299 1293 2353 643.
1316 2299 1724 2354 Quicausamfim'lo
1734 2298 1874 2339 reddis
1888 2312 2000 2338 amo-

1145 2369 1195 2408 ri.
1218 2365 1290 2408 Sic
1312 2380 1393 2421 pro
1416 2364 1586 2417 diversa
1606 2364 1792 2407 lectione
1811 2359 2000 2406 Putean.

1145 2430 1220 2487 qui
1242 2439 1391 2472 tamen
1406 2445 1509 2472 cum
1524 2429 1666 2486 Regio
1679 2461 1690 2483 ,
1707 2427 1914 2484 Scaligeri
1929 2444 2000 2470 ex-

1144 2497 1303 2554 cerptis
1336 2504 1381 2539 et
1409 2496 1549 2539 tribus
1581 2495 1670 2538 aliis
1687 2528 1698 2549 ‚
1711 2496 2001 2551 finz'lireddrk

1144 2566 1324 2605 amonlr:
1335 2561 1454 2618 quod
1466 2577 1623 2605 verum
1638 2569 1715 2603 est.
1727 2559 1798 2602 Tu
1809 2593 1820 2614 ,
1837 2559 1997 2615 inquit,

1151 2644 1291 2684 quum
1303 2626 1463 2671 reddes
1479 2642 1653 2670 causam
1666 2625 1883 2669 sodalibus
1896 2624 1998 2678 tuis,

1148 2710 1282 2750 quare
1311 2692 1490 2736 desieris
1520 2708 1682 2735 amare.
1717 2691 1803 2733 Alii
1836 2705 1999 2746 magno

1145 2775 1337 2803 numero
1356 2793 1368 2815 ,
1381 2762 1672 2816 finiliquoeris
1689 2760 1865 2806 amoris,
1895 2772 2000 2799 cum

1146 2825 1357 2882 excerptis
1370 2824 1530 2867 Jureti.
1553 2826 1699 2866 Finem
1719 2826 1875 2864 vesani
1887 2838 2001 2877 quoe-

1144 2907 1231 2933 rere
1244 2895 1400 2933 amoris
1416 2889 1529 2946 apud
1548 2888 1834 2946 Propertium
1849 2888 1921 2931 lib.
1937 2889 2000 2943 II,

1147 2955 1269 3012 Eleg.
1295 2969 1363 2997 ΧΗ
1379 2987 1390 3008 ,
1417 2972 1469 3013 29
1487 2972 1497 3007 ;
1534 2963 1579 2997 et
1597 2953 1712 3011 apud
1730 2954 1971 2997 Horatium
1986 2988 1999 3009 ,

1144 3020 1256 3063 libro
1274 3021 1319 3075 I,
1345 3020 1434 3064 Od.
1460 3035 1540 3063 XIX
1556 3053 1567 3075 ‚
1591 3022 1618 3074 4
1638 3022 1798 3078 :findis
1816 3025 2001 3064 animum

1145 3089 1313 3129 reddere
1330 3089 1556 3129 amoribus.
1579 3086 1748 3130 HEINS.

1202 3153 1297 3204 645.
1326 3153 1482 3194 Melius
1502 3156 1567 3194 sic
1586 3157 1628 3193 le
1644 3155 1847 3195 ulciscere
1865 3158 2003 3194 lacen-

1146 3222 1213 3262 do.
1235 3220 1305 3261 Sic
1315 3222 1517 3261 ulciscere
1527 3216 1729 3260 meliores
1739 3217 1884 3274 scripti
1899 3232 2002 3260 cum

1147 3286 1301 3343 primis
1331 3285 1597 3329 editionibus
1612 3317 1623 3339 ,
1646 3292 1764 3327 recte
1786 3300 1796 3327 ε
1818 3292 1868 3326 ut
1890 3287 1932 3328 τὲ
1962 3288 2004 3325 le

1144 3351 1507 3408 subintelligatur.
1527 3351 1617 3393 Pro
1637 3352 1825 3400 lacendo,
1841 3349 2001 3392 Canta—

1146 3419 1212 3462 bri
1217 3435 1255 3475 g.
1266 3421 1470 3476 querendo
1483 3434 1496 3461 :
1512 3419 1623 3462 sorte
1638 3450 1648 3472 ‚
1655 3418 1877 3473 premendo
1890 3431 1901 3459 .·
1916 3414 1999 3459 hoc
