2268 3776
499 266 768 323 ARTIS
823 262 1308 319 AMATORIAE
1366 266 1529 322 LIB.
1583 268 1671 322 ΙΙ.

1871 271 1982 344 289

194 387 305 450 Sed
331 385 435 447 tibi
462 408 562 446 nec
592 383 748 461 virgo
779 382 1040 459 Tegeam,
1071 403 1364 464 comesque
1391 385 1587 445 Bootae
1930 405 1985 448 55

277 483 514 561 Ensiger
544 478 727 541 Orion
751 476 1141 561 adspiciendus
1168 477 1288 538 erit.

195 584 291 646 Me
321 579 518 664 pennis
546 591 750 637 sectare
784 575 952 647 datis;
979 599 1083 654 ego
1112 574 1349 659 praevius
1378 575 1494 637 ibo.

278 677 363 736 Sit
386 691 480 736 tua
507 698 637 735 cura
660 673 816 756 sequi
841 698 853 742 ;
880 697 966 734 me
998 672 1165 746 duce,
1200 686 1358 734 tutus
1387 673 1510 734 eris.

195 774 334 837 Nam
366 772 477 832 sive
507 770 760 831 aetherias
789 769 973 830 vicino
1004 768 1120 831 sole
1143 793 1245 854 per
1266 794 1426 831 auras

276 868 488 929 Ibimus
511 892 523 938 ;
549 867 844 951 impatiens
874 891 995 929 cera
1022 866 1224 929 caloris
1252 867 1390 928 erit:
1934 888 1992 929 δι»

196 965 320 1027 Sive
350 963 589 1025 humiles
619 965 885 1048 propiore
916 964 1060 1026 freto
1093 965 1423 1047 jactabimus
1452 963 1593 1039 alas;

275 1054 514 1122 Mobilis
543 1062 814 1144 aequoreis
845 1086 1030 1144 penna
1059 1062 1333 1123 madescet
1360 1062 1536 1145 aquis.

192 1161 347 1221 Inter
370 1173 669 1242 utrumque
701 1157 864 1219 vola:
896 1174 1093 1219 ventos
1119 1183 1374 1243 quoque,
1407 1173 1561 1230 nate,
1596 1158 1825 1234 timeto;

279 1257 515 1339 Quaque
540 1254 719 1316 ferent
745 1279 916 1328 aurae,
947 1253 1066 1316 vela
1094 1254 1337 1317 secunda
1361 1255 1508 1317 dato.
1548 1284 1576 1308 »

194 1353 347 1414 Dum
377 1367 593 1423 monet,
625 1366 779 1436 aptat
802 1376 946 1436 opus
979 1377 1185 1436 puer0‚
1218 1368 1603 1437 monstratque
1632 1353 1874 1426 moveri;
1931 1372 1989 1413 65

278 1451 484 1512 Erudit
512 1450 757 1512 infirmas
789 1465 854 1510 ut
884 1473 982 1511 sua
1010 1465 1187 1511 mater
1216 1474 1357 1511 aves,

197 1553 334 1614 Inde
365 1554 475 1614 sibi
504 1553 675 1614 factas
705 1553 951 1614 humeris
982 1553 1372 1614 adcommodat
1395 1551 1507 1614 alas
1531 1599 1548 1627 ,

281 1657 459 1739 Inque
489 1679 697 1715 novum
728 1655 917 1716 timide
949 1679 1182 1738 corpora
1212 1654 1382 1716 librat
1405 1656 1524 1716 iter.

199 1760 435 1841 Jamque
465 1757 750 1818 volaturus
774 1781 943 1840 parvo
975 1757 1128 1818 dedit
1157 1757 1345 1817 oscula
1374 1772 1541 1831 nato;

280 1861 396 1922 Nec
428 1860 620 1944 patriae
648 1858 897 1921 lacrimas
928 1859 1253 1920 continuere
1282 1883 1451 1938 genae.
1940 1894 1995 1919 ω

199 2047 301 2089 lz'cet
315 2042 535 2098 meliores,
556 2059 659 2089 cum
675 2042 817 2101 prima
834 2042 1026 2087 editione
1044 2055 1055 2083 t

199 2110 406 2156 nonnulli
445 2110 574 2164 Quem
597 2112 710 2152 libet.
735 2107 1059 2152 Commelinia-

201 2192 286 2221 nus
312 2184 357 2220 et
379 2183 467 2219 tres
497 2173 595 2230 alii,
627 2177 885 2231 Quamlibet,
922 2174 1056 2217 etiam

203 2258 294 2287 non
317 2241 445 2285 male.

261 2310 326 2352 55.
349 2308 435 2350 Sed
449 2307 533 2348 tibi
543 2321 620 2348 nec
645 2308 760 2360 virgo
786 2306 957 2359 Tegea-a
975 2312 1055 2347 etc.

210 2371 375 2416 calisto
385 2370 598 2430 Lycaonis
609 2368 807 2412 Arcadioe
818 2385 865 2411 re
871 2369 930 2425 gis
944 2368 1030 2411 filia
1043 2401 1056 2422 ,

208 2436 322 2480 dicta
342 2435 406 2479 'sic
425 2450 449 2476 a
470 2434 617 2492 Tegea
644 2433 766 2476 urbe.
795 2433 945 2476 Fabul.
972 2432 1057 2475 vid.

207 2501 323 2559 apud
342 2501 572 2554 Nostrum,
593 2499 777 2542 Metam.
798 2511 834 2540 11
848 2533 858 2547 ‚
879 2508 923 2542 et
944 2499 1058 2542 Fast.

206 2581 274 2623 11,
310 2567 400 2611 156.
426 2565 638 2609 Meminit
668 2581 843 2622 quoque
871 2566 1060 2608 Pausan.

209 2630 366 2676 Arcad.
390 2643 446 2673 111
461 2663 474 2684 ‚
496 2630 576 2673 sub
595 2629 747 2673 finem.
765 2651 820 2662 --
837 2631 1062 2685 Comesque

208 2699 547 2752 Boolae.Ens1‘ger
553 2696 698 2744 Orion.
710 2695 853 2739 Urion
866 2695 1062 2752 primum

210 2762 351 2807 dictus
384 2761 558 2824 (ουρίων)
592 2762 711 2817 juxta
741 2760 977 2817 Palaephat.
1007 2759 1085 2803 dex

210 2825 450 2870 incredibil.
474 2825 588 2868 Hist.
608 2838 720 2876 VI113
741 2825 886 2882 sicque
909 2824 1062 2882 adpel-

213 2889 325 2933 latus
341 2921 353 2943 ,
378 2890 438 2932 ait
456 2923 468 2945 ,
494 2893 561 2934 διὰ
581 2893 622 2934 rei
644 2893 815 2952 οὐρῆσαι·
835 2895 962 2934 ἴπειτα
983 2888 1066 2934 κατ’

216 2958 474 3013 εὐφημισμὸν,
494 2954 655 3016 Ὠρίων.
674 2955 793 2998 Nota
805 2954 990 2998 Orionis
1007 2955 1067 2997 sa-

215 3019 330 3062 bula.
350 3016 576 3068 Caeterum
592 3019 747 3061 eadem
766 3019 856 3062 filio
874 3020 1068 3079 praecipit

219 3081 427 3128 Daedalus
441 3115 453 3138 ,
468 3081 661 3126 Metam.
679 3083 758 3126 loc.
782 3084 852 3126 cit.
872 3084 953 3127 20ss
974 3101 985 3127 2

572 3158 643 3189 Nee
660 3164 692 3188 te
707 3164 851 3198 spectare
865 3159 1007 3196 Booten,

218 3219 290 3255 Aut
302 3218 441 3250 Helicen
450 3220 460 3260 j
468 3218 562 3257 nbeo,
574 3218 792 3259 strictumque
804 3218 938 3250 Orionis
947 3229 1068 3250 ensem.

276 3280 340 3324 58.
377 3281 442 3322 Sil
458 3282 542 3321 tibi
567 3295 670 3322 cura
695 3283 822 3335 sequi.
857 3280 949 3320 Tua
971 3296 1074 3323 cura

219 3345 362 3402 prima
377 3343 527 3399 editio,
544 3359 646 3387 cum
664 3343 915 3387 melioribus
935 3345 1074 3403 scrip-

222 3412 276 3455 tis
290 3445 303 3469 ,
323 3421 369 3457 et
384 3428 486 3455 mox
499 3416 639 3455 timeto
653 3426 734 3468 pro
747 3417 908 3466 carelo,
932 3419 975 3454 et
992 3414 1082 3455 sibi

417 3497 510 3552 II.

1946 1914 1958 1935 Ι

1125 2043 1284 2099 saclas
1306 2058 1387 2101 pro
1412 2046 1535 2095 suis-5
1566 2050 1610 2086 et
1632 2044 1777 2086 timide
1789 2076 1800 2096 ,
1827 2059 1908 2101 pro
1929 2048 1996 2087 ti-

1136 2110 1289 2151 midus.
1310 2109 1480 2151 Hnms.

1193 2173 1261 2216 66.
1299 2174 1361 2215 Ut
1379 2188 1462 2215 sua
1487 2178 1631 2214 mater.
1666 2171 1861 2215 Malebat
1889 2173 1995 2217 olim

1138 2240 1295 2283 Heius.
1312 2245 1469 2294 ulpia:
1490 2239 1565 2283 sed
1582 2239 1642 2282 nil
1658 2256 1767 2297 opus
1784 2256 1794 2283 t
1812 2242 1995 2285 Terent.

1139 2304 1302 2363 Hecyr.
1323 2304 1407 2359 IV,
1425 2318 1489 2358 1v,
1511 2305 1564 2346 38
1581 2320 1591 2346 ε
1608 2306 1751 2347 Maler
1766 2310 1880 2362 quod
1890 2323 1995 2349 sua—

1137 2372 1199 2410 sit
1222 2384 1312 2410 sua.
1356 2369 1423 2412 Ita
1446 2373 1513 2411 vir
1528 2385 1630 2412 suus
1650 2369 1751 2412 infr.
1772 2374 1866 2414 551.
1898 2373 1996 2429 Ipsa

1140 2434 1471 2490 comparatione
1484 2433 1747 2492 hacquoque
1758 2435 1998 2481 utiturvat.

1143 2498 1284 2542 Flacc.
1299 2512 1367 2541 vn
1382 2533 1394 2555 ‚
1418 2499 1499 2556 375
1522 2512 1534 2540 ε
1718 2494 1721 2497 ’

1142 2576 1259 2617 Qualis
1274 2577 1380 2609 adhuc
1395 2585 1520 2610 teneros
1538 2589 1728 2621 supremum
1744 2580 1867 2622 pallida
1881 2580 1979 2613 setus

1142 2638 1253 2671 M-ter
1268 2639 1309 2670 ab
1323 2640 1452 2672 excelso
1466 2640 1623 2681 produxit
1641 2641 1675 2671 in
1687 2653 1761 2673 aen
1777 2643 1875 2682 nido,

1143 2704 1370 2746 Hert-tuique
1397 2705 1490 2748 sequi
1507 2728 1519 2745 ,
1548 2705 1773 2749 brevibusque
1802 2707 1968 2747 insurgere

1247 2766 1384 2807 pennis:

1144 2831 1224 2863 Illos
1239 2832 1369 2862 caerulei
1382 2831 1509 2872 primus
1526 2830 1602 2862 serit
1615 2832 1731 2862 horror
1745 2832 1882 2874 Olympi
1898 2856 1910 2872 ,

1145 2893 1286 2935 Jamque
1307 2892 1412 2923 rediit
1432 2892 1549 2923 volunt
1563 2915 1574 2931 ‚

1250 2954 1358 2986 arbor.

1601 2900 1797 2935 assuetaque
1818 2894 1977 2935 qimi-itm·

1204 3020 1270 3062 68.
1306 3023 1436 3075 Inque
1464 3035 1625 3062 novum.
1663 3020 1964 3064 B‘Ientelianus
1987 3054 1999 3075 ,

1147 3088 1194 3127 in
1205 3102 1285 3141 quo
1296 3101 1458 3133 novum,
1478 3092 1527 3126 ut
1540 3087 1666 3128 notet
1685 3085 1860 3127 initium
1877 3086 2002 3129 itine-

1150 3150 1209 3192 ris
1224 3182 1236 3203 ,
1262 3150 1307 3191 in
1321 3148 1439 3205 quod
1451 3165 1496 3193 se
1512 3148 1642 3193 dabat
1656 3183 1667 3204 ,
1690 3151 1757 3192 vel
1772 3159 2001 3195 tentamen

1151 3216 1320 3258 itineris
1333 3247 1344 3268 ,
1370 3223 1418 3256 ut
1438 3214 1581 3257 solent
1601 3231 1699 3258 aves
1721 3225 1884 3259 tenerae
1900 3234 2008 3274 pen-

1144 3296 1231 3323 nas
1253 3289 1432 3335 quatere
1447 3312 1459 3332 ,
1489 3288 1533 3322 et
1557 3279 1712 3323 leviter
1731 3297 1888 3338 corpus
1918 3283 2004 3325 tol-

1154 3345 1243 3388 lere
1266 3354 1309 3387 et
1328 3345 1484 3387 librare
1501 3361 1512 3388 :
1532 3353 1575 3388 et
1595 3345 1655 3389 ita
1671 3346 1881 3391 Francius
1902 3364 2002 3392 con·

1155 3411 1334 3466 jecerat.
1354 3410 1518 3453 BURM.

1719 3517 1787 3573 Ῐ9
