2268 3776
241 282 352 352 41ss

705 284 768 336 P.
825 284 1121 342 OVIDII
1166 282 1549 340 NASONIS

319 397 571 481 Cydippe
596 420 712 456 non
743 413 828 459 est
856 401 995 474 oris,
1026 403 1299 474 Homere‚
1331 402 1430 462 tui.

239 497 384 578 Quis
414 495 553 555 ferat
580 494 995 558 Andromaches
1024 512 1377 581 peragentem
1407 495 1622 556 Thalida
1649 501 1874 580 partes?

319 594 545 665 Peccat‚
576 591 635 651 in
657 593 1042 655 Andromache
1073 593 1289 654 Tha'i'da
1316 594 1363 653 si
1395 594 1521 676 quis
1551 609 1693 672 agat.

241 689 411 750 Tha‘l's
440 689 499 748 in
532 689 669 750 Arte
698 714 818 750 mea
844 716 857 751 :
883 690 1103 752 lascivia
1129 690 1306 751 libera
1334 704 1529 750 nostra
1556 706 1654 750 est.

1937 711 2018 754 385

321 785 417 846 Nil
445 785 582 846 mihi
610 810 734 848 cum
762 788 897 848 vitta
922 814 935 847 :
961 788 1133 847 Tha'i‘s
1160 788 1219 846 in
1247 788 1383 847 Arte
1414 811 1533 848 mea
1562 803 1660 848 est.

245 882 304 942 Si
332 906 452 944 mea
473 884 711 943 materiae
739 883 1043 967 respondet
1071 885 1238 943 Musa
1259 884 1494 964 jocosae‚

326 979 604 1051 VicimuS‚
632 992 688 1039 et
713 978 838 1039 falsi
870 979 1115 1038 criminis
1146 994 1266 1039 acta
1293 1003 1387 1040 rea
1416 994 1516 1040 est.

246 1078 525 1158 Rumpere
543 1122 558 1149 ‚
582 1074 724 1135 livor
753 1075 921 1147 edax3
944 1075 1057 1156 jam
1085 1099 1348 1154 magnum
1375 1099 1582 1136 nomen
1607 1075 1900 1136 habemus!

329 1172 515 1253 Majus
547 1172 681 1245 erit3
710 1187 955 1245 tantum,
983 1196 1094 1254 quo
1126 1173 1265 1255 pede
1297 1172 1492 1255 coepit‚
1520 1186 1622 1232 eat.

1944 1190 2024 1245 390

249 1274 359 1335 Sed
386 1274 620 1335 nimium
647 1298 912 1357 properas
942 1298 955 1333 ε
979 1275 1155 1334 vivam
1182 1274 1381 1334 modo!
1407 1273 1570 1356 plura
1598 1271 1812 1334 dolebis
1838 1297 1850 1346 ;

329 1378 404 1437 Et
433 1376 660 1459 capiunt
683 1376 851 1435 animi
882 1375 1122 1436 carmina
1150 1374 1328 1436 multa
1356 1375 1479 1436 mei.

250 1481 392 1540 Nam
417 1480 603 1561 juvat,
634 1493 689 1538 et
718 1477 965 1539 studium
993 1476 1148 1540 famae
1175 1478 1314 1538 mihi
1343 1478 1538 1540 crescit
1566 1502 1749 1539 amore
1773 1503 1784 1536 :

310 1663 404 1706 382.
427 1663 622 1721 Cydippe.
638 1660 779 1718 Cujus
795 1662 988 1706 nominis
1004 1678 1104 1720 poe·

255 1743 327 1769 ma
347 1726 576 1783 scripserat
598 1725 890 1770 Callimachus
905 1759 916 1781 ,
940 1743 990 1770 ex
1016 1742 1104 1783 quo

255 1793 501 1848 fragmenta
518 1792 571 1833 ab
592 1791 779 1848 antiquis
799 1791 1104 1835 Grammaticis

258 1858 461 1900 citantur.
492 1855 606 1898 Vide
629 1856 814 1899 celeber.
834 1855 1103 1910 Bentleium‚

256 1922 309 1964 ad
340 1922 605 1978 Fragmenta
628 1919 911 1975 Callimachi,
941 1930 985 1963 et
1009 1935 1109 1976 quae

260 1987 314 2029 ad
337 1986 471 2043 Epist.
495 1984 716 2044 Cydippes
740 1985 999 2028 notavimus.

310 2050 406 2092 383.
425 2051 530 2103 Quis
531 2049 657 2104 feret.
673 2049 851 2092 Rectius
864 2049 955 2104 alii,
965 2049 1106 2104 seral:

262 2126 307 2160 et
325 2125 423 2160 tum
441 2116 642 2172 sequenti
661 2132 786 2159 versu
802 2149 814 2170 ‚
835 2118 988 2159 Peccel
999 2132 1107 2172 quo-

264 2200 348 2240 que
368 2184 423 2227 sit
454 2181 747 2226 scribendum.
781 2184 834 2225 Si
850 2186 943 2238 quis
972 2189 1099 2237 agat,

262 2249 396 2291 etiam
411 2256 530 2291 recte
551 2247 692 2304 prima
715 2247 874 2302 editio,
899 2263 1001 2290 cum
1023 2248 1108 2290 Pu·

262 2322 420 2356 teaneo
441 2322 484 2356 et
505 2312 653 2355 multis
672 2312 776 2356 aliis.
793 2312 960 2356 HEINS.

319 2380 412 2434 384.
434 2381 762 2422 Andromaches.
784 2378 1043 2435 Euripidem
1064 2388 1108 2422 et

266 2444 571 2488 Menandrum
591 2445 764 2501 respicit
780 2479 791 2499 ,
830 2461 1018 2502 quorum
1038 2445 1107 2488 ille

268 2509 611 2552 Andromachen
634 2543 646 2564 ,
696 2525 793 2566 quae
830 2518 963 2553 exstat
982 2543 993 2565 ,
1039 2509 1110 2553 hic

267 2574 437 2618 Tha‘i'da
455 2573 732 2617 Comoediam
749 2608 760 2630 ,
783 2592 878 2632 quae
896 2575 1081 2632 deperiit
1094 2609 1107 2630 ,

265 2641 475 2684 ediderat.
499 2640 677 2683 Tha‘idis
700 2641 939 2684 Menandri
960 2641 1109 2683 memi-

266 2706 332 2749 nit
353 2704 564 2748 Martialis
581 2737 593 2758 ,
618 2705 687 2747 lib.
705 2706 833 2759 XIV,
853 2706 999 2762 Epigr.
1022 2707 1110 2763 187.

320 2771 414 2815 385.
437 2772 591 2814 Libera
606 2777 750 2814 noslra
771 2777 845 2814 est.
867 2773 1020 2813 Libera
1032 2788 1111 2813 no-

266 2839 355 2886 bis,
378 2836 522 2878 Vossii
541 2836 703 2879 codex:
733 2835 891 2879 deinde
923 2840 991 2878 nil
1011 2839 1119 2878 mihi

267 2908 531 2957 cum'nupla‚
559 2901 773 2946 editiones
798 2902 944 2959 priscae
971 2910 1015 2944 et
1037 2903 1111 2944 vi·-

269 2965 390 3022 genti
410 2974 498 3008 tres
520 2965 701 3010 codices.

325 3031 418 3090 392.
438 3034 501 3074 El
507 3035 676 3086 capient
688 3035 797 3074 anni
806 3035 994 3074 carmina
1009 3033 1113 3073 mul-

268 3100 315 3136 la
337 3099 428 3136 mei.
464 3095 623 3151 Scripti
647 3111 739 3137 non
760 3096 911 3152 pauci,
947 3100 1116 3151 capient

266 3164 404 3214 animi
411 3164 600 3202 carmina
606 3163 732 3216 plura
751 3174 763 3199 .·
777 3164 915 3215 plura,
939 3175 1112 3217 quoque

269 3223 404 3275 codex
423 3225 452 3267 J
457 3226 568 3269 ureti
589 3242 598 3269 ε
620 3230 806 3281 capiunt,
829 3227 1006 3283 Regius.
1024 3228 1114 3269 Po-

268 3289 407 3332 litiani
426 3289 535 3332 liber
550 3323 562 3345 ,
592 3295 762 3345 capient
777 3296 914 3334 animi
926 3295 1115 3334 carmina

268 3371 420 3410 magna
431 3360 540 3398 mei:
560 3357 677 3412 quod
699 3358 837 3414 placet
852 3390 864 3411 ‚
886 3358 1021 3400 modo
1040 3375 1113 3401 ca-

260 3425 388 3475 piunt
400 3437 499 3467 cum
516 3421 656 3480 Regio
678 3423 901 3468 admittas:
923 3423 1025 3468 hinc
1045 3439 1115 3466 ca·

1178 1679 1272 1719 pax
1281 1667 1459 1707 animus.
1471 1662 1691 1720 Legebam
1706 1658 1937 1718 aliquando
1949 1675 2029 1717 pro
2053 1693 2058 1698 .

1185 1732 1376 1771 carmina
1393 1731 1545 1779 mulla,
1568 1730 1698 1770 culta.
1717 1727 1882 1770 HEINS.

1240 1794 1335 1853 393.
1349 1794 1537 1836 Studium
1539 1793 1674 1847 fama·
1688 1794 1953 1834 mihicrescil
1962 1794 2032 1834 ho-

1185 1875 1295 1902 nore.
1326 1859 1442 1916 Lege
1459 1891 1470 1913 ,
1481 1859 1618 1914 famoe
1640 1860 1824 1908 bonone,
1847 1865 1897 1900 ut
1918 1856 2033 1912 apud

1187 1924 1376 1966 Statium
1390 1956 1402 1978 ‚
1430 1923 1570 1966 Theb.
1587 1936 1625 1964 11
1638 1955 1650 1978 ,
1673 1922 1756 1981 629
1776 1938 1787 1965 ε

1187 2000 1253 2030 Vos
1265 2010 1413 2041 quoque,
1431 1998 1621 2039 Thespiadae
1636 2021 1646 2037 ‚
1663 2009 1723 2028 cur
1738 1996 1895 2029 inficiatus
1914 1995 2036 2028 honora

1186 2059 1359 2090 Arcuerim
1373 2059 1461 2090 sama
1473 2058 1492 2090 Ἰ

1189 2120 1248 2162 Et
1259 2119 1378 2162 idem
1389 2119 1461 2163 lib.
1483 2120 1528 2174 1,
1551 2119 1654 2163 silv.
1672 2130 1737 2174 lv,
1759 2119 1814 2178 96
1831 2136 1841 2162 z
1858 2121 2036 2162 Honora

1188 2189 1388 2227 carmina.
1428 2183 1536 2240 Quo
1563 2184 1736 2240 respicit
1763 2200 1877 2226 unus
1901 2182 2037 2226 codex

1192 2250 1452 2304 Patavinus,
1472 2249 1520 2291 in
1542 2264 1629 2305 quo
1643 2281 1655 2302 ,
1677 2251 1869 2290 honestae.
1889 2246 2036 2291 Editio

1189 2314 1331 2371 prima
1363 2323 1408 2358 et
1436 2314 1586 2371 scripti
1615 2313 1851 2368 nonnulli,
1885 2329 2037 2355 amore.

1191 2380 1280 2423 Sed
1293 2396 1430 2436 quum
1440 2379 1603 2437 Regius
1616 2388 1660 2422 et
1669 2379 1853 2422 Putean.
1865 2394 1889 2421 a
1899 2394 2037 2420 manu

1189 2445 1329 2501 prima
1342 2452 1593 2502 agnoscant,
1609 2446 1717 2487 mihi
1727 2446 1856 2487 crevit
1866 2445 2039 2495 honori,-

1191 2508 1260 2551 alii
1279 2525 1351 2551 sex
1366 2541 1378 2563 ,
1411 2512 1564 2551 crescit
1589 2510 1760 2561 honori,·
1791 2508 1904 2551 sorte
1924 2507 2038 2564 legas

1190 2574 1349 2616 rectius
1367 2606 1379 2628 ‚
1409 2565 1545 2627 satha
1576 2575 1759 2616 studium
1783 2575 1891 2616 mihi
1912 2575 2044 2615 cessit

1191 2642 1361 2690 honori,
1382 2639 1474 2694 vel,
1497 2641 1612 2682 cedi!
1622 2655 1636 2681 .·
1655 2638 1821 2682 namin
1841 2653 1932 2680 uno
1953 2639 2041 2679 Va-

1191 2706 1336 2748 ticano
1359 2714 1423 2748 est
1439 2737 1451 2759 ,
1481 2707 1623 2747 credit.
1649 2705 1722 2748 Sic
1749 2707 1850 2747 bene
1868 2705 2030 2749 cedere.

1191 2771 1305 2812 Fast.
1326 2770 1371 2812 II
1383 2803 1395 2824 ,
1418 2770 1513 2812 380.
1527 2769 1596 2811 De
1618 2785 1721 2812 voce
1742 2771 1920 2811 honorus
1938 2767 2038 2810 vide

1191 2834 1342 2877 Barth.
1357 2833 1411 2876 ad
1427 2833 1535 2876 Stat.
1549 2833 1687 2876 Theb.
1708 2848 1772 2887 lv,
1786 2833 1868 2888 624
1890 2849 1900 2876 t
1922 2841 1966 2876 et
1984 2832 2039 2875 ad

1191 2898 1415 2942 laudatum
1428 2898 1574 2941 locum
1589 2898 1640 2941 ab
1656 2898 1857 2953 Heinsio,
1877 2899 1947 2941 lib.
1967 2898 2011 2941 II
2024 2930 2040 2952 ,

1193 2965 1265 3008 ubi
1288 2965 1557 3008 usitatiorem
1579 2981 1670 3009 aevo
1706 2964 2008 3008 barbarissanti
2024 2997 2037 3015 ,

1193 3046 1323 3087 quarn
1337 3030 1474 3073 latino
1490 3064 1500 3081 ,
1530 3046 1685 3073 vocem
1705 3030 1808 3074 dicit
1830 3042 1840 3069 :
1860 3038 1904 3073 et
1921 3038 2039 3072 certe

1193 3095 1305 3151 apud
1326 3094 1496 3146 Silium,
1513 3095 1610 3138 Val.
1628 3096 1765 3138 Flacc.
1786 3103 1830 3137 et
1849 3094 2042 3137 Statium

1193 3161 1544 3216 frequentissime
1561 3161 1749 3204 occurrit
1765 3172 1776 3199 Ξ
1798 3159 1912 3216 apud
1928 3160 2039 3204 Nos-

1193 3235 1328 3280 trum,
1342 3225 1459 3282 quod
1469 3226 1616 3280 sciam,
1630 3241 1871 3282 nunquam.
1885 3224 2040 3280 Quare

1194 3293 1449 3348 praeferrem
1477 3307 1580 3334 sane
1607 3324 1619 3346 ,
1659 3294 1840 3333 honesloe
1859 3323 1870 3341 ‚
1914 3289 2039 3343 cujus

1194 3357 1378 3413 glossam
1397 3372 1486 3399 esse
1508 3364 1615 3412 puto
1628 3388 1640 3409 ,
1662 3358 1814 3398 honore
1831 3387 1842 3409 ‚
1869 3361 1918 3396 ut
1934 3352 2039 3395 scri-

1194 3422 1295 3466 bere
1311 3421 1506 3467 solebant
1518 3436 1609 3466 aevo
1624 3420 1839 3465 deteriore
1855 3417 2016 3463 librarii
2036 3451 2046 3462 .
