2268 3776
694 297 1108 354 REMEDIA
1160 298 1526 356 AMORIS.

1886 301 1991 370 413

222 416 396 495 Exige
427 414 579 499 quod
608 429 819 487 cantet,
846 415 893 476 si
924 439 1033 498 qua
1058 429 1142 476 cst
1172 417 1288 477 sine
1319 443 1452 479 voce
1483 417 1700 501 puella:

303 515 412 573 Fac
440 510 627 583 saltet,
651 511 826 572 nescit
855 512 902 572 si
934 536 1044 595 qua
1070 536 1289 574 movere
1318 538 1558 575 manum.

225 611 468 671 Barbara
496 632 746 670 sermone
776 623 893 687 est;
925 608 1009 670 sac
1038 623 1217 671 tecum
1245 610 1419 671 multa
1445 611 1723 694 loquatur.

1918 630 2000 671 335

306 709 436 768 Non
464 706 655 766 didicit
684 706 920 767 chordas
951 721 1206 786 tangerc;
1236 730 1405 790 posce
1437 707 1626 790 lyram.

227 802 438 864 Durius
467 802 715 863 incedit?
743 803 859 865 face
888 803 1212 865 inambulet.
1248 805 1430 865 Omne
1461 803 1679 887 papillae

308 899 510 960 Pectus
539 899 751 961 habent
782 901 1041 961 tumidae?
1065 900 1231 962 fascia
1259 899 1414 962 nulla
1444 916 1607 979 tegat.

230 993 291 1055 Si
318 994 456 1056 male
487 995 706 1057 dentata
729 1012 839 1070 est;
867 1022 1057 1070 narra,
1085 997 1237 1081 quod
1266 998 1471 1070 rideat,
1504 997 1601 1058 illi.

310 1091 585 1154 Mollibus
616 1109 699 1155 est
727 1093 947 1155 oculis?
973 1094 1125 1178 quod
1154 1094 1280 1155 fleat
1306 1093 1429 1167 illa,
1454 1094 1612 1155 reser.

1926 1110 2008 1164 340

231 1189 489 1250 Proderit
518 1204 573 1251 et
601 1190 822 1263 subito,
854 1214 1025 1274 quum
1060 1214 1116 1252 se
1146 1215 1263 1251 non
1292 1190 1513 1252 finxerit
1541 1189 1670 1259 ulli,

310 1285 402 1346 Ad
431 1285 709 1347 dominam
739 1285 940 1348 celeres
966 1311 1123 1348 mane
1154 1287 1345 1349 tulisse
1376 1287 1596 1367 gradus,

232 1382 551 1444 Auferimur
577 1382 730 1445 cultu
757 1409 769 1444 ε
795 1384 1022 1463 gemmis
1052 1408 1296 1467 auroque
1328 1398 1594 1463 teguntur

319 1479 525 1541 Omnia
551 1505 564 1540 ε
589 1502 717 1563 pars
747 1479 973 1540 minima
1002 1494 1086 1541 est
1113 1481 1234 1564 ipsa
1264 1480 1449 1564 puella
1475 1480 1579 1540 sui.

237 1576 422 1660 Saepe,
451 1576 552 1638 ubi
577 1577 675 1650 sit,
708 1576 860 1660 quod
891 1601 1064 1650 ames,
1091 1578 1237 1639 inter
1267 1593 1375 1639 tam
1404 1565 1885 1659 multa'requiras:
1930 1589 2013 1647 345

317 1673 543 1757 Decipit
570 1673 672 1734 hac
704 1673 896 1735 oculos
925 1674 1096 1753 aegide
1128 1672 1279 1737 dives
1309 1675 1501 1735 Amor.

237 1771 580 1855 Improvisus
609 1770 764 1843 ades3
798 1771 1100 1854 deprendes
1132 1785 1287 1832 tutus
1316 1771 1577 1831 inermem
1603 1793 1614 1827 :

320 1866 515 1929 Infelix
545 1867 694 1929 vitiis
723 1868 936 1929 excidet
964 1867 1060 1929 illa
1087 1867 1219 1928 suis.

235 1967 352 2027 Nec
383 1979 564 2027 tamen
592 1965 722 2026 huic
748 1964 980 2025 nimium
1010 1978 1287 2048 praecepto
1312 1962 1531 2025 credere
1564 1976 1744 2022 tutum
1775 1977 1890 2035 est;

297 2126 391 2171 333.
411 2128 456 2170 E
457 2130 550 2183 rige
563 2129 679 2183 quod
692 2132 844 2171 caniet.
871 2128 932 2169 [It
947 2132 1091 2169 cantet

244 2192 408 2249 Regius
429 2199 473 2235 et
487 2192 763 2245 Puteanus,
785 2207 887 2234 cum
906 2191 989 2234 alio
1005 2191 1089 2234 Re·

245 2256 327 2314 gio.
355 2258 433 2299 Uti
445 2262 588 2299 cantet
606 2255 812 2311 Scaligeri
832 2263 1031 2312 excerpta
1049 2263 1094 2298 et

245 2321 415 2375 Jureti,
443 2333 547 2364 cum
572 2336 663 2364 uno
682 2321 922 2364 Puteaneo.
945 2320 1058 2376 Lege
1075 2351 1086 2373 ,

245 2391 403 2443 cxlgt‘to
423 2393 566 2430 cante!
586 2400 599 2426 .·
631 2402 743 2443 saepe
764 2386 824 2430 sic.
850 2394 1089 2443 peccatum.

247 2452 336 2495 Pro
355 2455 492 2509 siqua
503 2457 579 2504 est,
598 2467 712 2494 unus
729 2467 780 2494 ex
799 2451 908 2494 meis
920 2482 932 2505 ‚
954 2455 1091 2507 siqua

246 2523 345 2562 sint.
367 2519 504 2563 IDEM.

302 2585 395 2640 334.
412 2587 500 2629 Fac
516 2588 647 2628 salle!
657 2620 667 2637 ,
690 2587 827 2628 nescit
842 2587 887 2627 si
901 2599 983 2639 qua
1002 2600 1094 2626 mo-

248 2666 336 2693 vere
344 2666 523 2693 manum.
537 2650 718 2707 Optime
730 2650 895 2692 Movere
902 2664 1068 2690 manum
1078 2681 1089 2699 ‚

250 2726 493 2779 χειρονομῖιν.
503 2716 576 2760 Sic
587 2725 631 2760 et
641 2716 720 2774 leg.
735 2715 983 2769 Met.X1V,
996 2718 1090 2759 520:

249 2787 304 2819 Ad
315 2797 487 2818 numerum
503 2786 598 2818 motis
613 2786 763 2817 manibus
775 2785 896 2816 duxere
909 2784 1050 2816 choreas.

247 2849 424 2892 Jactare
438 2851 483 2891 in
501 2863 708 2891 numerum
726 2848 911 2896 brachia,
922 2845 1093 2888 Lucret.

250 2910 322 2954 lib.
339 2912 422 2966 IV,
446 2912 546 2969 7733
565 2921 609 2954 et
622 2915 767 2954 mollia
780 2914 986 2953 mobiliter
999 2913 1095 2954 bra-

251 2979 350 3019 chia
370 2980 528 3019 mittere
545 3010 554 3027 ‚
589 2976 661 3019 lib.
682 2976 749 3019 IV
772 3005 783 3030 ,
827 2992 917 3035 79¹·
937 2974 1095 3018 Gestus

254 3039 375 3083 enim
411 3055 628 3083 manuum
661 3048 705 3082 et
742 3039 1019 3083 brachiorum
1047 3038 1094 3080 in

253 3106 478 3150 saltatione
499 3106 740 3163 puellarum
762 3105 857 3161 plus
876 3121 1097 3148 commen·

254 3169 437 3214 dabatur
453 3203 465 3224 ,
492 3185 623 3226 quam
644 3168 808 3226 pedum
827 3177 986 3211 motus.

309 3237 403 3280 335.
421 3237 616 3278 Barbara
630 3227 815 3278 sermone
831 3241 907 3277 est.
926 3235 1096 3277 Sermo-

255 3320 346 3347 nem
361 3308 427 3346 est
440 3302 662 3352 Patavin.;
683 3309 733 3344 ut
751 3301 804 3344 sit
825 3300 1070 3358 graecismus
1082 3334 1094 3354 ,

256 3368 379 3424 cujus
398 3375 514 3410 notae
541 3366 690 3408 multae
720 3372 955 3408 occurrunt
983 3363 1097 3420 apud

257 3433 480 3480 Nostrum.
495 3431 659 3475 Hsslus.
668 3431 958 3475 -Factccum
971 3431 1100 3477 multa

1168 2128 1376 2183 loquatur.
1391 2125 1642 2168 Puteaneus
1651 2141 1765 2168 unus
1777 2157 1788 2179 ,
1802 2131 1934 2169 lecum
1945 2132 1995 2169 ul
2003 2161 2015 2177 ‚

1169 2192 1345 2235 mallem
1363 2224 1375 2246 ‚
1397 2191 1482 2247 sac
1508 2197 1665 2241 tecum,
1695 2197 1740 2234 el
1766 2195 1922 2241 mulla,
1954 2196 2017 2236 Io-

1171 2262 1351 2313 quatur:
1371 2265 1533 2298 crescet
1554 2255 1674 2298 enim
1694 2254 1845 2298 odium
1868 2265 1912 2299 et
1931 2257 2018 2300 fas-

1170 2321 1327 2364 tidium
1339 2337 1390 2364 ex
1406 2323 1534 2363 multo
1550 2329 1593 2363 et
1608 2324 1783 2363 barbaro
1795 2337 2014 2365 sermone.

1225 2386 1319 2443 337.
1342 2386 1502 2427 Durius
1517 2385 1826 2440 1'12cede'l?sace
1842 2392 1891 2428 ut
1914 2403 2017 2429 am-

1170 2453 1292 2493 bulet.
1316 2449 1474 2506 Scripti
1491 2449 1707 2507 plerique,
1716 2450 1801 2505 sac
1817 2455 2018 2495 ambulat.

1175 2515 1337 2573 Regius
1348 2515 1449 2571 ,fac
1457 2518 1695 2558 inambulet.
1709 2515 1898 2573 Excepta
1913 2518 2021 2562 Sca-

1172 2581 1312 2638 ligeri,
1318 2580 1425 2636 sace
1441 2585 1671 2625 inambulet
1688 2599 1701 2626 .·
1708 2583 1816 2638 sace
1835 2601 1915 2641 pro
1919 2587 2018 2642 sac.

1174 2647 1498 2690 usitatissimum
1526 2647 1699 2691 Nostro.
1726 2650 2028 2694 Inambulandi

1173 2711 1307 2754 verbo
1331 2713 1588 2767 frequenter
1616 2729 1717 2755 usus
1740 2722 1804 2756 est
1827 2712 1984 2759 Cicero
2009 2731 2017 2755 :

1174 2775 1277 2820 hinc
1291 2785 1335 2819 et
1353 2779 1629 2819 inambulalio
1647 2777 1762 2834 apud
1783 2778 2020 2823 Catullum.

1231 2842 1323 2885 338.
1345 2843 1476 2885 Omne
1485 2845 1659 2897 papilla·
1674 2846 1829 2886 Peclus
1840 2847 1995 2889 habent
2006 2861 2019 2887 :

1175 2909 1321 2949 w'lium
1328 2906 1480 2962 fascia
1496 2909 1614 2948 nulla
1633 2913 1758 2961 legal.
1777 2911 1930 2951 Peclus
1949 2913 2023 2952 ba·

1176 2975 1275 3015 beat
1302 2975 1468 3015 tumida·
1482 3006 1493 3023 ‚
1538 2972 1688 3028 priscae
1727 2973 1940 3019 editiones
1976 2987 2024 3020 et

1177 3038 1462 3082 Sarravianus
1477 3070 1489 3092 ,
1511 3055 1612 3082 cum
1632 3048 1819 3095 quatuor
1839 3041 1928 3085 aliis
1945 3059 2022 3086 co-

1177 3105 1342 3148 dicibus
1363 3117 1373 3143 2
1397 3104 1514 3160 quod
1535 3122 1623 3162 prae
1644 3106 1815 3163 vulgata
1834 3107 2020 3152 lectione

1177 3167 1342 3223 placet;
1364 3167 1515 3229 malim
1543 3168 1675 3211 etiam
1695 3201 1707 3223 ‚
1728 3170 1880 3224 fascia
1903 3175 2023 3213 nulla

1174 3236 1287 3288 liget,
1301 3248 1432 3289 quam
1444 3239 1568 3288 tegat.
1579 3233 1651 3277 Sic
1662 3235 1795 3278 Mart.
1807 3249 1903 3289 ΧΠ,
1923 3237 1997 3291 ι34
2011 3253 2022 3279 z

1177 3303 1290 3334 Fascia
1305 3309 1482 3334 crescentes
1495 3303 1634 3335 domina
1646 3315 1812 3346 compesce
1829 3306 1978 3346 papillas.

1232 3363 1379 3418 343-4.
1416 3365 1627 3418 Tegantur
1645 3366 1811 3407 Omnia.
1832 3366 1885 3408 In
1905 3382 2021 3408 non-

1178 3427 1305 3471 nullis
1326 3431 1523 3481 crc'miaa,
1550 3444 1641 3473 non
1661 3434 1814 3473 omnia.
1838 3431 1993 3474 NAUG.
