2268 3776
324 332 422 388 170
769 314 834 367 P.
892 314 1194 371 oV1D11
1248 318 1629 375 NASONIS

261 451 264 455 ’
306 427 437 487 Vidi
468 450 570 505 ego
601 449 781 509 nuper
809 452 1039 512 equum,
1067 447 1258 493 contra
1287 457 1386 495 sua
1414 434 1593 496 vincla
1624 450 1897 510 tenacem,

390 526 503 584 Ore
532 523 824 586 reluctanti
852 525 1100 587 fulminis
1124 528 1202 588 ire
1230 531 1434 590 modo:

311 626 605 700 Constitit,
633 642 697 687 ut
725 629 968 711 primum
997 653 1284 691 concessas
1314 633 1487 692 sensit
1514 633 1759 694 habenas
1778 682 1792 707 ,
2045 654 2093 695 15

387 730 672 811 Frenaque
701 730 760 789 in
791 731 966 792 effusa
994 732 1114 793 laxa
1139 733 1317 814 jacere
1343 734 1496 814 juba.

306 829 550 891 Nitimur
578 831 639 890 in
666 832 896 893 vetitum
926 858 1167 916 semper,
1199 835 1563 918 cupimusque
1593 853 1808 916 negata.

391 926 482 985 Sic
511 927 817 989 interdictis
848 931 1100 991 imminet
1127 955 1269 1010 aeger
1297 933 1472 1015 aquis.

311 1016 548 1078 Centum
576 1018 760 1080 fronte
790 1020 1012 1092 oculos,
1039 1036 1260 1082 centum
1291 1022 1494 1082 cervice
1528 1022 1753 1099 gerebat

387 1114 605 1192 ArgUS,
635 1132 691 1177 et
714 1117 821 1177 hos
852 1142 997 1178 unus
1027 1142 1168 1202 saepe
1199 1118 1396 1179 fefellit
1421 1119 1613 1178 Amor.
2044 1150 2098 1179 ρο

308 1210 375 1268 In
404 1210 705 1273 thalamum
735 1214 924 1274 Danae
955 1239 1085 1275 saxo
1113 1215 1371 1299 ferroque
1395 1240 1694 1299 perennem

391 1307 530 1386 Quae
559 1308 739 1369 fuerat
768 1312 924 1389 virgo
955 1312 1181 1385 tradita,
1212 1328 1387 1373 mater
1414 1329 1545 1373 erat.
1667 1383 1672 1391 ,

309 1402 586 1487 Penelope
613 1406 841 1479 mansit,
872 1408 1120 1489 quamvis
1151 1408 1380 1469 custode
1410 1410 1659 1482 carebat,

386 1503 539 1561 Inter
569 1516 655 1562 tot
677 1503 905 1583 juvenes
931 1504 1255 1566 intemerata
1281 1529 1502 1589 procos

310 1686 508 1731 Tibullus
524 1705 716 1745 quoque,
732 1689 804 1733 lib.
819 1704 852 1744 1,
871 1691 991 1750 Eleg.
1006 1706 1072 1748 lv,
1089 1694 1166 1747 40:

351 1763 452 1795 cedas
467 1775 476 1794 :
493 1763 647 1805 obsequio
664 1765 805 1805 plurima
818 1766 922 1796 vincit
938 1778 1041 1798 amor.

314 1845 368 1857 ·-·
403 1825 610 1880 Obsequio
631 1828 783 1867 vincas
808 1830 949 1880 aptius
976 1828 1056 1868 illa
1083 1832 1165 1869 tuo.

313 1892 430 1944 Ipse,
456 1889 590 1933 editio
614 1890 759 1947 prima
783 1907 793 1933 :
814 1891 891 1934 sed
910 1894 991 1934 illa
1010 1892 1169 1935 melio-

309 1971 404 2010 res,
426 1964 471 1998 et
491 1955 545 1998 ad
565 1960 673 1998 vitia
693 1956 992 1999 referendum.

370 2021 432 2062 13.
444 2023 628 2076 Vidiego
640 2038 923 2078 nuperequum
937 2031 1017 2065 etc.
1030 2022 1164 2078 Egre-

318 2085 384 2140 gie
400 2085 530 2128 ducta
542 2086 812 2143 comparatio
824 2120 836 2141 ‚
853 2087 904 2129 ab
922 2103 1036 2143 equo
1052 2088 1166 2131 freni

315 2151 575 2207 impatiente
598 2185 611 2207 ,
659 2152 734 2208 qui
767 2161 918 2195 tamen
947 2157 1163 2204 constitit,

313 2233 492 2260 cursum
508 2250 520 2271 ,
550 2226 596 2260 et
616 2217 797 2274 quidem
816 2219 1135 2262 velocissimum
1151 2251 1164 2273 ,

309 2281 528 2338 inhibuit,
553 2282 699 2326 statim
721 2291 769 2326 ut
790 2284 923 2327 sensit
942 2279 1167 2327 concessas

313 2347 504 2392 habenas
524 2358 605 2392 etc.
624 2373 681 2383 -
697 2353 852 2394 Contra
870 2367 949 2393 sua
955 2351 1088 2406 frena
1103 2357 1166 2394 te-

314 2429 474 2455 nacem.
484 2414 664 2471 Legitur
673 2415 823 2471 etiam,
840 2432 920 2458 sua
930 2420 1086 2459 vincla.
1098 2417 1164 2460 M.

322 2478 477 2520 Vincla
491 2478 694 2521 meliores
711 2495 866 2523 omnes
881 2489 998 2523 recte
1018 2480 1166 2535 :frena

315 2542 490 2585 alterius
499 2542 945 2599 interpretamentum
955 2554 1034 2600 est,
1046 2545 1166 2602 quod

314 2616 360 2651 et
377 2623 480 2650 mox
495 2609 703 2664 sequitur.
721 2610 888 2654 HEms.
911 2610 1073 2666 Livius,
1092 2611 1165 2654 lib.

314 2688 458 2718 XXXIX
471 2708 482 2730 ,
503 2678 556 2718 25
581 2691 591 2719 :
617 2677 679 2717 Ut
693 2693 837 2731 equum
849 2683 1058 2730 tenacem,
1082 2695 1167 2721 non

307 2747 523 2795 parentem
536 2773 548 2795 ,
565 2741 707 2797 frenis
726 2746 1005 2797 asperioribus
1024 2747 1168 2785 casti-

309 2809 495 2862 gandum
514 2823 606 2850 esse
622 2821 634 2847 .’
659 2812 723 2851 ita
738 2814 781 2851 et
796 2811 847 2851 de
865 2811 1112 2852 hominibus.

375 2874 437 2918 16.
477 2877 530 2917 In
559 2874 704 2931 eſj‘usa
737 2878 843 2918 Iaza
863 2876 1014 2932 jacere
1039 2877 1167 2933 juba.

317 2940 497 2984 Mollius
518 2941 602 2984 erit
621 2957 799 2984 carmen
817 2975 829 2996 ,
861 2941 923 2996 si,
946 2950 995 2984 ut
1028 2950 1092 2984 est
1119 2941 1166 2984 in

316 3007 622 3063 manuscriptis
635 3039 647 3060 ,
671 3006 839 3062 effusas
843 3007 982 3062 jubas
995 3041 1006 3059 ‚
1038 3006 1083 3049 id
1103 3015 1168 3050 est

318 3072 460 3115 crines
473 3105 484 3126 ,
508 3072 754 3129 legerimus.
773 3073 904 3115 ΜΔΕ.

376 3154 441 3194 17,
465 3137 526 3179 18.
546 3140 732 3180 Nitimur
743 3141 788 3180 in
808 3141 981 3180 vetitum
1000 3153 1168 3193 semper.

320 3202 457 3245 Recte
477 3205 672 3255 nitimur;
695 3218 789 3244 non
812 3203 933 3246 enim
958 3202 1050 3246 sine
1072 3207 1168 3245 nisu

320 3266 512 3322 quodam
536 3266 759 3310 tendimus
778 3267 823 3309 in
843 3272 1014 3310 vetitum
1029 3301 1040 3319 ,
1067 3266 1168 3323 quia

317 3332 480 3375 viribus
493 3332 642 3376 animo
656 3348 767 3388 saepe
781 3349 889 3389 opus
904 3341 991 3387 est,
1007 3341 1056 3375 ut
1068 3347 1166 3388 quae

320 3397 495 3440 obstant
515 3398 752 3440 vincamus.
783 3421 838 3428 —
868 3398 938 3439 Sic
957 3413 1063 3452 oeger
1077 3401 1167 3439 im·-

316 3466 445 3507 minet
458 3497 469 3517 ,
505 3463 636 3508 instat
673 3462 846 3508 inhians
879 3466 999 3520 aquis
1014 3497 1024 3517 ‚
1063 3478 1167 3519 quas

1249 1708 1303 1737 eo
1317 1691 1624 1736 vehementius
1640 1690 1804 1749 appetit
1819 1723 1831 1746 ‚
1848 1705 1937 1748 quo
1948 1706 2099 1735 severe

1250 1757 1387 1814 magis
1404 1757 1600 1800 medicus
1620 1759 1848 1800 interdixit.

1305 1837 1370 1864 20.
1402 1824 1464 1864 Et
1479 1824 1570 1864 hos.
1609 1823 1669 1863 Ut
1686 1824 1764 1864 hos
1786 1821 2007 1865 Francius.
2041 1823 2104 1864 Et

1247 1892 1326 1932 hos
1344 1905 1487 1933 omnes
1501 1888 1706 1932 Politiani
1723 1888 1848 1943 alter,
1868 1896 1912 1931 et
1927 1887 2098 1932 Palati—

1250 1969 1333 1997 nus
1357 1954 1538 2010 primus.

1303 2036 1326 2061 2
1336 2035 1369 2061 1.
1387 2021 1440 2061 In
1459 2022 1647 2061 thalamo
1661 2020 1825 2061 Danae?
1838 2034 1947 2061 saxo
1954 2018 2099 2073 serro-

1247 2099 1324 2140 que
1343 2088 1528 2139 perenni.
1560 2086 1612 2126 In
1632 2086 1861 2126 thalamum
1882 2099 2101 2137 perennem

1247 2150 1390 2206 prima
1404 2149 1554 2204 editio,
1575 2158 1619 2193 et
1636 2149 1925 2207 castigatiores
1942 2148 2099 2206 scripti.

1249 2217 1387 2260 Recte
1402 2249 1413 2270 ,
1430 2233 1663 2272 perennem.

1302 2299 1369 2325 αα.
1388 2281 1764 2338 Quoesueratvirgo
1772 2284 1932 2325 tradita
1942 2315 1952 2332 ‚
1969 2286 2104 2323 mater

1249 2354 1351 2391 erat.
1373 2348 1554 2405 Legitur
1578 2348 1711 2391 etiam
1732 2349 1777 2390 in
1797 2347 1933 2391 MSS.
1952 2363 2100 2390 exem-

1246 2414 1438 2472 plaribus
1453 2448 1465 2470 ,
1487 2417 1674 2468 credita‚·
1708 2424 1825 2458 recte
1845 2423 2098 2470 utrumque.

1301 2481 1366 2522 23.
1386 2482 1591 2535 Penelope
1609 2485 1769 2523 mansit
1786 2489 1866 2524 etc.
1891 2478 2097 2536 Opponi-

1247 2554 1321 2589 tur
1334 2547 1586 2604 exemplum
1601 2548 1850 2604 Penelopae,
1870 2561 1983 2603 quae,
2003 2545 2102 2587 licet

1246 2611 1339 2655 sine
1357 2612 1535 2656 custode
1549 2646 1560 2667 ,
1578 2619 1642 2656 tot
1653 2617 1762 2656 inter
1768 2627 1922 2666 procos
1937 2611 2101 2652 mansit

1246 2680 1513 2727 intemerata,
1537 2676 1735 2732 exemplo
1753 2676 1929 2718 Danaes
1945 2707 1956 2729 ,
1974 2690 2069 2730 quae
2085 2706 2096 2728 ,

1249 2756 1388 2796 quum
1402 2757 1501 2784 saxo
1514 2774 1526 2795 ,
1547 2741 1751 2796 ferroque
1775 2740 1986 2782 invictam
2003 2747 2101 2780 tur-

1247 2807 1334 2848 rim
1343 2810 1457 2861 virgo
1465 2806 1613 2849 fuisset
1622 2806 1666 2848 in
1672 2822 1813 2863 gressa
1825 2838 1836 2860 ,
1854 2811 1987 2847 mater
1997 2802 2102 2845 inde

1248 2871 1348 2914 exiit
1362 2904 1373 2926 ,
1386 2871 1432 2914 in
1444 2888 1604 2914 aurum
1615 2887 1827 2915 converso
1837 2871 1970 2925 Jove,
1984 2867 2102 2926 quod

1538 2949 1600 2979 Per
1615 2948 1739 2978 medios
1753 2949 1799 2978 ire
1815 2946 1970 2977 satellites

1288 3010 1331 3040 Et
1348 3018 1555 3051 perrumpere
1566 3016 1653 3039 amat
1670 3020 1746 3040 saxa
1763 3032 1774 3048 ‚
1798 3009 1961 3050 potentius

1293 3074 1369 3104 Ictu
1382 3073 1552 3104 fulmineo.
1578 3072 1698 3112 (Hon.
1713 3081 1777 3111 111,
1791 3071 1856 3102 Od.
1874 3080 1956 3109 xv1,
1967 3083 1999 3114 9,
2011 3071 2102 3112 sqq.)

1247 3155 1301 3165 -—·
1321 3134 1520 3187 Quamvis
1535 3134 1707 3176 custode
1726 3138 1896 3176 careret.
1924 3134 2107 3175 Carebat

1247 3198 1462 3242 meliores.
1477 3198 1775 3242 Scriverianus
1791 3231 1802 3252 ,
1821 3203 2001 3240 vacaret.
2018 3195 2094 3238 Sic

1248 3264 1319 3308 lib.
1345 3279 1382 3307 ΙΙ
1399 3298 1410 3319 ,
1439 3263 1737 3320 Metamorph.
1758 3265 1837 3318 422
1859 3279 1869 3305 :

1248 3334 1376 3374 Jupiter
1390 3341 1426 3364 ut
1439 3333 1522 3364 vidit
1534 3333 1652 3363 fessam
1664 3356 1674 3371 ‚
1700 3339 1732 3362 et
1747 3331 1879 3362 custode
1891 3334 2078 3360 vacantem.

1302 3397 1367 3449 24.
1388 3397 1504 3438 Inter
1520 3401 1607 3437 tam
1627 3396 1792 3436 multos.
1812 3394 1928 3434 Inter
1947 3394 2010 3432 tot
2018 3389 2101 3442 ju-

1250 3476 1370 3505 venes
1392 3461 1602 3515 Putean.3
1627 3457 1743 3515 quod
1769 3471 1929 3512 sequor
1944 3487 1956 3509 ,
1980 3469 2100 3510 quo-

2256 1915 2268 1996 :flswff
2258 1879 2268 1911 ‹wr
2262 1855 2268 1862 a

2260 2092 2268 2106 x.
2254 1995 2268 2088 uns-’W'

2255 2156 2268 2202 ·.⁴·..'e·
2258 2118 2268 2148 e-
