2268 3776
508 319 766 375 ARTIS
828 311 1298 372 AMATORIAE
1347 317 1507 372 LIB.
1547 317 1674 371 111.

1854 314 1956 390 375

205 438 257 498 A
286 436 462 496 doctis
487 436 723 518 pretium
752 431 927 494 scelus
954 447 1038 493 est
1066 454 1280 515 sperare
1309 433 1517 515 poetis:

286 532 382 592 Me
410 531 696 591 miserum!
724 529 900 591 scelus
928 530 1035 590 hoc
1063 527 1214 588 nulla
1244 526 1426 610 puella
1457 527 1626 587 timet.

206 626 561 687 Dissimulate
592 641 797 699 tamen,
826 650 927 687 nec
957 626 1134 709 prima
1159 623 1343 684 fronte
1371 646 1593 707 rapaces

289 724 419 783 Este
445 747 458 783 ε
483 747 660 783 novus
677 770 691 794 ‚
720 724 837 783 viso
867 747 1042 795 casse,
1071 722 1289 784 resistet
1316 745 1517 782 amans.

210 815 316 877 Sed
336 841 514 900 neque
540 834 725 879 vector
751 843 981 903 equum,
1009 819 1106 903 qui
1132 841 1311 902 nuper
1335 818 1506 878 sensit
1526 817 1797 886 habenas,

1884 831 1965 875 555

291 911 660 996 Comparibus
687 912 854 977 frenis
870 915 1281 998 ‚2-artificemque
1310 928 1477 992 regat.

204 1008 317 1070 Nec
346 1010 570 1072 stabiles
600 1014 759 1073 annis
789 1014 1030 1086 animos,
1062 1012 1401 1096 viridemque
1428 1013 1706 1094 juventam

287 1106 366 1164 Ut
395 1106 601 1189 capias,
625 1107 769 1169 idem
796 1108 950 1170 limes
980 1110 1224 1189 agendus
1252 1110 1371 1170 erit.

205 1200 314 1260 Hic
341 1202 527 1276 rudis,
554 1219 610 1265 et
635 1206 827 1269 castris
857 1230 1004 1268 nunc
1033 1207 1273 1290 primum
1301 1222 1471 1268 notus
1500 1205 1751 1277 Ameria„

285 1299 401 1378 Qui
433 1301 614 1379 tetigit
641 1302 909 1363 thalamos
936 1304 1120 1387 praeda
1147 1303 1362 1366 novella
1393 1319 1551 1377 tuos;

1894 1317 1975 1359 560

206 1397 285 1457 Te
308 1395 484 1458 solam
511 1399 690 1472 norit3
721 1400 825 1460 tibi
854 1424 1070 1483 semper
1096 1400 1357 1462 inhaereat
1382 1401 1497 1462 uni.

291 1493 575 1573 Cingenda
604 1511 686 1557 est
714 1496 838 1558 altis
867 1498 1094 1581 sepibus
1117 1498 1222 1560 ista
1251 1521 1439 1576 seges:

210 1588 411 1668 Effuge
441 1591 662 1654 rivalem
686 1618 698 1653 ε
724 1593 936 1666 vinceS,
963 1594 1095 1656 dum
1124 1592 1244 1655 sola
1272 1594 1520 1656 tenebis:

293 1686 423 1746 Non
452 1687 591 1749 bene
621 1713 745 1751 cum
776 1690 941 1752 sociis
964 1714 1132 1769 regna
1159 1693 1458 1774 Venusque
1487 1702 1724 1751 manent.

211 1781 311 1844 Ille
335 1798 491 1845 vetus
520 1784 674 1846 miles
704 1787 908 1847 sensim
935 1801 990 1848 et
1016 1787 1293 1869 sapienter
1320 1786 1559 1858 amabit3
1899 1798 1980 1841 565

293 1885 583 1970 Multaque
614 1888 784 1948 tironi
812 1912 928 1949 non
951 1888 1209 1971 patienda
1236 1888 1402 1959 seret;

209 1987 324 2048 Nec
351 1987 566 2067 franget
594 2004 810 2072 postes,
839 2014 941 2051 nec
971 1991 1126 2052 saevis
1157 1991 1384 2069 ignibus
1412 2004 1566 2060 uret,

289 2090 403 2150 Nec
433 2089 668 2152 dominre
695 2107 904 2153 teneras
937 2093 1158 2177 adpetet
1185 2116 1371 2172 ungue
1400 2114 1582 2169 genas.

211 2272 397 2330 Platone
416 2275 463 2320 in
483 2275 648 2334 scriptis
665 2276 867 2321 relictum
882 2294 972 2322 esse
992 2277 1060 2321 di-

212 2340 338 2394 cunt)
347 2339 440 2384 sine
450 2339 796 2386 inflammatione
807 2343 1058 2386 animorum

215 2406 395 2451 existere
412 2422 536 2464 posse
549 2441 558 2454 .
590 2416 634 2451 et
653 2407 746 2452 sine
770 2408 963 2465 quodam
983 2409 1058 2452 af-

216 2469 324 2514 flatu
342 2473 462 2527 quasi
477 2471 650 2515 furoris.
668 2490 688 2510 »

275 2538 368 2581 555.
380 2537 466 2579 Sed
469 2552 596 2594 neque
603 2542 899 2593 rectorequmn.
911 2537 1061 2582 Prima

219 2599 353 2644 editio
363 2617 464 2644 cum
475 2600 614 2658 Regio
624 2610 667 2645 et
682 2601 828 2645 multis
840 2602 928 2645 aliis
942 2635 953 2656 ,
974 2619 1062 2647 vec·

219 2671 295 2711 tor.
316 2666 461 2709 Probe
478 2683 488 2718 ;
508 2681 613 2709 nam
630 2672 765 2709 nector
777 2670 883 2721 regit
891 2683 1036 2722 equum
1049 2701 1059 2717 ,

222 2731 368 2776 odiosa
387 2732 646 2789 repetitione
665 2764 676 2787 ,
698 2748 789 2775 non
808 2733 969 2790 placet:
984 2749 1064 2790 pro

219 2799 334 2851 regit,
349 2795 484 2839 iidem
497 2795 680 2850 codices,
695 2803 828 2852 reget:
839 2796 915 2840 sed
934 2803 1062 2852 regat,

223 2859 340 2915 quod
363 2860 410 2903 in
428 2861 565 2905 tribus
585 2861 676 2904 aliis
696 2871 782 2915 est,
812 2862 1064 2920 amplector.

223 2924 295 2968 Sic
315 2925 447 2969 Trist.
463 2926 535 2969 lib.
557 2925 579 2968 1
593 2959 606 2981 ,
630 2926 697 2970 ΕΙ.
717 2941 799 2982 111,
822 2943 931 2972 vers.
953 2933 1029 2972 115
1053 2961 1064 2983 ,

223 2994 374 3040 vector,
390 3005 470 3046 pro
482 2999 631 3046 nauta,
647 2999 697 3033 ut
715 2991 801 3035 illie
820 2991 903 3050 legi
917 2995 963 3037 in
982 3008 1067 3036 co-

226 3053 392 3098 dicibus
411 3054 577 3111 scriptis
595 3056 763 3098 monui.
783 3057 950 3101 Hnms.

281 3118 376 3162 556.
400 3120 669 3174 Comparibus
673 3118 825 3174 fiemk.
844 3121 1070 3166 Editiones

227 3183 416 3240 antiquae
434 3192 479 3227 et
499 3184 661 3228 Aldina
680 3186 800 3242 prior
818 3201 919 3228 cum
941 3195 1071 3230 octo-

230 3248 373 3293 decim
404 3248 568 3305 scriptis
586 3283 598 3301 ,
639 3250 757 3293 inter
786 3266 893 3305 quos
919 3250 1073 3308 optimi

231 3313 393 3370 Regius
414 3322 459 3357 et
478 3313 776 3370 Sarravianus,
795 3331 888 3358 cum
900 3319 1074 3371 paribus

220 3377 384 3431 frenis:
399 3379 558 3422 rectius
570 3411 583 3432 ,
596 3387 646 3421 ut
659 3387 777 3435 puto.
788 3379 903 3424 Nam
918 3387 962 3422 et
975 3379 1075 3423 alias

235 3444 394 3488 Noster
418 3445 770 3501 praepositionem
791 3443 903 3488 hanc
922 3444 1077 3488 instru-

1139 2277 1301 2322 mentis
1317 2310 1330 2331 ,
1353 2276 1510 2334 quibus
1530 2275 1634 2333 quid
1659 2275 1873 2330 efficitur,
1897 2274 1982 2318 ad·-

1139 2345 1243 2388 dere
1263 2344 1386 2388 solet.
1406 2343 1479 2387 Sic
1499 2343 1682 2386 Metam.
1705 2343 1769 2386 Vl
1783 2376 1795 2397 ,
1817 2343 1900 2397 614
1918 2355 1928 2382 ε

1137 2414 1210 2446 Aut.
1223 2424 1281 2454 ego
1294 2424 1367 2443 curn
1381 2411 1506 2443 facibus
1520 2413 1637 2453 regalia
1654 2417 1738 2442 tect·
1750 2423 1905 2443 ert-mmo.

1195 2473 1287 2516 561.
1308 2474 1525 2515 Inhaereat.
1550 2471 1861 2528 Neapolitanus
1877 2505 1888 2525 ,
1909 2475 1987 2515 mi—

1140 2538 1233 2580 lile!
1244 2540 1344 2579 uni:
1362 2535 1478 2593 quod
1493 2535 1731 2593 elegantius
1745 2544 1835 2590 est,
1854 2552 1988 2592 quam

1144 2610 1191 2646 ut
1213 2618 1238 2645 a
1257 2602 1431 2645 librario
1458 2602 1511 2645 sit
1531 2601 1787 2658 profectum.
1819 2601 1987 2644 Adhe-

1141 2675 1250 2716 καί,
1274 2668 1438 2711 Moreti
1456 2676 1501 2710 et
1516 2675 1689 2723 septem·
1703 2666 1786 2709 alii.

1201 2733 1292 2787 564.
1305 2735 1400 2775 Νοη
1412 2736 1513 2775 bene
1521 2749 1615 2775 cum
1629 2735 1757 2775 sociis
1766 2748 1892 2786 regna
1913 2733 1958 2773 V
1949 2748 1988 2773 e-

1145 2814 1301 2855 nusque
1317 2804 1496 2841 manent.
1517 2798 1653 2841 Hunc
1672 2796 1818 2839 locum
1835 2796 1990 2839 imita-

1147 2872 1216 2907 tus
1236 2873 1301 2907 est
1321 2863 1488 2907 Seneca
1508 2862 1555 2903 in
1577 2862 1909 2918 Agamemnone
1926 2873 1937 2900 :

1187 2932 1257 2964 Nec
1270 2943 1367 2972 regn·
1384 2931 1508 2962 socium
1522 2929 1605 2960 serre
1615 2954 1625 2968 ‚
1644 2941 1702 2960 nec
1714 2930 1803 2960 toedae
1812 2930 1930 2960 sciunt.

1147 3017 1204 3027 -
1221 2995 1410 3036 Manent.
1429 2994 1592 3034 Juvanl
1608 2991 1845 3034 Bernensis
1864 3007 1992 3034 unus.

1205 3058 1298 3101 565.
1319 3059 1398 3098 Ille
1419 3062 1536 3098 velus
1562 3059 1681 3098 miles
1700 3064 1778 3098 etc.
1815 3056 1994 3098 Monuit

1151 3125 1240 3179 jam
1270 3123 1383 3164 viros
1398 3156 1407 3171 ,
1441 3121 1544 3178 (lib.
1566 3122 1611 3165 II
1629 3155 1640 3175 ,
1673 3122 1766 3178 667.
1783 3121 1803 3177 )
1823 3132 1872 3165 ut
1893 3139 1994 3165 mu-

1150 3190 1277 3233 lieres
1293 3197 1548 3245 praeponant
1563 3221 1575 3241 ‚
1603 3204 1708 3245 quas
1726 3197 1825 3231 aetas
1839 3198 1995 3231 matu-

1151 3254 1242 3296 rior
1258 3286 1270 3307 ,
1303 3261 1349 3295 et
1376 3269 1526 3295 rerum
1552 3252 1862 3295 amatoriarum
1895 3269 1995 3296 usus

1146 3321 1431 3374 prudenliores
1444 3317 1607 3360 essecit:
1623 3316 1742 3360 idem
1758 3334 1899 3372 nunc,
1921 3317 1996 3360 sed

1155 3382 1281 3424 aliam
1310 3382 1365 3424 ob
1388 3398 1587 3430 causam,
1622 3381 1877 3426 mulieribus
1901 3381 2005 3439 ipsis

1155 3445 1372 3503 praecipit;
1395 3455 1439 3490 et
1458 3454 1694 3502 utrumque
1722 3455 1855 3490 recte.
