2268 3776
295 326 401 379 250

767 326 829 377 P.
873 325 1169 381 OVIDII
1209 326 1596 383 NASONIS

288 438 388 499 Ille
422 437 643 521 quidem
669 461 880 521 pennas
907 439 1169 501 velociter
1197 444 1408 503 excutit
1434 443 1572 505 udas
1596 469 1610 505 ε

1987 464 2068 507 235

370 533 479 593 Sed
510 548 692 595 tamen
722 549 777 596 et
806 537 992 619 spargi
1022 552 1214 620 pectus
1244 562 1431 600 amore
1458 555 1640 601 nocet.

288 633 434 691 Vina
462 648 659 715 parant
685 633 926 707 animos,
958 635 1276 718 faciuntque
1307 636 1583 699 caloribus
1617 653 1811 722 aptos:

373 730 520 789 Cura
546 728 692 807 fugit
720 730 896 791 multo
929 730 1268 815 diluiturque
1289 757 1457 794 mero.

290 827 450 885 Tunc.
474 827 706 887 veniunt
731 828 905 901 risus;
938 844 1070 889 tunc
1099 853 1312 913 pauper
1340 854 1549 891 cornua
1579 831 1747 892 sumit
1770 857 1782 892 ε

371 925 531 983 Tunc
563 923 724 985 dolor
752 939 807 986 et
837 949 1003 999 curae,
1034 950 1281 1009 rugaque
1309 926 1512 986 frontis
1543 926 1675 987 abit.

1988 946 2070 1001 240

287 1020 446 1079 Tunc
477 1021 653 1104 aperit
681 1037 895 1083 mentes
911 1069 927 1095 ,
958 1046 1071 1083 aevo
1094 1023 1374 1084 rarissima
1401 1037 1597 1083 nostro
1618 1070 1634 1095 ‚

370 1115 735 1199 Simplicitas3
766 1134 909 1179 artes
940 1119 1249 1180 excutiente
1273 1120 1414 1180 De0.

288 1210 409 1271 Illic
439 1236 579 1296 saepe
605 1216 818 1277 animos
844 1217 1109 1298 juvenum
1134 1241 1366 1300 rapuere
1395 1215 1593 1300 puellae
1619 1241 1633 1288 ;

366 1311 442 1369 Et
474 1312 665 1372 Venus
694 1314 754 1372 in
780 1314 951 1386 viniS‚
982 1315 1130 1392 ignis
1158 1314 1218 1374 in
1247 1314 1374 1392 igne
1403 1312 1543 1374 fuit.

285 1407 392 1468 Hic
422 1424 483 1468 tu
512 1410 693 1470 fallaci
718 1411 952 1472 nimium
979 1436 1049 1471 ne
1081 1411 1240 1472 crede
1268 1409 1506 1470 lucernae
1533 1435 1546 1469 ε

362 1506 398 1563 J
402 1505 585 1566 udicio
616 1506 809 1567 formae
835 1530 1059 1590 noxque
1088 1531 1411 1590 merumque
1434 1519 1656 1566 nocent.

279 1607 427 1668 Luce
459 1607 587 1669 deas
616 1609 857 1692 caeloque
884 1611 1041 1670 Paris
1069 1609 1337 1693 spectavit
1362 1623 1554 1693 aperto
1573 1655 1588 1681 ‚

362 1711 555 1790 Quum
582 1713 722 1774 dixit
747 1716 950 1775 Veneri
977 1740 988 1775 :
1017 1715 1192 1776 vincis
1222 1728 1544 1798 utramque,
1573 1713 1782 1773 Venus,

279 1815 458 1875 Nocte
487 1815 660 1876 latent
689 1817 926 1891 mendae,
952 1818 1203 1900 vitioque
1232 1816 1544 1895 ignoscitur
1573 1816 1728 1876 omni
1756 1839 1769 1887 ;

362 1918 627 2001 Horaque
655 1920 954 1980 formosam
987 1919 1294 2003 quamlibet
1316 1917 1412 1979 illa
1436 1917 1582 1979 facit.

282 2097 391 2139 dum
430 2098 692 2141 constitutus
735 2097 960 2142 dicebatur
983 2132 994 2153 ,
1027 2108 1134 2142 teste

276 2157 415 2206 Festo
433 2180 443 2214 ;
458 2171 503 2205 et
522 2162 607 2206 hoc
618 2166 767 2218 eligere
782 2167 915 2207 locum
932 2163 1076 2208 Cicer.
1090 2179 1136 2220 x,

274 2227 339 2270 ‘ad
362 2229 485 2271 Fam.
508 2228 560 2270 23
579 2261 590 2282 ,
615 2227 731 2271 dicit.
759 2228 831 2272 Sic
856 2229 902 2271 in
930 2229 1021 2286 ipsa
1046 2229 1135 2272 acie

284 2294 401 2337 Flor.
415 2308 465 2337 IV
476 2328 487 2349 ,
510 2312 526 2337 1
550 2311 560 2338 ε
587 2296 718 2349 Quem
737 2300 830 2351 quis
848 2300 895 2338 in
907 2298 1139 2351 pugnando

284 2367 460 2414 ceperat
480 2362 648 2410 locum,
671 2375 764 2402 eum
781 2365 944 2403 amelrsa
965 2364 1110 2402 anima
1122 2393 1133 2412 ,

283 2440 453 2479 corpore
471 2428 648 2479 legebat.
669 2424 832 2469 BURM.

337 2491 433 2532 236.
455 2492 541 2532 Sed
555 2497 691 2533 tamen
708 2497 753 2533 el
763 2495 919 2546 spargi.
940 2490 1012 2532 An
1030 2505 1137 2532 vero

281 2554 528 2600 nocet?Cur
536 2572 657 2612 ergo,
669 2557 803 2610 Naso,
815 2565 956 2599 artem
964 2560 1136 2599 noxiam

282 2619 411 2663 doces
423 2619 444 2662 ?
458 2620 605 2663 Immo
614 2636 720 2663 vero
731 2630 854 2677 puto;
859 2627 1007 2676 pectus
1019 2637 1136 2663 amo-

281 2701 325 2728 re
343 2687 470 2729 docet
483 2700 495 2727 .·
509 2685 581 2728 ille
603 2685 784 2741 quidem
800 2686 891 2728 vini
906 2686 997 2728 vim
1014 2686 1137 2729 velo-

281 2752 391 2795 citer
409 2761 611 2796 excutere
633 2761 801 2809 potest;
824 2752 901 2795 sed
921 2755 1044 2795 docel
1060 2761 1136 2794 ta·-

282 2834 389 2861 men
412 2834 611 2861 amorem
632 2826 866 2874 penetrare
888 2818 934 2859 in
956 2825 1105 2873 pectus
1123 2834 1134 2868 ;

282 2883 470 2940 ideoque
493 2883 760 2927 amatoribus
781 2883 1020 2940 quaerenda
1035 2898 1136 2925 con-

283 2948 396 3001 viyia
415 2957 543 3003 sunt,
559 2949 633 2992 ubi
649 2965 752 2992 cum
766 2948 940 2993 Baccho
961 2947 1136 3004 Cupido

284 3013 418 3056 etiam
447 3014 714 3057 dominatur.
747 3016 862 3058 Solet
886 3022 950 3057 est
975 3014 1022 3056 in
1044 3028 1137 3055 uno

286 3079 484 3133 Hiensii‚
505 3079 638 3122 etiam
655 3096 747 3122 non
767 3079 895 3123 maie.
915 3080 1055 3122 IDEM.

340 3146 434 3198 240.
456 3147 596 3187 Dolor
611 3150 656 3187 el
673 3162 792 3188 curoe.
814 3145 1049 3201 Suspectus
1070 3144 1139 3186 lo-

285 3224 360 3251 cus
378 3241 390 3263 ,
413 3209 514 3265 quia
534 3225 637 3251 mox
657 3210 893 3266 praecessit,
910 3220 1011 3253 cura'
1027 3226 1040 3251 t
1060 3208 1139 3252 sed

285 3273 395 3315 nihil
404 3273 559 3330 juvant
569 3275 715 3331 scripti
725 3274 894 3319 codices
904 3291 913 3317 ε
925 3275 1008 3318 nisi
1020 3274 1139 3331 quod

285 3354 366 3394 pro
384 3341 524 3393 dolor,
537 3355 697 3394 μανον-κ
717 3340 763 3382 in
784 3356 875 3382 uno
899 3340 1039 3397 Regio
1056 3373 1067 3394 ,
1090 3341 1138 3382 in

291 3403 430 3446 altero
445 3414 489 3447 et
503 3405 769 3459 Bodleiano,
784 3410 924 3449 color:
942 3406 987 3449 in
1007 3405 1139 3448 Com-

288 3469 530 3513 meliuiano
546 3503 559 3524 ,
581 3476 682 3514 tuac
698 3476 826 3515 eliam
846 3488 953 3515 eum·
968 3488 981 3515 0·
1001 3472 1112 3516 sorte
1125 3504 1137 3527 ‚

1988 1937 2071 1978 250

1219 2106 1320 2143 tunc
1332 2102 1454 2143 dolor
1461 2105 1651 2154 Aperte,
1665 2112 1769 2140 narn
1777 2113 1901 2152 paena
1915 2105 1959 2139 et
1971 2113 2073 2140 cura

1218 2165 1377 2222 passim
1386 2163 1722 2208 confunduntur
1732 2162 1956 2219 inscriptis
1970 2161 2067 2204 libr.

1275 2234 1367 2286 24²·
1396 2232 1538 2275 Artes.
1557 2229 1709 2274 Glossa
1725 2229 1871 2286 scripti
1889 2228 2070 2282 codicis,

1218 2300 1341 2341 dolos
1357 2314 1370 2341 .·
1390 2304 1521 2341 recte.
1544 2298 1795 2340 Exculisnte
1813 2311 1924 2337 mero
1944 2293 2071 2337 Junii

1219 2363 1368 2406 codex.

1275 2431 1514 2484 244.Ign1's
1531 2433 1576 2471 in
1594 2433 1700 2484 tgrne.
1724 2428 1826 2472 Hoc
1844 2436 2070 2484 sumptum

1218 2511 1243 2538 e
1255 2510 1395 2553 graeco
1410 2494 1642 2552 proverbio
1652 2502 1722 2557 πῦρ
1736 2497 1889 2555 ἔπὶπῦρ,
1909 2492 1963 2535 de
1985 2507 2072 2548 quo

1215 2559 1394 2603 videndi
1409 2559 1713 2617 Diogenianus
1731 2572 1797 2612 vl,
1812 2575 1858 2616 71
1881 2575 1891 2609 ς
1913 2558 2071 2601 Zeno-

1216 2626 1311 2669 hius
1324 2640 1370 2681 v,
1391 2626 1447 2686 69
1463 2659 1474 2680 ,
1495 2641 1597 2669 cum
1613 2633 1720 2667 nota
1736 2623 1909 2667 Schotti
1925 2640 1936 2674 ;
1961 2623 2068 2665 He-

1216 2692 1388 2751 sychius
1418 2693 1466 2734 in
1495 2699 1565 2753 πῦρ
1602 2693 1662 2735 ε’πὶ
1689 2698 1760 2751 πῦρ
1776 2723 1787 2739 ,
1829 2704 1932 2732 cum
1962 2697 2069 2730 nota

1219 2756 1388 2800 Alberti
1404 2789 1416 2810 ,
1437 2765 1488 2798 ut
1502 2755 1629 2799 docet
1645 2754 1726 2798 CL.
1747 2754 2042 2798 BmssonAnr,
2056 2786 2067 2805 ,

1217 2822 1264 2864 in
1284 2822 1449 2864 Nicetae
1465 2829 1572 2863 tom.
1585 2832 1640 2874 11,
1656 2837 1698 2876 p.
1715 2821 1808 2875 451.
1829 2819 2071 2875 Perperam

1219 2885 1288 2927 alii
1308 2919 1319 2939 ,
1365 2888 1503 2928 Venus
1526 2889 1571 2927 in
1591 2888 1722 2927 venis.
1760 2882 2072 2926 Eratosthenes

1219 2949 1334 3007 apud
1356 2949 1623 2993 Athaeneum
1646 2949 1718 2992 lib.
1740 2962 1804 3003 11,
1826 2965 1861 2992 c.
1884 2950 1910 3003 4
1931 2964 1942 2991 :

1274 3023 1386 3063 Οἷνος
1402 3022 1455 3075 τῷ
1474 3022 1561 3077 πυρὶ
1581 3021 1662 3060 ἴσον
1682 3019 1767 3070 ’ἔχει
1783 3017 1903 3070 μένος.

1219 3080 1502 3136 Proponebat
1520 3079 1731 3123 Heinsius
1750 3096 1761 3124 :

1261 3151 1310 3181 Ut
1323 3151 1434 3182 Venus
1449 3150 1483 3180 in
1499 3149 1586 3181 vinis
1600 3173 1611 3188 ‚
1629 3148 1713 3190 ignis
1730 3149 1765 3179 in
1779 3149 1852 3189 igne
1867 3147 1968 3179 subit.

1276 3214 1368 3271 249.
1402 3212 1578 3254 Mendae.
1613 3211 1714 3254 Hoc
1734 3225 1862 3252 versu
1885 3217 2073 3251 utuntur

1221 3276 1388 3332 antiqui
1400 3275 1702 3330 Grammatici,
1714 3283 1764 3318 ut
1785 3274 1972 3317 doceant
1986 3271 2074 3313 dis*

1219 3342 1454 3384 serentiam
1494 3343 1650 3384 mendae
1688 3349 1732 3384 et
1765 3341 1914 3382 mendi.
1954 3337 2070 3379 Vide

1225 3405 1393 3450 Charis.
1408 3422 1503 3463 pag.
1514 3409 1579 3449 55.
1596 3404 1783 3464 Eutych.
1801 3420 1895 3460 pag.
1910 3419 1955 3444 21
1967 3434 1978 3455 ,
1994 3403 2069 3458 743

1221 3480 1266 3516 et
1288 3472 1514 3515 Incertum
1537 3487 1631 3528 pag.
1654 3487 1773 3529 279¹·
1806 3469 2069 3513 Bunmm.
