2268 3776
287 299 388 352 166
751 302 814 354 P.
865 303 1158 358 OVIDII
1206 304 1583 361 NASONIS

273 416 521 493 Argutos
550 414 778 488 habuit,
806 417 1022 479 radiant
1047 434 1110 478 ut
1140 419 1320 494 siduS‚
1349 420 1587 493 ocellos;

357 515 462 573 Per
492 538 634 595 quos
662 515 890 576 mentita
917 531 1000 577 est
1026 517 1233 600 perfida
1262 541 1402 600 saepe
1431 518 1586 577 mihi.
2008 550 2054 576 ιι»

275 608 495 669 Scilicet
519 624 721 670 aeterno
752 611 951 672 falsum
978 613 1158 694 jurare
1187 611 1388 695 puellis

356 707 431 765 Di
463 730 687 789 quoque
716 709 1026 769 concedunt
1048 734 1060 781 ;
1085 709 1370 792 formaque
1399 734 1605 774 numen
1626 710 1807 771 habet.

277 804 490 884 Perque
520 827 650 863 suos
679 803 828 864 illam
860 829 1038 888 nuper
1063 806 1274 886 jurasse
1301 807 1592 880 recordor,

360 900 575 982 Perque
606 924 760 961 meos
791 902 1011 974 oeulos;
1048 917 1103 962 et
1129 903 1354 963 doluere
1384 904 1510 963 mei.

282 996 487 1069 Dicite,
516 999 622 1057 Di!
653 999 698 1058 si
726 1024 824 1060 vos
855 1001 1079 1083 impune
1110 1000 1365 1062 fefellerit
1394 1000 1519 1073 illa,
2015 1022 2061 1063 15

361 1093 608 1156 Alterius
634 1097 844 1157 meritis
875 1122 973 1157 cur
1001 1122 1104 1176 ego
1133 1098 1330 1158 damna
1361 1097 1508 1157 tuli?

277 1189 355 1249 At
378 1214 496 1249 non
524 1191 742 1253 invidiae
762 1194 922 1254 vobis
957 1195 1195 1277 Cepheia
1222 1195 1379 1273 virgo
1413 1209 1527 1266 est,

363 1293 475 1354 Pro
505 1295 644 1356 male
672 1296 918 1357 formosa
942 1298 1095 1378 jussa
1120 1313 1343 1379 parente
1372 1297 1532 1357 mori.

276 1471 425 1524 pedem
445 1471 593 1514 amicae
608 1486 711 1513 eum
733 1488 822 1515 esse
836 1505 848 1526 ,
871 1480 967 1528 post
984 1472 1136 1528 perju-

284 1535 398 1577 rium
418 1568 428 1589 ,
472 1536 545 1591 qui
578 1544 677 1579 ante
711 1537 853 1579 suerat
873 1569 885 1590 ,
918 1541 1138 1592 cagamul,-

279 1602 433 1643 sormae
454 1601 585 1658 igitur
602 1605 843 1644 artztcsimoe.

340 1682 380 1723 9.
401 1668 597 1707 Radianl
605 1668 779 1708 ulsidus
794 1674 874 1709 etc.
887 1666 1039 1709 Divini
1051 1666 1140 1711 hoc

289 1729 451 1785 aliquid
472 1746 562 1773 esse
583 1730 820 1774 credebant
842 1744 852 1771 ε
882 1731 980 1774 vide
1010 1731 1135 1775 Suet.

290 1792 443 1837 Octav.
482 1812 573 1851 cap.
611 1810 761 1839 LXXIX.
807 1797 949 1839 Ocelli
964 1831 975 1848 ‚
1014 1797 1142 1840 multi

293 1859 397 1902 editi
419 1869 461 1903 et
482 1861 641 1918 scripti.
661 1862 826 1905 BURM.

350 1943 411 1967 11.
447 1927 617 1969 sedicet
646 1933 795 1971 oelerno
824 1936 904 1972 etc.
944 1930 1112 1971 AElerni
1125 1963 1136 1979 ‚

293 1990 433 2045 prima
456 1991 558 2035 edit.
574 1992 665 2035 aliae
681 2008 834 2035 omnes
847 2026 858 2048 ,
883 2002 926 2035 et
948 1994 1141 2037 melioris

294 2056 372 2097 aevi
388 2056 521 2099 MSS.
537 2064 685 2100 aeleruo
701 2093 711 2108 ‚
736 2058 851 2115 quod
868 2059 921 2102 sit
933 2075 1013 2116 pro
1025 2066 1145 2102 oeter-

293 2138 391 2163 num
406 2155 416 2172 ,
452 2131 501 2165 ut
543 2122 707 2166 habent
738 2123 838 2167 duo.
871 2126 933 2168 Ita
977 2130 1108 2168 tacito
1130 2159 1141 2178 ‚

301 2187 438 2243 Epist.
455 2201 541 2230 x111
558 2221 569 2242 ,
591 2189 658 2248 69.
676 2190 729 2232 In
744 2191 899 2246 quibus
916 2191 1142 2246 omnibus,

298 2258 498 2307 tempore,
537 2254 604 2296 vel
637 2255 776 2298 simile
801 2255 905 2312 quid
935 2257 1149 2300 subintel-

296 2315 538 2373 ligendum.
558 2343 614 2352 -
636 2320 809 2364 Eodem
830 2322 920 2365 sere
944 2321 1079 2364 modo
1100 2322 1147 2364 in

298 2382 494 2428 Barinen
517 2387 628 2429 Hor.
648 2387 872 2430 invehitur
885 2421 896 2443 ,
919 2402 979 2443 11,
999 2388 1147 2433 Od.8:

386 2460 466 2490 Ulla
477 2462 503 2491 si
518 2462 603 2502 juris
618 2462 679 2493 tibi
692 2464 829 2505 pejerati

382 2521 479 2552 Poena
491 2543 504 2561 ,
518 2523 635 2553 Barine
643 2547 654 2563 ‚
678 2525 841 2555 nocuisset
855 2537 999 2567 unquam
1015 2537 1023 2558 t

382 2584 488 2615 Dente
501 2583 528 2613 si
541 2584 633 2624 nigro
645 2584 757 2626 fieres,
770 2586 824 2617 vel
838 2597 903 2617 uno

510 2644 656 2686 Tru-pior
668 2646 788 2685 ungui,

390 2705 560 2737 Crederem
578 2717 586 2737 :

305 2775 366 2818 Et
378 2774 550 2832 longius
564 2775 744 2832 quidem
757 2775 919 2821 Ovidio
934 2778 1150 2835 procedit3

307 2840 510 2897 protinus
533 2841 654 2885 enim
674 2842 795 2886 addit
815 2856 825 2883 z

583 2919 645 2949 Sed
657 2926 696 2950 tu
707 2920 806 2950 simul
819 2919 967 2961 obligasti

386 2976 550 3011 Perfidiam
563 2981 648 3012 votis
660 2988 757 3021 caput
767 2994 777 3022 ;
789 2982 938 3013 enitescis

387 3040 559 3073 Pulchrior
572 3043 677 3074 multo
689 3050 751 3074 etc.

365 3119 426 3144 12.
459 3106 686 3160 Formuque
723 3121 871 3148 numen
899 3108 1035 3148 habet.
1074 3106 1104 3149 J
1108 3122 1156 3150 us

308 3165 528 3222 quoddam
545 3176 589 3210 et
610 3177 872 3224 potestatem
894 3170 1156 3227 inlDeosdip-

306 3245 374 3271 sos
409 3229 571 3275 habent
593 3265 605 3286 ,
647 3249 744 3289 quae
775 3234 991 3278 formosae.
1031 3235 1152 3278 Hinc

310 3314 412 3341 sane
435 3297 591 3342 Tibull.
614 3314 656 3354 1,
682 3301 803 3359 Eleg.
825 3317 878 3357 x,
901 3304 924 3344 5
949 3316 960 3342 :

308 3371 452 3410 Parcite,
464 3372 620 3402 caelestes!
635 3383 826 3416 aequumest
841 3377 974 3418 impune
988 3375 1083 3407 licere

351 3432 498 3464 Numina
510 3433 659 3465 formosis
670 3436 781 3470 laedere
796 3445 902 3470 vestra
920 3438 1027 3478 semel.

1280 1471 1342 1514 13.
1361 1473 1540 1514 Jurasse
1558 1474 1756 1515 recordor.
1781 1471 2004 1515 Palatinus
2023 1480 2067 1514 et

1220 1555 1293 1582 sex
1320 1538 1413 1592 alii,
1435 1539 1608 1592 jurare,
1647 1538 1871 1595 quomodo
1897 1542 2067 1582 veteres

1221 1603 1406 1644 verbum
1420 1608 1768 1661 memint'semper
1781 1603 2067 1647 construxisse

1224 1667 1406 1710 tradunt
1428 1653 1732 1711 Grammatici.

1283 1735 1343 1787 14.
1367 1735 1428 1775 Et
1442 1735 1608 1777 doluere
1626 1738 1717 1776 mei.
1750 1733 1968 1777 Lacrimas
1989 1733 2069 1776 in·-

1224 1797 1376 1853 telligit
1390 1831 1401 1851 ‚
1426 1814 1530 1854 quas
1550 1799 1627 1855 ipsi
1654 1799 1802 1842 amicae
1823 1799 2069 1855 perjurium

1225 1862 1382 1905 elicuit.
1419 1863 1703 1920 Quapropter
1721 1863 1840 1906 addit
1855 1864 2071 1921 proxime:

1225 1944 1304 1971 cur
1317 1944 1398 1985 ego
1413 1962 1424 1983 ,
1448 1945 1580 1985 quam
1598 1930 1762 1974 meruit
1781 1929 1885 1973 dare
1906 1930 2040 1973 altera
2056 1963 2069 1984 ‚

1226 2008 1401 2048 poenam
1435 1993 1535 2036 dedi
1553 1993 1573 2036 ?
1612 2017 1667 2026 -·
1699 1996 1761 2035 Et
1785 1996 1952 2037 doluere
1980 1998 2072 2035 mel.

1227 2059 1479 2102 Puteaneus
1494 2059 1617 2113 alter,
1630 2075 1733 2102 cum
1747 2058 1901 2102 decem
1919 2059 2008 2101 aliis
2030 2067 2074 2102 et

1227 2123 1367 2180 prima
1389 2124 1582 2167 editione
1597 2157 1609 2179 ,
1630 2140 1681 2167 eu
1701 2127 1866 2167 doluere
1875 2129 1980 2168 mei:
1998 2141 2076 2167 ve-

1228 2197 1372 2232 nuste.
1393 2189 1556 2233 Bunm.

1288 2255 1350 2298 ιδ.
1379 2257 1567 2298 Alterius
1586 2258 1732 2297 meriti.
1759 2256 1927 2297 Meritis
1950 2254 2072 2311 opti-

1229 2336 1328 2363 mus
1351 2319 1573 2364 Palatinus
1594 2329 1639 2363 et
1659 2336 1774 2363 unus
1800 2320 1980 2363 Moreti.
2014 2320 2076 2362 H.

1290 2403 1337 2442 17
1352 2417 1364 2439 ,
1391 2386 1452 2428 18.
1483 2386 1550 2428 At
1565 2402 1649 2429 non
1673 2387 1839 2428 invidia·
1858 2387 1978 2428 vobis
1997 2393 2076 2428 etc.

1234 2450 1375 2507 Quasi
1398 2451 1512 2495 dicat
1532 2464 1542 2492 τ
1572 2468 1627 2494 an
1651 2468 1745 2494 non
1767 2451 1889 2506 satis,
1919 2467 1946 2494 o
1970 2450 2043 2494 Dii
2064 2483 2075 2505 ,

1230 2515 1406 2560 invidiae
1434 2516 1480 2559 in
1509 2533 1585 2560 vos
1612 2525 1656 2560 et
1683 2516 1773 2559 odii
1805 2516 2076 2570 concitastis,

1234 2581 1308 2638 qui
1338 2591 1428 2625 tam
1460 2582 1620 2638 injuste
1642 2581 1979 2625 Andromedam
2003 2597 2080 2623 su-

1232 2648 1393 2703 perbiae
1413 2655 1625 2690 maternae
1642 2663 1790 2703 poenas
1808 2647 1911 2688 dare
1930 2645 2079 2702 jussis-

1233 2710 1318 2753 tis?
1338 2711 1636 2767 Metamorph.
1655 2725 1704 2753 1v
1716 2744 1728 2765 ‚
1751 2711 1833 2769 669
1849 2727 1859 2753 ε

1317 2806 1355 2816 ...
1372 2785 1572 2816 Immeritnm
1584 2792 1734 2816 maternae
1746 2786 1884 2827 pendere
1902 2786 2018 2826 linguae

1233 2846 1473 2878 Andromedam
1486 2857 1595 2887 poenas
1612 2846 1755 2888 injustus
1771 2848 1913 2888 jusserat
1923 2846 2078 2878 Ammon.

1234 2930 1290 2939 -—·
1308 2908 1634 2964 fflaleformosa.
1650 2910 1824 2954 Formae
1838 2908 2081 2966 pulchritu-

1236 2974 1338 3017 dine
1360 2976 1549 3018 nimium
1568 2975 1679 3019 elata
1703 2975 1924 3033 Calliopea
1939 3009 1950 3030 ,
1975 2976 2082 3018 An-

1237 3039 1462 3084 dromedae
1491 3050 1633 3084 mater
1654 3074 1666 3096 ‚
1708 3041 2005 3099 pulchriorem
2037 3058 2082 3084 se

1239 3106 1499 3150 Nereidibus
1518 3106 1787 3162 jactitaverat
1809 3120 1818 3147 :
1847 3106 1950 3149 inde
1980 3107 2081 3151 Ne-

1239 3170 1412 3214 reidum
1432 3171 1519 3215 irae.
1539 3171 1657 3216 Nota
1677 3172 1777 3215 satis
1797 3171 1942 3214 sabula
1959 3189 1969 3222 ;
2005 3170 2082 3214 sed

1235 3236 1328 3277 noti
1348 3236 1494 3279 minus
1510 3268 1522 3290 ,
1545 3244 1590 3279 et
1611 3235 1729 3293 digni
1744 3252 1848 3279 sane
1871 3235 1943 3291 qui
1958 3235 2082 3277 inno-

1234 3308 1399 3343 tescant
1411 3335 1423 3355 ‚
1440 3301 1612 3344 Manilii
1632 3313 1806 3345 versus:
1827 3317 1935 3357 quos
1954 3300 2082 3342 lecto-

1237 3384 1333 3410 rem
1355 3368 1473 3412 adire
1494 3384 1586 3411 non
1611 3368 1773 3426 pigebit
1789 3400 1800 3421 ,
1825 3367 2082 3411 Astronom.

1238 3449 1255 3476 1
1270 3466 1284 3489 ,
1305 3435 1412 3488 3503
1435 3449 1479 3489 v,
1504 3434 1608 3489 535,
1630 3449 1722 3490 sqq.
1743 3432 1982 3488 Scripserat
1997 3430 2082 3472 Eu-

2247 2758 2253 2765 *
2247 2687 2252 2694 ’
2248 2658 2268 2681 'oi
2253 2640 2263 2652 ⁹
2248 2381 2268 2627 ,(’ὍΞΨΞ-ᾪίὶῗ-ὒ.
