2268 3776
253 312 363 380 [με
731 312 796 364 P.
847 312 1144 368 ovmn
1184 312 1567 371 NASONIS

248 430 363 489 Nec
393 426 556 487 labor
586 426 798 487 efficere
826 442 946 488 est:
973 452 1108 489 rarae
1139 430 1247 489 sibi
1278 455 1403 491 vera
1429 431 1674 494 fatentur
1687 458 1705 507 >3

328 526 403 583 Et
431 522 573 582 nihil
601 537 714 597 est,
748 524 902 606 quod
932 548 989 585 se
1022 525 1339 588 dedecuisse
1370 544 1586 611 putent.
1960 550 2041 606 [μω

248 624 408 682 Tunc
441 622 601 682 etiam
629 622 799 703 jubeo
837 637 982 683 totas
1011 625 1222 707 aperire
1254 625 1554 700 fenestras,

326 719 648 802 Turpiaque
681 719 920 780 admisso
950 722 1198 781 membra
1227 736 1422 783 notare
1453 723 1557 784 die.

245 818 348 890 At,
381 815 545 876 simul
581 816 649 876 ad
676 831 849 877 metas
879 818 1031 878 venit
1061 818 1219 904 finita
1247 818 1536 902 voluptaS‚

324 916 604 997 Lassaque
634 939 760 974 cum
788 930 908 975 tota
931 940 1169 998 corpora
1197 931 1380 977 mente
1411 918 1632 998 jacent3

241 1015 391 1073 Dum
423 1013 577 1095 piget
596 1059 610 1085 ‚
641 1027 696 1073 et
725 1012 938 1073 nullam
966 1013 1126 1092 malis
1158 1013 1406 1091 tetigisse
1436 1013 1728 1097 puellam„
1955 1035 2037 1089 [μῦ

322 1111 708 1193 Tacturusque
741 1111 845 1170 tibi
875 1135 992 1171 non
1023 1111 1239 1172 videare
1272 1111 1368 1170 diu
1393 1136 1405 1183 3

239 1208 399 1267 Tunc
425 1206 610 1267 animo
641 1208 799 1286 signa
823 1209 1218 1291 quodcumque
1247 1209 1306 1268 in
1338 1233 1574 1292 corpore
1600 1207 1813 1270 mendae
1838 1225 1949 1280 est·‚

321 1304 669 1386 Luminaque
698 1304 757 1363 in
788 1305 938 1364 vitiis
971 1305 1129 1366 illius
1161 1329 1338 1389 usque
1372 1321 1514 1367 tene.

238 1400 498 1461 Forsitan
520 1400 636 1461 haec
660 1400 887 1484 aliquiS‚
913 1426 1040 1462 nam
1070 1418 1201 1463 sunt
1232 1428 1459 1487 quoque
1475 1450 1489 1475 ‚
1515 1427 1685 1487 parva.
1705 1403 1956 1475 vocabit;

321 1498 457 1572 Sed,
491 1522 611 1581 quae
643 1523 759 1558 non
785 1514 1028 1582 prosunt
1055 1499 1275 1580 singula
1293 1549 1307 1573 ‚
1335 1500 1512 1561 multa
1537 1501 1746 1582 juvant.
1956 1520 2038 1575 420

236 1597 411 1658 Parva
440 1612 602 1657 necat
630 1610 820 1657 morsu
854 1598 1164 1681 spatiosum
1193 1599 1381 1682 vipera
1412 1613 1635 1659 taurum
1659 1625 1672 1658 :

317 1695 371 1754 A
402 1718 532 1755 cane
563 1718 682 1754 non
710 1719 915 1774 magno
945 1719 1087 1780 saepe
1117 1712 1339 1758 tenetur
1374 1721 1521 1780 aper.

236 1792 326 1851 Tu
361 1805 577 1850 tantum
603 1814 835 1851 numero
867 1815 1090 1874 pugna;
1121 1810 1506 1878 praeceptaque
1535 1794 1596 1853 in
1625 1818 1801 1855 unum

320 1887 603 1948 Contrahe
630 1913 642 1948 :
671 1889 736 1949 de
767 1888 958 1949 multis
992 1890 1218 1968 grandis
1249 1901 1475 1952 acervus
1507 1891 1627 1951 erit.

239 2006 361 2068 SED
390 2008 655 2090 quoniam
683 2032 865 2070 mores
895 2010 1156 2084 totidem,
1179 2011 1523 2093 totidemque
1554 2010 1771 2088 figurae,
1953 2026 2036 2082 425

235 2168 367 2207 nerem
371 2167 492 2221 finge
497 2168 644 2223 figura
665 2179 677 2205 :
697 2166 775 2209 sed
789 2167 819 2209 J
823 2167 939 2210 ureti
961 2166 1098 2210 codex

236 2241 280 2275 et
300 2233 492 2276 Puteani
516 2249 527 2276 2

465 2308 587 2339 Veneri
602 2319 735 2350 quoque
751 2309 851 2351 junge
863 2308 999 2349 figuram
1015 2334 1025 2349 ‚

277 2369 384 2409 Quam
401 2369 536 2400 minime
549 2369 643 2410 jungi
652 2394 665 2411 ,
678 2381 845 2412 quamque
862 2370 976 2401 decere
990 2377 1095 2412 puteS.

293 2432 388 2489 409.
410 2433 527 2473 Raro
541 2433 625 2473 tibi
636 2447 736 2474 vera
744 2429 951 2485 fatentur.
969 2434 1098 2475 Ram·

241 2497 496 2539 Puteaneus
529 2504 572 2539 et
604 2495 821 2540 editiones
852 2496 1094 2541 nonnullae.

241 2562 404 2619 Regius
418 2595 428 2615 ‚
446 2579 543 2605 rara
554 2567 621 2603 est
631 2565 696 2604 ibi
704 2578 814 2605 vera.
829 2562 949 2619 Lego
962 2595 973 2617 ,
992 2579 1097 2606 ναν-ιι·

238 2630 326 2669 sibi
341 2643 439 2669 veru
452 2660 462 2679 ‚
488 2635 532 2669 et
549 2625 609 2668 sic
626 2626 735 2669 alter
755 2627 932 2683 Regius.
949 2628 1097 2671 Blan-

240 2691 448 2745 diuntur,
471 2690 641 2747 inquit,
665 2690 744 2733 sibi
765 2699 808 2733 et
828 2692 958 2734 verba
977 2691 1095 2735 dant.

241 2757 431 2814 Vulgata
462 2756 593 2800 lectio
619 2755 726 2812 quid
757 2756 836 2799 sibi
867 2756 970 2799 velit
1001 2773 1095 2800 non

239 2822 382 2866 video.
406 2822 574 2865 Hssms.
763 2872 771 2879 ἱ

296 2891 344 2944 4ι
357 2906 390 2930 ι.
420 2890 536 2931 Tunc
554 2891 680 2930 eliam
690 2888 835 2943 jubeo.
856 2888 1020 2930 Jubeas
1042 2887 1096 2930 al-

243 2963 311 2998 ter
333 2954 511 3011 Regius.
533 2953 652 3011 Lego
669 2986 680 3009 ,
694 2953 884 3009 jubeam.
903 2953 1041 2996 IDEM.

295 3023 341 3076 41
352 3019 963 3077 3.Ρέ>ιιῖα.Ρνορεναίαςυίἆ3ηι
972 3019 1097 3076 scrip.

298 3087 392 3142 416.
422 3089 720 3142 Tacturusque.
742 3086 971 3129 Editiones
989 3085 1098 3142 pris-

243 3167 302 3195 cae
317 3160 360 3194 et
375 3160 462 3194 tres
475 3151 622 3207 scripti
637 3183 647 3203 ,
654 3150 960 3206 saclurusque;
980 3148 1097 3205 quod

243 3217 468 3275 quomodo
485 3217 663 3260 defendi
680 3226 823 3274 posset
843 3233 892 3259 ex
909 3217 959 3259 iis
972 3249 983 3270 ,
1002 3230 1098 3272 quae

243 3284 296 3326 ad
315 3283 515 3326 Petronii
537 3299 626 3339 cap.
651 3297 699 3325 1x
722 3291 765 3325 et
781 3295 968 3324 Lxxxvn
986 3315 997 3336 ,
1014 3296 1100 3324 no·-

236 3357 391 3391 >tax-unt
406 3348 486 3390 viri
499 3347 612 3390 docti
632 3380 643 3401 ,
664 3363 757 3390 non
778 3363 876 3391 sum
897 3347 1067 3391 nescius
1085 3364 1095 3398 3

243 3421 287 3456 et
325 3412 385 3454 ita
414 3412 546 3454 etiam
575 3412 689 3454 insra
722 3413 884 3455 Noster
917 3428 955 3454 v.
994 3427 1071 3470 779
1086 3443 1097 3464 ‚

245 3477 402 3520 eodem
418 3494 563 3531 sensu,
586 3480 705 3520 Fecit
723 3479 909 3520 Atrides.
925 3477 1099 3519 Tamen

1179 2166 1252 2211 bic
1285 2185 1335 2210 ex
1368 2183 1494 2210 more
1526 2165 1676 2211 Ovidii
1710 2166 1851 2224 repeti
1875 2165 2035 2210 debere

1179 2233 1303 2276 idem
1322 2232 1509 2276 verbum
1529 2230 1739 2275 existimo.
1760 2231 1924 2274 Btmm.

1236 2300 1331 2356 417.
1361 2299 1619 2353 Qua-cunque
1639 2300 1684 2339 in
1700 2312 1866 2351 corpore
1889 2299 2040 2340 menda

1180 2369 1256 2407 est.
1283 2365 1566 2419 Quodcunque
1590 2364 1781 2404 mendum
1803 2361 1967 2418 Regius
1994 2372 2039 2404 et

1179 2431 1434 2475 Puteaneus
1448 2463 1460 2485 ‚
1483 2446 1584 2474 cum
1606 2429 1745 2473 tribus
1763 2429 1865 2472 aliis.
1889 2429 2008 2487 Lego
2023 2464 2033 2482 ‚

1176 2498 1446 2552 quodcunque
1457 2498 1608 2538 mendi.
1627 2494 1808 2552 Septem
1826 2494 1895 2536 alii
1913 2498 2036 2550 quod-

1178 2577 1338 2617 cunque
1360 2563 1517 2604 menda·
1537 2565 1606 2602 est
1622 2576 1636 2602 :
1657 2559 1791 2602 etiam
1820 2559 1949 2602 bene.
1974 2560 2035 2602 H.

1189 2623 1196 2629 “
1234 2627 1327 2682 423.
1359 2628 1653 2682 Proeceptaque
1678 2627 1722 2667 in
1753 2641 1879 2668 unum
1915 2625 2033 2667 Con—

1178 2694 1306 2735 trahe.
1328 2694 1621 2746 Praeceplaque
1639 2694 1684 2733 in
1704 2706 1823 2733 usum
1845 2690 2030 2732 Putean.

1178 2772 1271 2801 non
1283 2773 1420 2799 unum.
1435 2758 1486 2798 ln
1498 2772 1624 2798 unum
1641 2756 1811 2809 Collige,
1838 2753 2032 2809 quinque

1178 2822 1327 2879 scripti
1347 2837 1356 2864 :
1364 2826 1644 2877 perceptuque
1660 2820 1794 2863 etiam
1811 2818 2036 2863 Leidensis

1180 2896 1223 2930 et
1244 2902 1400 2943 margo
1424 2885 1705 2929 Bersmanni.

1236 2954 1329 3007 424.
1348 2954 1538 2995 Grandis
1549 2967 1733 2995 acervus.
1742 2951 1936 3007 Magnus,
1948 2951 2037 3008 qui-

1181 3016 1285 3060 dam
1307 3033 1357 3059 ex
1374 3015 1641 3059 melioribus.

1236 3084 1329 3137 425.
1358 3083 1787 3138 Totidemquefiguroe'
1809 3080 1862 3124 In
1880 3081 2037 3124 Putea-

1180 3163 1268 3191 neo
1301 3155 1345 3190 et
1378 3162 1469 3189 uno
1499 3146 1704 3189 Leidensi
1735 3153 1861 3189 erat:
1895 3145 2038 3188 Mores

1179 3216 1349 3256 tolidem
1363 3247 1374 3264 ,
1406 3218 1507 3270 quo!
1532 3216 1576 3255 in
1613 3215 1710 3254 orbe
1722 3213 1887 3270 figuret.
1926 3213 2037 3265 Quia

1180 3284 1282 3322 sunl
1313 3295 1446 3321 mores
1462 3313 1472 3328 ‚
1517 3277 1733 3321 editiones
1770 3276 1961 3333 antiquae
1984 3283 2036 3318 et

1183 3344 1378 3401 quinque
1402 3343 1546 3399 scripti
1571 3351 1656 3385 ret
1675 3357 1777 3384 mox
1808 3341 1897 3384 duo
1930 3339 1999 3382 alii
2020 3372 2030 3392 ,

1181 3427 1262 3453 non
1292 3415 1392 3452 sunl
1403 3410 1587 3465 judicu&
1610 3412 1749 3451 omnia
1769 3410 1905 3463 dagnu-
1917 3408 2029 3448 mede,

1181 3476 1360 3519 Iudiciis
1384 3474 1515 3518 etiarn
1537 3473 1753 3516 nonnulli.
