2268 3776
197 272 308 341 426

665 274 731 324 P.
786 271 1086 328 OVIDII
1139 272 1523 329 NASONIS

196 387 484 451 Perfruere
514 410 690 470 usque
721 401 841 460 tua,
866 386 1023 447 nullo
1054 387 1420 470 prohibente,
1450 389 1636 473 puella
1662 416 1674 450 ε

277 483 380 543 Illa
410 484 514 543 tibi
543 499 735 544 noctes
767 483 1004 556 auferat,
1038 483 1133 544 illa
1163 485 1297 546 dies.

197 579 384 640 Taedia
414 603 620 662 quaere3
645 579 803 640 malis
832 580 1042 640 faciunt
1072 595 1125 640 et
1156 581 1316 642 taedia
1338 582 1521 644 finem.

279 678 405 736 Jam
437 701 686 759 quoque,
716 702 886 760 quum
917 678 1104 738 eredas
1135 702 1299 761 posse
1331 703 1537 755 carere,
1566 707 1743 743 mane.

1906 703 1987 759 540

201 774 352 833 Dum
379 774 523 833 bene
553 788 604 834 te
636 774 908 848 cumules,
937 791 992 836 et
1020 775 1181 857 eopia
1214 775 1373 836 tollat
1406 802 1676 854 amorem,

278 872 327 929 E
358 869 604 931 fastidita
633 895 749 931 non
775 872 929 953 juvet
958 872 1067 932 isse
1102 872 1316 947 domo„

200 972 293 1033 Fit
322 997 544 1056 quoque
573 973 776 1053 longus
811 999 990 1048 amor,
1019 1000 1182 1058 quem
1215 976 1522 1038 diffidentia
1550 979 1767 1040 nutrit:

286 1076 452 1136 Hunc
483 1091 542 1136 tu
577 1077 623 1137 si
655 1101 861 1160 quaeres
885 1103 1122 1161 ponere,
1151 1104 1299 1163 pone
1327 1096 1553 1142 metum.

206 1178 323 1259 Qui
354 1179 541 1252 timet,
569 1196 633 1240 ut
660 1205 758 1244 sua
787 1183 887 1255 sit,
914 1206 1024 1243 neu
1058 1184 1183 1266 quis
1214 1184 1326 1245 sibi
1359 1184 1611 1246 detrahat
1640 1184 1791 1246 illam
1811 1233 1824 1260 ,
1914 1204 1994 1261 545

284 1281 386 1344 Ille
414 1286 746 1349 Machaonia
774 1288 865 1347 vix
895 1312 1000 1371 ope
1031 1312 1198 1349 sanus
1231 1289 1352 1349 erit.

206 1382 341 1444 Plus
370 1402 516 1446 amat
544 1412 571 1447 e
602 1389 748 1449 natis
776 1404 951 1449 mater
976 1389 1304 1473 plerumque
1333 1390 1586 1464 duobUS‚

288 1488 399 1547 Pro
433 1489 589 1571 cujus
618 1491 829 1564 reditU‚
858 1492 1010 1575 quod
1042 1493 1184 1571 gerit
1213 1516 1360 1554 arma
1378 1540 1392 1565 ‚
1422 1494 1594 1554 timet.

208 1591 311 1650 Est
339 1615 515 1675 prope
542 1592 818 1656 Collinam
851 1594 1120 1679 templum
1150 1596 1462 1658 venerabile
1488 1611 1740 1680 portam:

290 1695 570 1777 Imposuit
598 1697 805 1782 templo
830 1699 1060 1760 nomina
1089 1698 1268 1760 celsus
1296 1702 1464 1784 Eryx.

207 1798 315 1857 Est
341 1797 454 1858 illie
482 1801 739 1862 Lethaeus
767 1803 972 1876 Amor,
1000 1804 1098 1886 qui
1126 1820 1354 1887 pectora
1383 1818 1566 1875 sanat;

290 1901 470 1984 Inque
500 1927 626 1964 suas
655 1904 890 1983 gelidam
916 1906 1196 1989 lampadas
1221 1907 1376 1967 addit
1405 1931 1622 1989 aquam.

212 2002 334 2065 Illic
364 2020 419 2065 et
441 2006 668 2087 juvenes
698 2009 844 2069 votis
876 2009 1084 2070 oblivia
1111 2024 1386 2093 poscunt3

272 2189 364 2244 537.
400 2190 525 2232 Utere
542 2198 586 2233 et
597 2207 724 2248 usque
738 2198 825 2235 tua.
844 2194 1009 2251 Regius
1023 2202 1067 2237 et

218 2253 471 2298 Puteaneus
491 2272 594 2299 cum
610 2266 801 2313 quatuor
815 2258 906 2302 aliis
926 2267 969 2301 et
983 2259 1068 2315 pri-

216 2335 290 2361 ma
318 2319 510 2363 editione
529 2354 540 2376 ,
563 2325 627 2364 Et
640 2323 814 2378 fruere:
836 2323 945 2367 alter
965 2324 1067 2367 Re-

218 2384 311 2441 gius
324 2417 335 2440 ,
348 2386 540 2441 infruere
553 2403 565 2429 .’
580 2386 669 2430 duo
684 2421 696 2444 ,
711 2393 775 2432 sic
777 2389 932 2444 fruere.
941 2389 1070 2432 'Scri-

216 2451 270 2494 be
283 2484 295 2507 ‚
318 2453 504 2508 [fruere.
525 2453 677 2498 Codex
694 2464 844 2499 tamen
861 2456 1069 2513 scaligeri

216 2526 262 2560 et
283 2536 397 2564 unus
416 2522 654 2566 Vaticanus
669 2557 681 2578 ,
703 2524 942 2580 Perfruere,
966 2540 1075 2581 quos

218 2600 393 2640 sequor.
426 2586 500 2630 Sic
521 2587 657 2644 Epist.
679 2602 769 2631 vnl
786 2621 798 2643 ‚
826 2589 904 2632 106
925 2604 935 2631 :

259 2655 421 2699 Perfi-uor
433 2656 548 2689 infelix
562 2656 713 2688 liberiore
730 2658 827 2691 malo.
896 2660 1031 2692 Hunis.

277 2718 371 2772 541.
401 2719 517 2761 Dum
537 2721 637 2762 bene
656 2723 696 2762 te
715 2723 926 2771 cumulas,
950 2728 994 2764 et
1005 2739 1078 2766 co-

215 2788 295 2839 pia
317 2786 432 2826 tollit
446 2799 641 2827 amorem.
665 2786 860 2827 Cumules
885 2793 930 2828 et
957 2790 1083 2829 tollat

221 2850 370 2907 scripti
386 2866 489 2893 cum
499 2850 642 2908 prima
653 2850 1079 2907 editione.Sequenti

222 2932 352 2959 versu
367 2948 379 2970 ‚
400 2932 481 2972 pro
502 2920 604 2959 libet
620 2932 732 2968 esse,
752 2924 922 2959 veteres
938 2915 1080 2973 pleri-

225 2998 310 3038 que
321 2983 449 3038 juret
472 2982 542 3025 vel
552 2982 684 3037 juvat
709 2996 721 3023 t
749 2981 826 3025 sed
848 2981 1051 3024 meliores
1066 3014 1077 3034 ‚

213 3048 348 3104 juvet.
374 3048 583 3106 Scaligeri
612 3047 748 3092 codex
769 3057 814 3091 et
842 3064 958 3092 unus
978 3049 1081 3090 Va-

225 3113 394 3158 ticanus
411 3147 422 3168 ‚
439 3114 706 3170 Infaslidita.
727 3114 871 3171 Lego,
896 3113 1082 3157 minima

226 3180 474 3223 mutatione
498 3196 509 3223 :

225 3257 316 3288 Dum
327 3255 409 3287 bene
422 3263 454 3287 te
470 3256 617 3287 cumules
627 3280 637 3295 ‚
652 3262 685 3287 et
701 3255 794 3297 copia
812 3256 904 3286 tollat
917 3266 1060 3286 amorem
1072 3278 1082 3294 ,

267 3318 295 3348 E
307 3316 454 3349 fastidita
466 3328 530 3348 non
545 3319 637 3359 juvet
652 3318 715 3348 isse
727 3317 835 3348 domo.

228 3379 320 3422 Pro
351 3380 415 3420 Et
438 3378 712 3435 reposuimus
729 3411 741 3432 ‚
764 3380 811 3420 E
820 3392 835 3430 ‚·
860 3394 940 3435 pro
964 3393 1082 3430 esse,

229 3448 344 3488 isse.-
364 3445 411 3487 in
433 3445 589 3501 quibus
607 3444 959 3501 frequentissime
981 3459 1084 3500 pec-

1149 2202 1251 2239 cant
1266 2193 1365 2236 libri
1379 2200 1568 2236 veteres:
1586 2199 1730 2234 cetera
1746 2189 2003 2233 auctoritate

1150 2259 1353 2304 codicum
1373 2258 1638 2314 scriptorum
1658 2256 1876 2298 nituntur.
1919 2255 1980 2298 H.

1207 2326 1302 2379 545.
1338 2325 1427 2378 Qui
1439 2328 1559 2366 timet
1577 2328 1626 2365 ut
1639 2338 1719 2364 sua
1737 2324 1818 2370 sit,
1842 2336 1895 2363 ne
1916 2323 2009 2376 quis

1152 2392 1243 2432 sibi
1254 2390 1481 2431 subtrahat
1495 2390 1627 2430 illam.
1642 2387 1856 2428 Detrahat
1870 2385 2012 2441 prima

1155 2455 1290 2505 editio
1313 2463 1358 2498 et
1379 2453 1577 2511 plerique
1609 2452 1769 2509 scripti.
1802 2452 1876 2495 Sic
1897 2451 2010 2494 Met.

1156 2522 1241 2575 VI,
1265 2520 1372 2563 386:
1397 2521 1585 2574 Quidme
1601 2519 1918 2572 mimda-trabis,
1942 2520 2012 2559 in-

1152 2589 1272 2643 quil?
1291 2586 1514 2629 Praeterea
1538 2581 1800 2642 legendum:

1157 2658 1224 2699 Qui
1238 2658 1344 2696 timet,
1352 2663 1389 2687 ut
1397 2667 1455 2686 sua
1463 2655 1518 2695 εἰη
1528 2653 1674 2696 neuquis
1683 2653 1747 2683 sibi
1753 2650 1901 2683 detrahat
1909 2650 1996 2680 illam
2003 2678 2011 2688 ,

1159 2720 1378 2763 Subtrabit
1393 2716 1499 2759 dixit
1521 2724 1671 2758 tamen
1689 2729 1805 2769 supr.
1824 2713 1918 2766 444.

1217 2783 1311 2838 546.
1349 2785 1433 2826 Vix
1450 2797 1527 2836 ope
1538 2794 1670 2822 sanus
1686 2782 1776 2820 erit.
1796 2776 1884 2819 Alii
1898 2774 2012 2830 libri,

1160 2853 1278 2890 tutus
1300 2864 1312 2890 :
1333 2863 1470 2896 unus,
1494 2847 1650 2888 salvus.
1682 2842 1773 2886 Sed
1795 2841 1859 2884 nil
1878 2848 2015 2883 muta.

1163 2912 1423 2965 Patavinus,
1445 2926 1577 2954 sanus
1598 2915 1699 2952 erat.
1721 2908 1840 2965 Lego
1856 2940 1868 2963 ,
1883 2922 2018 2950 sanus

1162 2986 1245 3023 eat.
1253 2978 1366 3021 Vide
1377 2979 1516 3022 Notas
1528 2977 1574 3019 in
1587 2975 1787 3032 Elegiam
1801 2974 1855 3017 de
1871 2981 2016 3016 morte

1164 3045 1331 3099 Drusi,
1356 3044 1436 3087 sub
1458 3043 1611 3086 finem.
1633 3042 1880 3085 HEINSIUS.

1220 3113 1313 3170 549.
1343 3112 1429 3153 Est
1438 3125 1569 3165 prope
1593 3110 1801 3151 Collinam
1823 3107 2018 3160 templum

1164 3180 1399 3222 venerabile
1421 3182 1617 3232 portam:
1636 3177 1844 3229 Imposuit
1868 3175 2019 3226 templo

1165 3247 1336 3286 nomina
1361 3246 1499 3286 celsus
1515 3244 1650 3299 Eryx.
1677 3240 1774 3282 Lib.
1798 3225 1880 3293 IV,
1906 3237 2020 3280 Fast.

1168 3309 1261 3366 871.
1281 3308 1443 3351 Strabo
1464 3306 1535 3349 lib.
1558 3320 1620 3350 vr.
1645 3303 1778 3348 CloF.

1236 3376 1330 3417 551.
1368 3375 1547 3415 Pectora
1579 3375 1720 3413 sanat.
1752 3371 1876 3412 Fovit
1904 3381 2018 3408 unus

1170 3439 1358 3484 Heinsii.
1388 3441 1570 3484 Vulnera
1589 3440 1720 3480 sanat
1734 3467 1745 3487 ‚
1778 3433 1884 3477 alius
1903 3446 2019 3474 mox.
