2268 3776
606 270 998 328 AMORUM
1038 272 1087 326 1.
1142 271 1389 328 ELEG.
1444 272 1555 329 IV.
1904 273 1967 326 15

292 385 533 448 Pendeat
561 400 798 446 extrema
822 384 1006 446 mollis
1035 386 1104 446 ab
1134 409 1260 447 aure
1283 409 1476 447 manus
1501 410 1514 446 ε

214 481 402 562 Quum
424 480 550 554 tibi,
580 504 699 563 quae
716 479 934 553 faciam,
969 504 1089 542 mea
1106 480 1225 554 lux,
1250 481 1514 555 dicamve,
1542 478 1866 564 placebunt,
1918 499 1971 542 25

294 578 553 647 Versetur
580 575 768 654 digitis
797 575 1033 637 annulus
1061 600 1238 660 usque
1268 577 1397 637 tuis.

213 673 399 751 Tange
428 694 591 732 manu
620 694 885 744 mensam,
918 696 1030 756 quo
1062 687 1296 752 tangunt
1324 695 1476 734 more
1502 685 1819 756 precantes,

295 766 534 850 Optabis
564 766 760 827 merito
789 789 960 851 quum
989 767 1131 828 mala
1156 766 1329 828 multa
1357 767 1492 828 viro.

216 861 520 942 Quod·tibi
548 862 853 935 miscuerit,
886 862 1089 947 sapias,
1120 864 1280 924 bibat
1306 864 1451 948 ipse,
1479 863 1671 946 jubeto
1697 888 1711 925 ε

293 960 381 1020 Tu
410 983 641 1043 puerum
667 959 857 1022 leviter
882 984 1074 1045 posce,
1107 959 1259 1043 quod
1283 960 1405 1044 ipsa
1431 959 1581 1021 veliS.
1924 979 1978 1022 3ο

216 1057 356 1138 Quae
383 1071 443 1118 tu
469 1057 800 1131 reddideris,
833 1082 935 1137 ego
965 1057 1176 1142 primus
1205 1057 1404 1142 pocula
1436 1081 1679 1133 sumam;

293 1155 370 1215 Et
399 1177 507 1237 qua
536 1168 596 1215 tu
622 1153 860 1227 biberis,
891 1153 991 1215 hac
1018 1178 1121 1233 ego
1151 1169 1305 1237 parte
1334 1153 1540 1215 bibam.

217 1249 410 1311 Si'tibi
437 1249 578 1312 forte
609 1250 787 1323 dabit,
822 1274 963 1334 quos
993 1250 1407 1335 praegustaverit
1433 1250 1586 1334 ipse,

298 1347 484 1430 Rejice
511 1347 714 1409 libatos
741 1346 892 1408 illius
920 1371 1013 1408 ore
1045 1347 1216 1408 cibos.

218 1443 332 1508 Nec
361 1460 575 1529 premat
603 1444 858 1527 indignis
875 1445 1045 1505 sinito
1075 1460 1169 1506 tua
1196 1443 1336 1505 colla
1365 1443 1618 1517 lacertis;
1931 1460 1986 1504 35

254 1559 257 1566 '
303 1540 446 1602 Mite
474 1564 574 1602 nec
601 1541 660 1600 in
687 1540 868 1619 rigido
897 1555 1119 1624 pectore
1147 1562 1293 1622 pone
1317 1553 1511 1621 caput;

225 1639 340 1700 Nec
368 1638 521 1699 sinus
548 1637 799 1699 admittat
825 1637 1031 1714 digitos
1048 1683 1063 1710 ‚
1095 1634 1374 1696 habilesve
1403 1633 1621 1718 papillae
1650 1656 1666 1694 ε

308 1732 515 1795 Oscula
541 1732 813 1816 praecipue
839 1730 991 1792 nulla
1018 1731 1230 1792 dedisse
1255 1728 1405 1791 velis,

226 1915 316 1960 Sed
340 1915 394 1961 ad
419 1923 590 1975 gestum
617 1916 951 1975 exprimendum
979 1916 1066 1962 Dei

226 1981 477 2027 citharaedi.

278 2063 343 2104 27.
373 2049 515 2104 Tange
525 2062 650 2091 manu
662 2064 847 2092 mensam
857 2082 867 2098 ‚
885 2064 964 2107 quo
976 2053 1067 2092 lan-

220 2115 328 2167 gunt
354 2128 465 2156 mom
490 2117 723 2169 precantes.
759 2113 828 2157 De
864 2130 951 2170 quo
980 2114 1068 2158 ritu

224 2175 449 2233 complura
465 2175 634 2221 erudite
653 2177 851 2222 observat
871 2178 1066 2223 Macrob.

227 2239 404 2284 Saturn.
425 2253 482 2284 111
498 2273 510 2296 ,
541 2257 631 2299 cap.
658 2226 728 2285 lfl.
765 2242 923 2286 Mensa
947 2244 1068 2286 enirn

228 2304 500 2362 epulantibus
511 2322 590 2362 pro
603 2321 676 2349 ara
688 2306 789 2349 suit:
803 2306 904 2349 hinc
916 2315 960 2349 et
968 2307 1069 2349 vina

228 2368 276 2410 in
304 2384 503 2414 mensam
528 2369 798 2413 libabantur:
825 2369 943 2412 idem
967 2371 1070 2413 Ma-

230 2432 348 2476 crob.
360 2432 430 2476 lib.
441 2447 500 2476 111
512 2466 524 2489 ,
540 2449 630 2490 cap.
644 2449 705 2477 x1.
721 2434 933 2491 Sequenti
944 2451 1072 2479 versu

230 2494 327 2554 lege
341 2528 355 2554 ,
389 2499 580 2552 optaris,
605 2514 706 2542 cum
731 2515 824 2542 uno
846 2500 1072 2543 Vaticano.

288 2578 355 2621 ²9·
373 2563 537 2618 Sepias.
550 2563 641 2606 Pro
654 2568 699 2605 si
705 2569 851 2619 sapias
866 2580 878 2606 .·
894 2573 943 2608 ut
956 2574 1073 2609 recte

150 2649 153 2653 ·
233 2625 478 2670 Priscianus
494 2626 599 2669 illud
621 2627 914 2671 Horatianum
935 2630 1076 2673 inter-

234 2698 429 2748 pretatur
441 2723 454 2745 ,
474 2692 647 2747 sapias,
661 2695 764 2734 vina
774 2695 907 2749 liques
921 2710 933 2736 :
945 2693 1015 2737 lib.
1031 2707 1048 2736 1
1060 2723 1073 2747 ,

237 2755 326 2800 Od.
347 2769 410 2810 11;
432 2764 478 2800 et
498 2757 617 2800 Pers.
637 2756 729 2800 Sat.
748 2771 802 2813 v,
818 2775 926 2802 vers.
946 2759 1019 2817 157
1036 2776 1047 2804 z

234 2832 344 2873 Euge,
361 2842 455 2874 puer,
467 2832 584 2874 sapias,
600 2830 661 2864 Dis
672 2832 906 2876 depellentibus
921 2845 1034 2874 aguam

234 2891 380 2926 Pet-oute.
858 2895 991 2926 limus.

289 2952 358 2996 3ο.
375 2954 477 3008 Ipsa
490 2956 618 2997 voles.
649 2956 764 2998 Velis
778 2963 875 2998 octo
890 2955 998 2998 libri.
1015 2955 1076 2999 H

206 3033 212 3039 ⁴
289 3015 356 3060 33.
375 3018 427 3060 Si
436 3019 643 3074 tibiforte.
655 3019 728 3064 Sic
737 3020 972 3078 legendum
987 3031 1072 3076 est,

236 3081 420 3123 omnino
433 3115 446 3136 ,
473 3097 564 3125 non
583 3090 695 3127 ,5er
712 3118 723 3133 .
745 3093 794 3128 ut
814 3086 1002 3142 quidam.
1021 3110 1076 3119 —

242 3149 677 3204 Quospmgustaoen't.
690 3153 815 3204 Quod
828 3153 1076 3196 Puteaneus

237 3228 340 3256 cum
365 3213 454 3256 aliis
481 3215 714 3258 nonnullis.
735 3216 900 3262 Hssms.
929 3218 988 3261 Et
1016 3219 1075 3261 ita

238 3278 624 3323 Francosurtensis.

294 3343 361 3386 35.
379 3346 471 3389 Nec
481 3350 649 3399 premat
658 3346 842 3400 indignis·
860 3351 986 3390 sinito
1001 3353 1078 3391 tua

241 3410 353 3452 colla
377 3411 558 3453 Iacerlzlr.
592 3410 694 3454 Non
710 3411 946 3453 'moverem
959 3427 1074 3455 con-

1147 1916 1401 1962 troversiam
1417 1915 1519 1960 huic
1531 1914 1705 1960 lectioni
1720 1948 1733 1972 ,
1754 1914 1837 1959 nisi
1854 1914 1993 1959 varia·

1147 1991 1251 2027 rent
1269 1981 1436 2026 codices
1448 2015 1460 2036 ,
1485 1997 1675 2039 quorum
1697 1997 1794 2038 pars
1806 1996 1963 2038 magna
1978 2013 1992 2035 ,

1147 2050 1238 2091 Nec
1241 2052 1410 2103 premat
1414 2050 1489 2090 ille
1495 2051 1584 2090 suls
1595 2063 1607 2089 :
1620 2046 1819 2090 meliores
1827 2054 1971 2089 tamen
1979 2078 1993 2101 ,

1147 2117 1240 2159 Nec
1259 2118 1429 2169 premat
1449 2116 1657 2168 imposim·
1677 2129 1690 2155 .·
1709 2120 1839 2156 recte.
1875 2112 1995 2155 lnsra

1147 2179 1219 2222 lib.
1241 2191 1279 2220 n
1294 2210 1307 2232 ,
1331 2177 1451 2234 Eleg.
1474 2192 1550 2220 xv1
1566 2210 1578 2231 ,
1609 2194 1647 2219 v.
1670 2192 1751 2236 29:

1148 2249 1202 2280 Tu
1219 2248 1337 2280 nostri·
1350 2248 1461 2278 niveo·
1476 2247 1620 2277 humeris
1642 2247 1774 2290 irnpone
1787 2247 1933 2277 lacertos.

1149 2307 1223 2352 Sic
1244 2309 1356 2351 Fast.
1375 2306 1484 2350 libro
1505 2319 1563 2357 11,
1587 2306 1668 2348 803
1689 2322 1700 2349 :

1277 2376 1392 2408 Positis
1406 2382 1538 2415 urgetur
1550 2381 1678 2416 pectora
1690 2374 1819 2415 palmis.
1840 2374 1973 2405 ΗΙΙΙΙ.

1153 2435 1284 2495 Apud
1303 2436 1491 2480 Statium
1507 2443 1655 2479 tamen
1673 2434 1812 2478 Theb.
1827 2448 1872 2489 v,
1891 2434 1971 2477 216
1983 2467 1995 2487 ,

1152 2501 1208 2544 de
1229 2500 1408 2544 Helimo
1420 2532 1433 2554 ‚
1464 2501 1515 2542 ab
1547 2514 1679 2542 uxore
1705 2497 1851 2556 Gorge
1880 2499 1997 2541 inter

1153 2565 1400 2623 complexus
1419 2566 1557 2609 occiso
1575 2582 1586 2609 :

1580 2635 1641 2666 Per
1654 2645 1822 2665 mumur-
1831 2634 1959 2675 Gorgen

1154 2697 1277 2737 Qum-it
1286 2721 1298 2737 ‚
1309 2704 1341 2729 et
1356 2698 1492 2739 indigno
1507 2707 1572 2728 non
1587 2697 1684 2727 solvit
1698 2695 1827 2726 brachia
1840 2697 1935 2727 cono.

1155 2757 1214 2802 Et
1224 2758 1381 2815 passim
1390 2758 1551 2802 Noster
1563 2756 1642 2800 hac
1654 2772 1759 2799 voce
1770 2790 1781 2805 ,
1801 2772 1880 2812 pro
1889 2761 2006 2812 tuqn·

1155 2830 1199 2865 et
1218 2822 1413 2878 defomn',
1436 2838 1519 2865 non
1535 2826 1824 2869 conveniente,
1848 2822 1999 2865 utitur.

1208 2887 1274 2930 38.
1296 2889 1481 2931 Dedisse
1500 2890 1621 2929 velis.
1652 2888 1805 2934 Velim,
1829 2886 1998 2943 Neapo-

1154 2951 1312 2996 litanus
1324 2962 1369 2997 et
1380 2953 1685 2996 Sarravianus:
1702 2951 1818 3007 quod
1836 2952 1973 3008 placet
1987 2969 1998 2996 :

1155 3033 1256 3060 mox
1281 3035 1470 3067 manum,
1502 3019 1751 3061 Puteaneus
1779 3027 1823 3060 et
1850 3019 1997 3060 Aron-

1155 3082 1351 3126 delianus
1366 3116 1377 3137 ,
1409 3098 1488 3139 pro
1517 3099 1676 3125 manus.
1710 3083 1875 3127 Hems.
1906 3080 1997 3126 Sed

1154 3163 1303 3190 manus
1322 3148 1419 3190 alibi
1441 3147 1546 3190 dixit
1568 3147 1648 3204 Ep.
1674 3161 1762 3190 vnl
1776 3181 1788 3202 ‚
1818 3147 1866 3190 16
1886 3161 1896 3186 ἰ

1195 3218 1298 3258 Injiee
1319 3228 1384 3248 non
1401 3218 1531 3250 timidas
1547 3220 1580 3249 in
1592 3226 1648 3249 tun
1661 3220 1736 3260 jura
1750 3229 1875 3249 manus.

1156 3279 1313 3323 Horat.
1334 3279 1443 3323 libro
1464 3295 1506 3334 1,
1530 3279 1618 3324 Od.
1645 3298 1692 3337 17
1708 3314 1720 3335 ‚
1742 3297 1851 3323 vers.
1871 3281 1923 3322 25
1944 3294 1956 3320 :

1476 3378 1514 3387 ...
1536 3355 1589 3388 Ne
1606 3357 1687 3386 mule
1700 3356 1824 3396 dispari

1277 3417 1514 3449 lucontiuentes
1532 3417 1659 3458 injiciat
1673 3428 1799 3448 manus.
